1849 3198
592 204 935 247 HEROIDES.
970 206 1061 245 ΕΡ.
1097 206 1242 247 ΧΧΙ.

1533 210 1617 251 287

230 317 464 364 Protinus
484 335 697 381 egressae
721 319 941 383 SuperiS‚
965 322 1148 383 quibus
1170 321 1332 369 insula
1358 339 1498 371 sacra
1522 332 1614 380 est,

295 394 332 440 F
338 395 445 442 lava
469 397 693 443 salutatis
714 403 824 443 tura
849 412 1141 459 merumque
1167 398 1359 447 damus,

230 470 466 534 Dumque
491 488 670 536 parens
696 489 804 520 aras
829 473 992 519 votivo
1019 475 1260 535 sanguine
1284 475 1482 537 tinguit,

297 549 547 612 Festaque
571 550 777 597 fumosis
802 550 983 613 ingerit
1007 557 1125 597 exta
1148 550 1271 597 focis
1293 570 1303 605 ;

230 625 417 672 Sedula
440 642 519 673 me
545 627 711 673 nutrix
737 627 858 674 alias
885 642 1087 690 quoque
1112 627 1251 674 ducit
1276 628 1326 674 in
1352 629 1501 685 aedes,
1554 633 1617 677 95

296 701 634 766 Erramusque
653 719 777 765 vago
803 720 892 767 per
915 704 1026 751 loca
1050 720 1192 752 sacra
1216 705 1362 768 pede.

231 777 298 826 Et
321 781 467 827 modo
492 780 767 844 porticibus
794 780 996 844 spatior,
1025 782 1172 828 modo
1198 797 1404 828 munera
1429 798 1601 844 regum

298 855 453 904 Miror
476 875 485 904 :
526 864 576 904 et
600 857 649 903 in
675 857 868 904 cunctis
895 857 1078 904 stantia
1105 857 1248 919 signa
1270 858 1410 905 locis.

232 933 387 980 Miror
411 942 462 981 et
486 935 755 982 innumeris
782 942 1021 982 structam
1047 936 1109 982 de
1134 935 1366 982 cornibus
1393 952 1543 992 aram,

298 1010 364 1058 Et
388 1012 451 1058 de
477 1012 576 1075 qua
601 1012 798 1075 pariens
824 1014 999 1060 arbore
1025 1013 1143 1061 nixa
1169 1013 1279 1060 Dea
1303 1021 1395 1060 est.

1530 1017 1621 1061 100

233 1086 298 1133 Et
323 1104 436 1150 quae
464 1096 706 1152 praeterea
731 1090 918 1152 <neque
951 1090 1082 1136 enim
1111 1091 1391 1145 meminive,
1421 1091 1618 1147 libetve,

299 1163 558 1228 Quidquid
583 1165 650 1211 ibi
675 1165 790 1220 vidi,
818 1166 1007 1227 dicere)
1036 1166 1188 1214 Delos
1214 1168 1380 1214 habet.

234 1240 460 1288 Forsitan
485 1242 590 1289 haec
618 1250 868 1305 spectans,
897 1260 925 1290 a
950 1251 998 1291 te
1025 1245 1305 1308 spectabar‚
1334 1245 1542 1298 Aconti;

297 1318 518 1383 Visaque
544 1321 838 1383 simplicitas
865 1329 941 1368 est
965 1338 1077 1369 mea
1101 1337 1248 1385 posse
1275 1322 1401 1385 capi.

233 1395 291 1442 In
316 1398 558 1460 templum
584 1399 749 1454 redeo,
777 1400 1012 1461 gradibus
1038 1399 1265 1454 sublime,
1296 1399 1487 1446 Dianae.
1534 1403 1622 1447 105

298 1473 470 1521 Tutior
495 1475 589 1522 hoc
616 1477 790 1538 ecquis
817 1477 991 1523 debuit
1016 1492 1125 1523 esse
1150 1476 1288 1523 locus
1309 1476 1326 1521 ἲ

236 1549 454 1598 Mittitur
479 1560 593 1600 ante
619 1553 774 1615 pedes
806 1554 1006 1608 malum,
1035 1570 1148 1599 cum
1175 1553 1392 1600 carmine
1418 1554 1520 1600 tali.

301 1626 398 1674 Hei
423 1629 569 1675 mihi!
603 1631 764 1692 juravi
791 1647 920 1677 nunc
949 1647 1149 1693 quoque
1176 1647 1303 1694 pene
1329 1631 1435 1677 tibi.

274 1766 328 1796 99.
364 1767 406 1797 De
435 1768 604 1808 cornibus]
647 1769 719 1799 Non
749 1780 807 1809 ego
837 1769 893 1800 hoc

233 1815 299 1845 loco
325 1815 425 1856 plura,
441 1828 536 1858 quam
560 1828 628 1858 qua:
657 1818 831 1849 Politianus
856 1818 894 1849 de

232 1873 286 1894 ara
302 1864 388 1894 Delii
410 1865 577 1907 Apollinus
595 1876 632 1896 ex
652 1866 798 1897 cornibus
813 1867 895 1897 facta

233 1911 457 1953 frequentibus,
484 1914 612 1949 addam,
639 1915 678 1945 ad
706 1915 795 1946 illum
824 1915 893 1946 dili-

231 1966 358 2000 gentem
388 1962 537 1993 lectorem
565 1963 753 2003 relegamus.
785 1964 895 1994 Eos-..i-

233 2021 319 2040 τινε.
367 2011 442 2042 Vid.
467 2011 657 2042 Callimacli.
685 2013 779 2053 Hym.
803 2013 896 2054 Apol.

234 2059 287 2088 68.
309 2065 341 2090 et
364 2070 431 2101 seq.
449 2066 479 2090 et
500 2060 531 2090 in
547 2060 623 2091 Del.
642 2061 717 2091 319.
735 2067 765 2091 et
781 2060 823 2091 ibi
846 2062 893 2092 in-

231 2114 392 2150 terpretes.
440 2109 580 2150 Hesych.
605 2110 636 2140 in
667 2109 777 2148 Δήλου
801 2112 896 2148 κακὸς

233 2158 353 2199 βωμός.
369 2158 489 2189 AElian.
506 2159 582 2190 Κάν.
600 2159 684 2189 Uist.
703 2170 734 2190 v.
752 2161 800 2190 14.
826 2160 894 2201 Hy-

234 2208 299 2247 gin.
317 2208 394 2237 Fab.
415 2208 485 2238 140.
501 2214 532 2238 et
544 2208 690 2239 Politian.
702 2209 828 2239 Miscel.
844 2211 896 2240 52.

234 2256 418 2297 Anonymus
433 2257 471 2287 de
493 2256 730 2288 incredibilibus
752 2258 791 2288 ab
808 2258 895 2288 Alla-

234 2305 275 2335 tio
292 2305 404 2336 editus.
416 2316 490 2348 pag.
504 2308 558 2337 28.
576 2317 613 2337 ex
630 2307 746 2337 dextris
762 2308 895 2338 ferarum

234 2354 389 2390 cornibus,
408 2365 477 2396 quae
500 2367 560 2386 uno
583 2356 633 2386 die
657 2367 745 2386 caesoe
763 2357 894 2391 fuerant,

233 2408 423 2434 exstructam
436 2411 552 2436 narrat.

283 2453 353 2483 100.
380 2454 520 2494 Arboua]
539 2454 639 2485 Olivae
655 2455 833 2496 palmaeque
849 2465 896 2485 ar-

234 2502 350 2537 borem,
367 2501 417 2533 eui
433 2503 553 2533 Latona
575 2503 699 2545 pariens
714 2503 821 2533 innixa
840 2509 896 2537 est,

236 2550 336 2582 innuit
349 2551 427 2592 ipse.
444 2551 500 2582 lib.
518 2551 560 2582 vi.
577 2553 709 2583 Metam.
725 2553 798 2582 335.

282 2599 352 2630 Illic
366 2602 537 2631 incumbens
552 2613 618 2631 cum
638 2602 772 2632 Palladis
795 2602 898 2630 arbore

323 2650 440 2688 palmoe.

238 2697 297 2727 Sed
315 2698 500 2729 Plutarchus
517 2698 645 2729 fontium
662 2699 736 2729 facit
759 2699 824 2729 haec
846 2710 897 2729 no-

240 2746 331 2781 mina,
366 2747 548 2788 objectaque
592 2748 704 2777 Latous·
747 2748 898 2778 Draconis

963 1769 1066 1811 specie
1083 1769 1292 1811 praecipitasse
1309 1780 1375 1800 sese
1392 1770 1431 1800 de
1448 1780 1523 1801 saxo
1539 1770 1625 1801 terri-

964 1824 1040 1848 tam.
1080 1818 1200 1849 Graecis
1215 1818 1283 1849 haec
1300 1818 1460 1850 autoribus
1475 1819 1623 1850 decanta-

965 1867 1083 1898 tissima
1098 1873 1185 1898 sunt.
1232 1868 1362 1898 Rosa-r.

1012 1917 1084 1947 107.
1113 1916 1188 1946 Cum
1208 1919 1341 1947 carmine
1363 1916 1450 1957 tali.]
1478 1917 1626 1948 Graecum

965 1965 1058 1996 fuisse
1068 1971 1198 2007 apparet
1209 1976 1335 1996 carmen
1344 1964 1422 1995 illud
1434 1977 1439 1994 :
1452 1965 1506 1996 sed
1518 1967 1624 2007 quale,

966 2015 1115 2045 hactenus
1140 2025 1230 2045 nemo
1254 2014 1394 2050 tradidit,
1411 2014 1485 2055 quia
1500 2015 1567 2056 ipsa
1581 2016 1626 2046 fa-

965 2063 1038 2094 bula
1067 2063 1145 2093 alias
1170 2074 1323 2104 nusquam
1346 2063 1428 2093 clare
1456 2069 1510 2093 aut
1533 2065 1625 2105 plene

965 2118 1098 2142 tractata
1122 2117 1220 2142 extat.
1249 2111 1350 2142 Latini
1375 2112 1567 2154 interpretes,
1592 2120 1626 2144 ut

965 2161 1062 2197 vide÷‚
1101 2160 1234 2192 variant.
1300 2161 1435 2192 Volscus
1471 2161 1626 2194 distichon

965 2210 1123 2251 quoddam
1138 2210 1330 2251 incomptum
1347 2210 1465 2251 allegat
1479 2222 1484 2238 ε

1008 2260 1077 2291 (Me
1103 2261 1155 2289 tibi
1183 2266 1347 2300 nupturam
1364 2259 1447 2300 felix
1474 2267 1521 2290 eat
1544 2272 1625 2291 ornem

1019 2300 1021 2302 .
1095 2310 1202 2339 Aconti

1054 2358 1154 2388 ‚Testor
1163 2370 1249 2399 quam
1260 2360 1382 2390 colimus
1390 2360 1508 2389 nomina
1519 2370 1628 2400 magna

1094 2408 1196 2445 Dete.)

967 2455 1058 2492 Quod
1081 2461 1112 2486 et
1132 2456 1190 2498 ipsi
1214 2455 1360 2497 Epistolae
1385 2456 1510 2486 Acontii
1531 2457 1625 2489 inser-

966 2510 1031 2533 tum
1070 2503 1199 2544 quidam
1237 2505 1366 2536 habent.
1434 2505 1627 2538 Hubertinus

966 2551 1060 2582 etiam
1075 2553 1213 2594 putidius
1226 2553 1384 2594 quoddam
1399 2553 1510 2584 recitat
1523 2567 1528 2583 z

1009 2600 1087 2629 ,Iuro
1116 2603 1169 2631 tibi
1197 2613 1267 2632 sane
1303 2614 1355 2641 per
1388 2604 1512 2643 mystica
1541 2615 1624 2633 sacra

1056 2650 1172 2685 Diatztr,

1015 2699 1062 2728 ,Ην
1081 2701 1133 2729 tibi
1148 2708 1304 2730 renem-am
1330 2702 1457 2730 comitem
1480 2713 1625 2739 sponsam-

1054 2749 1272 2788 que-suturam.
