1849 3198
650 224 996 269 HEROIDES.
1029 226 1122 268 ΕΡ,
1155 226 1192 268 Ι.
1590 229 1618 269 ’7

231 341 333 389 Sed
358 341 478 388 mihi
496 341 615 404 quid
639 341 844 405 prodest
866 341 1041 390 vestris
1066 341 1276 404 disjecta
1298 342 1496 391 lacertis

295 418 447 466 Ilios?
475 424 540 475 et,
567 433 735 465 murus
761 417 896 481 quod
919 417 1011 465 fuit
1035 424 1165 475 ante,
1193 419 1380 468 solum:

229 494 283 542 Si
308 511 500 552 maneo,
528 495 687 559 qualis
719 494 761 542 T
764 496 870 559 roja
892 495 1101 543 durante
1124 496 1416 555 manebam3

293 572 481 636 Virque
505 573 641 629 mihi,
667 572 836 620 demto
860 572 958 619 fine
982 572 1241 629 carendus,
1269 574 1418 622 abes?

1554 578 1619 623 50

227 649 405 698 Diruta
428 657 543 698 sunt
561 650 683 707 aliis,
711 650 794 697 uni
819 650 940 697 mihi
964 649 1213 714 Pergama
1235 658 1450 710 restant3

294 726 465 775 Incola
487 728 682 792 captivo
708 744 819 791 quae
843 728 970 776 bove
992 727 1148 776 victor
1172 735 1293 776 arat.

224 803 255 851 J
260 821 338 852 am
363 821 507 869 seges
544 812 620 853 est
643 805 728 852 ubi
753 805 902 869 Troja
924 805 1032 863 fuit,
1053 807 1426 870 resecandaque
1449 806 1576 855 falce

293 881 533 930 Luxuriat
556 882 779 947 Phrygio
806 884 1046 947 sanguine
1071 883 1269 948 pinguis
1294 884 1490 932 humus.

228 959 565 1025 Semisepulta
586 961 743 1008 virum
769 962 929 1009 curvis
954 960 1194 1009 feriuntur
1218 961 1391 1009 aratris

1552 966 1614 1011 55

294 1037 451 1086 Ossa:
491 1038 714 1087 ruinosas
740 1039 922 1087 occulit
946 1041 1101 1087 herba
1124 1040 1314 1087 domos.

223 1113 396 1162 Victor
420 1116 568 1175 abes3
601 1133 692 1164 nec
718 1117 845 1165 scire
870 1117 1005 1175 mihi,
1034 1134 1145 1182 quae
1171 1133 1351 1165 caussa
1374 1119 1612 1176 morandi,

289 1191 392 1240 Aut
415 1193 465 1240 in
491 1210 589 1257 quo
614 1195 769 1242 lateas
794 1194 980 1242 ferreus
1006 1195 1142 1251 orbe,
1168 1195 1300 1242 licet.

225 1267 464 1333 Quisquis
489 1271 552 1317 ad
575 1271 682 1318 haec
706 1272 852 1319 vertit
876 1272 1188 1336 peregrinam
1212 1272 1356 1320 litora
1387 1273 1612 1337 puppim,

291 1346 382 1395 Ille
405 1348 525 1396 mihi
549 1349 611 1396 de
636 1357 685 1397 te
710 1351 866 1398 multa
882 1357 1082 1414 rogatus
1108 1350 1226 1397 abit.

222 1443 365 1474 Francos.
391 1443 526 1475 codices.
553 1455 624 1475 mea
645 1445 800 1476 sententia
822 1446 886 1477 ele-

220 1493 354 1533 gantius,
371 1493 445 1524 dum
459 1493 668 1524 Telemachus
689 1505 799 1537 nempe
815 1506 885 1526 nar-

220 1547 278 1578 rat,
289 1547 320 1572 te
336 1543 461 1574 rediisse
473 1542 506 1573 in
521 1549 622 1574 castra
636 1543 749 1574 amica.
766 1545 884 1575 Bumr.

266 1591 430 1633 Ismariis]
477 1592 636 1623 Thraciis.
675 1599 722 1624 est
754 1594 887 1626 Ismaros

222 1652 310 1672 mons
325 1648 357 1674 et
371 1643 444 1674 urbs
457 1642 612 1673 Thraciae.
650 1642 738 1673 Axr.

265 1691 320 1723 47.
345 1692 507 1733 Disjecta]
536 1691 612 1723 Vid.
625 1692 665 1723 ad
679 1693 813 1723 Metam.
830 1691 885 1724 xii.

226 1742 301 1772 108.

265 1792 319 1822 48.
346 1790 447 1832 Ilios.]
481 1791 563 1822 Ilion
587 1791 755 1833 legendum
779 1797 885 1822 censet

219 1842 289 1873 Jos.
313 1841 451 1882 Scaliger
479 1841 627 1872 feminino
657 1852 781 1883 genere,
803 1841 884 1872 sicut

223 1890 361 1927 Graium,
373 1896 405 1921 et
418 1893 503 1932 regia
516 1891 660 1927 Pleuron,
670 1890 752 1933 apud
762 1890 883 1921 Silium.

221 1945 254 1971 et
263 1941 375 1971 Dorica
386 1941 489 1971 Ancon
501 1940 582 1982 apud
593 1940 741 1971 Juvenal.
754 1941 884 1971 Bnnsn.

221 1988 272 2020 Sic
303 1988 387 2031 apud
412 1990 582 2020 Homerum
601 1988 708 2027 Ἴλιος
733 1988 801 2031 ἱερὴ
824 2000 886 2020 non

222 2049 284 2069 uno
305 2038 384 2075 loco,
399 2044 430 2069 et
446 2037 551 2076 Ἴλιος
572 2037 716 2077 αἰπείνη,
738 2045 769 2069 et
783 2037 887 2076 Ἴλιος

222 2087 405 2130 ὀφρυόεσσα
426 2087 620 2130 κατήριπεν,
637 2088 669 2118 in
686 2087 886 2129 Anthologia‚

224 2136 315 2177 Trqja
337 2138 461 2177 superba
476 2139 555 2168 ruit.
575 2137 729 2178 quomodo
745 2143 776 2168 et
792 2137 886 2168 Ilium

221 2188 377 2226 superbum
399 2187 544 2229 Virgilio.
594 2187 724 2218 Horatio
753 2199 811 2218 non
839 2199 883 2218 se-

221 2237 278 2267 mel
298 2236 369 2268 Ilios
390 2243 505 2274 vexata,
525 2242 556 2268 et
578 2236 611 2267 in
637 2236 807 2268 Catalectis
830 2237 883 2268 Pi-

222 2285 317 2317 thoei:

267 2334 338 2365 Ilios
352 2346 389 2365 en
403 2336 501 2376 surgit
516 2345 637 2365 rursum
652 2335 780 2376 inclyta.

223 2384 338 2415 Noster
347 2384 404 2415 lib.
415 2384 438 2415 i.
453 2383 549 2420 Artis,
567 2384 642 2415 363.

269 2433 355 2464 Tunc
367 2444 435 2463 cum
447 2434 540 2463 tristis
553 2439 618 2464 erat
628 2432 751 2476 dofensa
761 2439 802 2464 est
814 2432 885 2464 Ilios

309 2493 412 2513 armzs.

223 2532 274 2562 Ita
299 2531 382 2562 enim
405 2530 560 2562 veterrimi
586 2531 721 2563 codices.
746 2531 882 2562 Metam.

223 2581 288 2612 xiv.
312 2587 464 2621 postquam
489 2582 553 2611 alta
575 2587 706 2612 cremata
733 2587 775 2611 est
798 2580 882 2611 Ilios.

223 2629 268 2661 sic
290 2629 416 2660 Neriton
435 2640 522 2660 mons
546 2630 664 2661 Ithacae
688 2629 771 2672 apud
794 2629 881 2660 Grae-

224 2689 286 2716 cOS,
303 2690 372 2721 quae
389 2679 508 2710 Neritos
523 2678 653 2720 Virgilio
672 2686 730 2711 est.
746 2685 774 2709 et
791 2679 881 2709 Neri-

226 2734 267 2759 tos
281 2730 379 2759 ardua
393 2730 480 2760 saxis.
517 2728 637 2760 HmNs.

270 2778 381 2809 Murus
408 2779 484 2819 quod
509 2778 613 2820 fuit]
661 2777 728 2809 Hoc
760 2789 883 2820 quoque

1551 1354 1615 1398 60

954 1445 1064 1476 acerbe
1080 1443 1171 1476 nimis
1186 1442 1285 1486 carpit
1298 1442 1446 1484 Scaliger,
1459 1443 1534 1485 quia
1547 1454 1615 1476 mu-

953 1505 1005 1525 rus
1020 1504 1180 1535 nunquam
1195 1493 1255 1524 fuit
1269 1493 1381 1524 solum.
1411 1493 1518 1523 Solum
1532 1492 1616 1523 enim

949 1543 1016 1585 jam
1031 1549 1107 1580 erat,
1124 1543 1207 1584 quod
1222 1543 1379 1578 arabatm,
1392 1542 1445 1573 ubi
1465 1549 1556 1574 antea
1571 1543 1616 1574 lo-

954 1603 1009 1625 cus
1024 1592 1103 1624 muri
1118 1598 1196 1623 erat.
1213 1598 1247 1623 ut
1261 1591 1295 1623 ii.
1313 1592 1384 1622 fast.
1395 1593 1472 1622 280.

998 1643 1061 1673 Hic
1073 1644 1122 1673 ubi
1132 1653 1215 1673 nunc
1232 1643 1299 1673 urbs
1313 1648 1365 1678 est,
1378 1648 1450 1672 tunc
1467 1643 1547 1674 locus
1560 1654 1614 1673 ur-

1039 1693 1081 1722 bis
1095 1698 1172 1722 erat.

952 1741 1030 1772 Vid.
1047 1741 1087 1772 ad
1101 1742 1228 1772 Petron.
1245 1751 1275 1771 c.
1289 1741 1344 1771 89.
1382 1740 1502 1772 Bmm.

994 1791 1048 1821 53.
1065 1791 1133 1821 Jam
1150 1790 1258 1832 seges]
1273 1790 1313 1820 Et
1329 1801 1442 1829 campos
1457 1793 1508 1821 ubi
1526 1792 1616 1831 Troja

939 1840 1023 1882 fuit.
1047 1840 1138 1882 Virg.
1155 1841 1187 1870 3.
1204 1839 1338 1870 AEne'i'd.
1380 1840 1422 1871 Et
1442 1840 1562 1872 Lucan.
1578 1842 1612 1872 9.

952 1890 1103 1921 Catonem
1129 1888 1249 1920 inducit
1272 1889 1423 1919 visentem
1445 1890 1544 1932 Trojae
1568 1891 1614 1922 lo-

952 1949 1037 1969 cum.
1063 1948 1230 1980 magnoque
1250 1938 1377 1968 Phoebaei
1399 1941 1505 1978 quan-it
1526 1942 1612 1970 vesti-

952 1990 1003 2029 gia
1031 1991 1110 2018 muri
1124 2000 1134 2025 ,·
1167 1994 1273 2018 erustae
1301 1998 1405 2018 ‘nomen
1430 1990 1615 2020 memorabile

956 2037 1060 2078 Trqjae,
1075 2037 1145 2067 Jam
1165 2039 1244 2067 silva*
1259 2037 1382 2073 steriles,
1398 2043 1425 2067 et
1443 2044 1546 2077 putres
1566 2050 1614 2069 ro-

954 2087 1019 2117 bore
1031 2088 1133 2117 trunci
1144 2099 1152 2116 .·
1165 2092 1196 2116 et
1203 2085 1294 2116 alibi:
1312 2092 1372 2116 tota
1383 2092 1529 2128 teguntur
1538 2088 1613 2118 Per-

952 2148 1041 2177 gama
1069 2137 1205 2171 dumetis,
1234 2136 1323 2166 etiam
1356 2137 1472 2175 periere
1506 2139 1614 2169 ruinae.

953 2185 1064 2228 ἕῤῥηξε
1081 2186 1220 2228 χαμᾶζε.
1244 2184 1353 2227 Eurip.
1366 2185 1469 2216 Bach.

995 2236 1050 2267 54.
1083 2234 1269 2277 Sanguine]
1309 2234 1387 2266 Vid.
1416 2235 1456 2266 ad
1485 2236 1612 2269 Petron.

953 2295 1024 2327 cap.
1044 2285 1117 2316 120.

996 2337 1050 2366 55.
1076 2334 1276 2375 Feriantur]
1310 2334 1426 2366 Mallet
1440 2336 1614 2377 finduntur

953 2384 1112 2421 Francius,
1128 2395 1190 2415 non
1204 2394 1272 2425 ego,
1278 2384 1418 2425 finditur
1434 2385 1517 2417 enim
1532 2392 1613 2418 terra

952 2439 1062 2470 aratm,
1078 2433 1133 2464 sed
1152 2443 1222 2464 ossa
1242 2433 1443 2475 semisepulta
1462 2435 1613 2467 feriuntur

951 2488 983 2513 et
997 2483 1224 2525 percutiuntur.
1262 2483 1383 2514 Lucan.
1396 2483 1450 2515 vii.
1464 2485 1540 2516 859.

997 2532 1152 2572 Pluraque
1171 2532 1312 2563 ruricolis
1323 2532 1491 2574 feriuntur
1511 2536 1611 2565 denti-

1036 2582 1088 2612 bus
1102 2592 1175 2612 ossa.

992 2631 1047 2661 58.
1072 2630 1112 2662 In
1131 2642 1186 2672 quo
1204 2630 1301 2672 orbe.]
1328 2631 1366 2662 In
1390 2641 1453 2674 qua
1474 2631 1610 2674 regione.

949 2685 981 2711 et
995 2679 1039 2711 sic
1053 2691 1149 2723 saepe.
1187 2681 1282 2712 Cior.

993 2730 1047 2760 59.
1059 2729 1219 2769 Puppim]
1232 2730 1415 2766 Quomodo?
1430 2741 1518 2773 prora
1528 2731 1610 2761 enim

951 2777 989 2808 ad
1005 2777 1093 2809 littus
1112 2777 1288 2821 appellitur,
1304 2789 1365 2810 non
1383 2779 1506 2821 puppis.
1546 2778 1576 2809 V
1577 2789 1609 2810 e-

995 2826 1021 2856 13
1038 2827 1058 2856 4
