1849 3198
182 185 270 228 476
574 183 624 224 P.
659 182 875 225 OVIDII
908 182 1190 226 NASONIS

188 300 284 348 Cui
309 300 451 356 deus,
480 298 559 346 En
585 299 763 347 adsum
787 299 878 347 tibi
904 315 1024 347 cura
1047 299 1257 356 fidelior,
1285 300 1468 364 inquit:
1490 305 1587 350 555

254 377 396 424 Pone
420 383 627 432 metum,
658 375 864 437 Bacchi,
894 376 1128 432 Gnosias,
1156 393 1283 424 uxor
1307 378 1420 425 eris.

188 454 376 501 Munus
401 454 531 501 habe
556 453 737 500 coelum
756 470 779 507 ε,
795 442 931 499 ‘coelo
959 453 1235 516 spectabile
1261 454 1399 501 sidus

257 533 406 596 Saepe
431 548 575 595 reges
601 531 805 578 dubiam
834 531 1020 578 Cressa
1046 530 1245 578 Corona
1268 538 1441 579 ratem.

190 609 360 667 Dixit3
401 616 451 657 et
476 625 503 656 e
528 625 692 664 curru,
720 624 782 655 ne
807 607 960 670 tigres
986 607 1070 654 illa
1093 608 1308 663 timeret,

257 687 467 734 Desilit:
508 685 765 750 (imposito
791 684 943 732 cessit
968 700 1117 732 arena
1140 685 1302 748 pedi.)
1490 688 1587 733 560

188 764 595 829 Implicitamque
622 763 730 810 sinu
753 763 942 826 (neque
962 762 1094 809 enim
1120 778 1344 826 pugnare
1363 762 1584 823 valebat)

253 841 506 888 Abstulit:
545 847 601 887 ut
625 839 769 887 facile
795 846 872 886 est
897 839 1063 886 omnia
1087 855 1236 902 posse
1264 839 1390 886 Deo.

188 918 328 975 Pars,
347 917 642 982 Hymenaee,
660 924 869 964 canunt:
898 933 1013 981 pars
1033 917 1266 972 clamant,
1286 916 1425 972 Evie,
1443 917 1584 963 evoe!

256 996 339 1042 Sic
366 996 545 1042 co‘eZunt
570 1010 710 1042 sacro
737 1001 894 1058 nupta
920 993 1163 1056 Deusque
1189 1000 1314 1040 toro.

188 1071 339 1134 Ergo,
367 1073 451 1119 ubi
477 1072 778 1135 contigerint
802 1071 950 1135 positi
977 1071 1066 1118 tibi
1091 1087 1298 1118 munera
1324 1070 1531 1125 Bacchi,

254 1148 425 1212 Atque
450 1149 543 1196 erit
566 1149 616 1195 in
642 1148 763 1195 socii
789 1148 972 1195 femina
995 1155 1136 1211 parte
1161 1148 1283 1205 tori;
1490 1150 1588 1194 566

188 1225 584 1292 Nycteliumque
605 1232 815 1289 patrem,
837 1231 1181 1288 nocturnaque
1202 1241 1343 1271 sacra
1363 1240 1583 1288 precare,

255 1302 335 1349 Ne
354 1303 566 1365 jubeant
590 1302 742 1366 capiti
766 1302 880 1349 vina
904 1318 1082 1349 nocere
1107 1309 1211 1349 tuo.

189 1378 287 1427 Hic
312 1379 403 1426 tibi
428 1380 586 1426 multa
607 1379 726 1426 licet
750 1395 978 1426 sermone
1002 1378 1205 1425 licentia
1229 1384 1363 1425 tecto

256 1456 454 1511 Dicere,
479 1469 595 1519 'quae
621 1455 720 1503 dici
746 1456 929 1503 sentiat
953 1455 1037 1502 illa
1061 1455 1186 1503 sibi:
1491 1457 1587 1501 570

190 1532 572 1596 Blanditiasque
596 1533 730 1580 leves
755 1533 893 1580 tenui
919 1532 1229 1596 perscribere
1254 1531 1394 1588 vino;

257 1611 329 1658 Ut
353 1612 606 1659 dominam
631 1612 681 1658 in
706 1612 881 1658 mensa
909 1627 962 1658 se
987 1611 1122 1672 legat
1147 1610 1230 1656 illa
1254 1616 1392 1656 tuam
1415 1626 1424 1655 :

187 1688 357 1751 Atque
382 1689 552 1736 oculos
578 1689 735 1736 oculis
756 1696 984 1752 spectare
1009 1687 1282 1735 fatentibus
1309 1686 1493 1747 ignem.

259 1765 406 1829 Saepe
431 1773 602 1813 tacens
627 1782 801 1813 vocem
826 1766 1080 1828 verbaque
1103 1765 1268 1811 vultus
1291 1763 1458 1809 habet.

190 1841 289 1889 Fac
314 1842 503 1905 primus
528 1842 691 1906 rapias
718 1842 847 1889 illius
872 1849 1008 1889 tacta
1031 1841 1225 1888 labellis
1487 1842 1582 1886 575

254 1918 472 1975 Pocula3
513 1919 719 1982 quaque
744 1919 884 1966 bibet
907 1926 1049 1982 parte
1074 1918 1256 1981 puella,
1284 1917 1446 1964 bibas.

189 1994 257 2042 Et
281 1996 637 2058 quodcumque
661 1995 760 2042 cibi
785 1994 953 2057 digitis
979 1994 1209 2041 libaverit
1232 1993 1332 2048 illa,

255 2071 332 2118 Tu
356 2078 500 2135 pete:
540 2072 762 2134 dumque
788 2079 948 2135 peteS,
977 2071 1041 2118 sit
1065 2070 1156 2118 tibi
1181 2077 1317 2117 tacta
1341 2086 1536 2116 manus.

231 2210 309 2241 557.
344 2209 424 2241 Coelo
453 2212 618 2250 spectabere
651 2210 761 2250 sidus]
802 2210 853 2240 De
922 2210 1036 2247 πίνεις,
1051 2209 1125 2241 ὅθεν
1143 2210 1195 2240 καὶ
1212 2208 1311 2245 αὐτὸς
1334 2208 1413 2243 ἔπιε,
1431 2208 1483 2238 καὶ
1507 2207 1584 2238 ἔνθα

189 2257 346 2288 Ariadnes
357 2259 480 2289 Corona
496 2258 528 2288 in
543 2259 661 2290 eoelum
673 2259 774 2289 relata
788 2259 854 2289 fuse
922 2258 1129 2300 προσήρμοσε
1156 2258 1195 2289 τὰ
1211 2257 1304 2298 χείλη
1324 2256 1382 2288 ἵνα
1407 2257 1461 2287 καὶ
1487 2256 1586 2297 πίνῃς

189 2307 304 2338 Noster
331 2307 355 2338 l.
384 2307 428 2337 iii.
453 2307 615 2338 Fastorum
647 2307 763 2349 aliique
785 2308 853 2349 jam
919 2308 987 2349 ἅμα
1004 2309 1055 2338 καὶ
1073 2308 1178 2350 φιλῇς.
1226 2307 1360 2337 DOUZA.

189 2361 332 2397 egerunt.
380 2356 497 2387 mes.
963 2358 1038 2388 578.
1073 2357 1118 2386 Sit
1149 2358 1203 2386 tibi
1233 2362 1314 2385 tacta
1343 2354 1480 2394 mnnus.]
1515 2354 1583 2384 Hoc

196 2432 198 2435 .
231 2404 307 2435 575.
334 2404 397 2434 Fac
424 2403 567 2444 primus]
601 2403 732 2434 Lucian.
762 2404 851 2435 Dial.
920 2406 977 2436 sub
994 2405 1097 2447 specie
1114 2405 1220 2446 aliqua
1243 2404 1343 2434 solent
1369 2409 1523 2434 amatores
1540 2402 1585 2432 fa-

188 2454 285 2485 Deor.
307 2464 345 2484 ex
368 2464 501 2495 persona
517 2453 660 2489 Junonis,
676 2453 852 2485 istiusmodi
920 2465 1002 2485 cere.
1049 2454 1153 2485 Tibul.
1169 2454 1192 2484 i.
1208 2453 1298 2494 Eleg.
1314 2452 1370 2483 vii.
1386 2454 1440 2483 25.

188 2502 319 2534 delicias
336 2502 513 2533 amantibus
533 2501 641 2532 solitas
661 2502 773 2532 marito
796 2513 851 2533 suo
964 2504 1043 2543 Sape
1071 2505 1153 2533 velut
1179 2514 1308 2544 gemmas
1338 2503 1402 2541 rjus
1429 2502 1585 2542 signumve

188 2551 386 2593 objectantis,
396 2551 439 2582 ita
451 2551 586 2593 loquitur
597 2550 635 2581 de
647 2548 832 2592 Ganymede
843 2564 849 2582 ε
1046 2554 1212 2592 probarem,

188 2600 309 2632 Ἐνίοτε
331 2599 431 2631 δὲκαὶ
450 2598 718 2642 ἀπογευσάμενος
739 2600 850 2641 μόνος,
1009 2602 1069 2631 Per
1091 2612 1224 2631 caussam
1247 2601 1365 2631 memini
1390 2611 1433 2630 me
1454 2598 1585 2638 tetigisse

188 2649 308 2687 ἔδωκας
318 2648 438 2690 ἐκείνῳ,
448 2651 501 2680 καὶ
513 2649 651 2686 πίοντος
662 2649 851 2689 ἀπολαβὼν
1047 2661 1167 2680 manum
1175 2672 1181 2680 .

187 2700 250 2737 τὴν
272 2698 400 2733 κύλικα,
416 2697 496 2730 ὅσον
513 2697 698 2729 ὑπόλοιπον
715 2698 750 2730 ἐν
765 2698 851 2740 αὐτῇ
