1849 3198
210 206 269 249 66
603 208 653 249 Ρ.
686 207 797 250 OVI
806 207 899 250 DII
932 207 1210 250 NASONIS

219 322 441 370 Barbara
463 330 686 371 narratur
708 324 901 372 venisse
924 324 1144 372 venefica
1166 332 1348 380 tecum,

286 400 343 446 In
368 401 487 447 mihi
511 401 738 465 promissi
762 408 901 464 parte
925 409 1127 465 recepta
1150 401 1258 448 tori.
1535 403 1599 446 20

219 477 437 526 Credula
460 495 537 527 res
563 495 698 526 amor
722 486 813 526 est.
850 479 1038 526 utinam
1063 477 1323 527 temeraria
1346 477 1482 524 dicar

286 555 587 603 Criminibus
612 556 746 603 falsis
771 556 1083 603 insimulasse
1106 555 1288 602 virum!

218 632 393 697 Nuper
417 635 478 681 ab
506 634 777 681 Haemoniis
803 634 983 697 hospes
1008 633 1127 679 mihi
1152 632 1420 679 Thessalus
1445 630 1540 677 oris

282 711 526 769 Venerat3
567 720 617 759 et
639 719 827 759 tactum
850 712 931 758 vix
956 712 1084 758 bene
1108 710 1258 757 limen
1283 716 1413 756 erat:

215 788 494 844 AEsoffldes,
521 789 640 845 dixi,
668 789 787 852 quid
813 789 914 850 agit
938 788 1104 835 meus!
1143 787 1233 834 Ille
1258 786 1446 850 pudore
1530 787 1593 831 25

281 865 456 921 Haesit,
483 867 532 913 in
557 867 786 930 opposita
808 867 995 913 lumina
1017 866 1145 912 fixus
1170 865 1336 911 liu-mo.

213 942 444 989 Protinus
470 943 674 999 exsilui3
718 943 997 1006 tunicisque
1024 959 1053 990 a
1075 949 1275 1006 pectore
1300 940 1474 1004 ruptis,

279 1019 446 1067 Vivit?
488 1037 566 1077 an,
594 1021 836 1077 exclamo,
864 1037 943 1068 me
968 1036 1168 1083 quoque
1193 1019 1294 1066 fata
1316 1017 1549 1065 trahunt?

211 1096 359 1152 Vivit,
387 1097 469 1144 ait.
509 1098 839 1162 timidumque
863 1098 982 1145 mihi
1002 1099 1168 1160 jurare
1192 1096 1346 1159 coegi.

276 1173 373 1219 Vix
398 1174 533 1230 mihi,
559 1181 688 1222 teste
714 1175 839 1231 De0,
866 1174 1055 1222 credita
1076 1174 1177 1221 vita
1198 1180 1285 1221 tua
1308 1179 1400 1220 est.
1527 1175 1591 1221 30

212 1250 282 1297 Ut
306 1251 450 1297 rediit
474 1252 683 1308 animus,
710 1259 795 1299 tua
819 1251 949 1299 facta
972 1251 1222 1314 requirere
1246 1250 1391 1314 coepi.

275 1327 472 1384 Narrat,
499 1328 763 1393 aenipedes
790 1328 965 1376 Martis
991 1345 1156 1376 arasse
1180 1329 1358 1376 boves:

249 1462 300 1492 27.
326 1461 460 1501 Emistin]
486 1462 601 1498 Emilui,
612 1462 715 1503 inquit
727 1468 813 1493 metu
828 1473 864 1493 ae

205 1510 420 1552 trepidatione,
451 1510 570 1541 scilicet
601 1522 656 1552 pro
683 1511 783 1542 salute
811 1517 865 1542 tua

205 1558 299 1590 anxia
313 1564 406 1600 atque
422 1557 554 1589 sollicita
569 1570 649 1590 sum.
668 1570 728 1590 non
743 1570 864 1600 egressa

204 1619 273 1639 sum
296 1608 421 1650 propius
444 1608 483 1639 ad
505 1619 590 1639 eum.
614 1614 649 1639 ut
672 1609 864 1641 Hubertinus

204 1657 342 1699 exponit.
388 1658 579 1688 MiCYLLcs.

246 1707 300 1736 29.
314 1705 863 1747 Vivit,ait,timidamquemihijurare

202 1754 315 1796 co'e'gz']
342 1754 472 1785 Diverse
491 1754 616 1795 legitur.
662 1754 744 1785 Alii:
773 1755 862 1791 Vivit,

202 1806 257 1840 ait,
272 1805 421 1839 timidum,
437 1806 512 1844 quod
527 1806 701 1844 ait,jm·are
716 1807 810 1846 coligi.
829 1811 863 1836 ut

202 1853 241 1883 sit
266 1863 386 1888 sensus,
405 1852 503 1894 Coegi
517 1852 661 1883 timidum
682 1853 781 1889 illum,
798 1853 862 1884 sive

201 1901 309 1932 timide
330 1901 520 1942 loquentem,
544 1907 579 1933 ut
594 1902 795 1943 jurejurando
817 1902 861 1939 id,

201 1950 284 1992 quod
313 1950 366 1986 ait,
395 1950 453 1981 hoc
485 1956 543 1987 est,
572 1957 601 1981 te
631 1950 736 1982 vivum
767 1957 861 1993 atque

200 1999 386 2030 incolumem
417 2009 494 2035 esse,
523 2000 730 2030 confirmaret.
775 2000 861 2031 Alii:

204 2048 294 2085 Vivit,
311 2049 371 2078 ait:
397 2049 545 2084 timidum,
562 2050 637 2089 quod
650 2052 861 2089 amat,jwrc1re

199 2099 292 2138 co'c'gi.
330 2102 364 2127 ut
400 2096 440 2127 sit
475 2108 593 2134 sensus,
623 2098 778 2134 Quoniam
807 2099 859 2139 qui

199 2152 315 2182 amant,
331 2145 454 2176 solliciti
478 2156 514 2177 ae
536 2146 635 2176 timidi
659 2152 741 2183 sunt,
755 2147 859 2188 jurare

198 2195 286 2226 illum
302 2195 401 2236 coEgi.
431 2195 476 2225 Ut
490 2194 529 2225 sit
544 2195 654 2226 allusio
670 2196 706 2226 ad
722 2196 764 2233 id,
775 2196 858 2237 quod

196 2244 297 2285 prima
312 2243 453 2285 Epistola
475 2244 631 2287 Penelope
653 2245 712 2276 ait:
740 2245 798 2275 Res
817 2253 858 2276 est

197 2295 317 2324 solliciti
342 2294 431 2332 plena
449 2295 560 2323 timoris
583 2305 676 2324 unior.
722 2295 783 2325 Sed
807 2294 856 2326 hie

196 2353 315 2373 rursum
327 2342 508 2379 videndum,
521 2354 593 2373 num
610 2343 722 2374 rectius
738 2344 854 2385 legere-

196 2397 262 2422 tur:
291 2392 377 2425 Quod
404 2403 478 2428 amo,
500 2392 599 2434 prima
623 2404 771 2434 persona:
801 2405 856 2435 pro

196 2452 232 2471 eo
248 2440 330 2481 quod
345 2447 402 2477 est,
424 2441 507 2478 Quia
523 2453 579 2483 ego
597 2453 677 2478 amo,
689 2442 792 2484 jurare
817 2443 855 2473 ti-

195 2490 312 2520 midum
328 2490 416 2521 illum
432 2491 530 2532 coegi.
576 2492 721 2523 Ceterum
736 2492 851 2534 simpli-

193 2539 316 2570 cissima
329 2540 420 2570 lectio
435 2540 556 2572 videtur
570 2552 617 2577 ea,
630 2553 722 2582 quam
738 2553 793 2572 nos
805 2553 852 2573 se-

194 2589 257 2619 cuti
273 2600 387 2625 sumus,
399 2589 425 2620 si
437 2590 538 2630 legas:
566 2591 769 2632 Timidumqne
781 2593 853 2622 mihi

182 2640 296 2677 jurare
320 2641 415 2680 co’e'gi,
451 2645 486 2670 ut
512 2640 655 2671 timidum
675 2651 746 2671 eum
771 2641 853 2672 acci-

191 2687 268 2729 pias,
282 2687 320 2718 de
334 2699 396 2730 quo
410 2689 503 2730 paulo
519 2695 589 2721 ante
601 2689 679 2721 dixit
692 2702 697 2719 :
724 2690 782 2721 Ille
795 2702 851 2730 pu-

931 1465 1000 1493 dore
1016 1463 1119 1497 Hoesz't,
1134 1462 1194 1492 &c.
1219 1467 1250 1492 et
1265 1460 1460 1503 Hypsipylen
1482 1461 1522 1492 ad
1539 1462 1589 1504 ju-

931 1512 1062 1543 randum
1077 1510 1217 1552 adegisse
1233 1510 1322 1541 illum
1337 1510 1411 1552 quia
1428 1510 1589 1542 timentem

932 1573 967 1593 ac
993 1561 1198 1603 trepidantem
1227 1559 1496 1596 animadverterat,
1519 1571 1590 1592 cum

930 1611 1064 1652 primum
1105 1609 1143 1641 de
1179 1610 1293 1641 Jasone
1337 1608 1587 1650 interrogaretur.

930 1660 1120 1690 MrcrLLus.

974 1711 1028 1741 31.
1058 1710 1154 1750 thue
1172 1710 1289 1740 animus
1303 1709 1424 1749 rediit]
1450 1709 1589 1742 Turbant

929 1758 979 1789 hic
995 1759 1097 1789 denuo
1112 1757 1197 1789 libri.
1243 1757 1304 1788 Sed
1320 1758 1475 1799 Excerpta
1488 1759 1588 1790 Jureti

930 1818 1001 1838 cum
1022 1818 1083 1838 uno
1097 1806 1260 1842 Patavino,
1281 1806 1322 1836 Ut
1349 1808 1436 1837 rediit
1458 1809 1588 1840 animus.

929 1863 1028 1888 recte:
1052 1857 1231 1898 producitur
1253 1855 1336 1886 enim
1361 1856 1479 1887 Nasoni
1502 1857 1586 1889 aliis-

929 1917 989 1947 que
1011 1906 1117 1937 Poe'tis
1141 1904 1254 1947 passim
1277 1904 1387 1935 ultima
1413 1905 1479 1946 ejus
1502 1907 1588 1938 verbi

928 1955 1060 1996 syllaba,
1089 1953 1350 1996 quemadmodum
1382 1959 1414 1985 et
1440 1954 1472 1985 in
1498 1957 1586 1993 adiit,

929 2005 1013 2039 abiit,
1038 2005 1117 2039 iniit,
1138 2004 1248 2043 puniit,
1264 2004 1366 2040 subiit,
1383 2005 1538 2043 praeteriit,
1555 2011 1587 2036 et

927 2052 1089 2088 similibus,
1112 2052 1151 2083 de
1167 2052 1279 2093 quibus
1304 2063 1358 2082 suo
1384 2053 1464 2084 loco.
1509 2054 1585 2096 Epi-

926 2103 1005 2133 stola
1020 2101 1207 2136 Laodamiae,
1221 2102 1275 2131 29.

974 2152 1015 2182 Ut
1033 2152 1121 2181 rediit
1137 2152 1389 2190 animus,11‹u·iter
1406 2152 1518 2181 rediere
1531 2153 1583 2181 (lo-

1055 2202 1139 2231 lares.

926 2248 1081 2280 Art.Am.
1093 2248 1138 2280 iii.
1156 2249 1232 2279 70¹7.

973 2298 1012 2328 Ut
1037 2300 1126 2328 rediit
1153 2299 1280 2333 animus,
1305 2303 1404 2327 tenues
1424 2310 1441 2327 ιι
1466 2305 1583 2337 pectore

1008 2353 1097 2377 vestes

968 2396 1104 2435 Rumpit.

923 2444 1046 2481 Quibus
1056 2445 1148 2476 etiam
1165 2445 1196 2475 in
1212 2445 1287 2475 locis
1303 2445 1371 2475 libri
1390 2451 1508 2476 veteres
1522 2446 1580 2476 sibi

921 2505 980 2525 non
1007 2499 1157 2530 constant,
1181 2495 1254 2524 dum
1277 2494 1340 2527 alii.
1370 2495 1407 2524 Ul
1436 2496 1581 2535 rediitque

919 2545 1047 2574 animus.
1072 2543 1135 2579 alii,
1158 2543 1254 2584 thue
1277 2546 1354 2574 redit
1374 2546 1503 2578 unimus,
1526 2543 1580 2574 alii

921 2593 993 2628 alia,
1006 2592 1208 2624 substituunt.
1233 2593 1374 2623 meliores
1393 2599 1578 2629 constanter,

920 2641 1002 2683 quod
1023 2652 1078 2672 nos
1099 2642 1291 2678 exhibemus,
1307 2648 1490 2683 agnoscunt.
1509 2643 1578 2674 Me-

920 2696 996 2722 tam.
1013 2691 1077 2722 xiv.
1095 2692 1170 2722 519.
