1849 3198
223 193 308 234 482
614 194 665 234 Ρ.
702 193 915 235 OVIDII
950 193 1231 235 NASONIS

227 307 341 354 Vim
367 323 515 371 passa
539 315 615 355 est
642 308 855 363 Plioebe;
896 309 968 355 vis
994 316 1070 356 est
1095 310 1259 357 adlata
1284 312 1459 359 sorori:

296 384 362 430 Et
386 391 553 446 gratus
579 392 733 448 raptae
760 393 926 449 raptor
950 394 1158 449 uterque
1184 387 1290 435 fuit.
1521 392 1617 436 680

230 461 418 508 Fabula
443 469 559 509 nota
583 462 803 525 quidem,
832 463 919 509 sed
945 479 1041 510 non
1068 464 1271 526 indigna
1295 465 1477 521 referri,

297 538 498 601 Scyrias
524 538 785 586 Haemonio
805 541 981 601 juncta
1005 540 1172 603 puella
1195 541 1313 587 viro.

228 614 341 661 Jam
369 615 478 663 Dea
503 616 716 663 laudatae
743 617 949 664 dederat
974 633 1063 663 sua
1087 618 1289 680 praemia
1313 618 1497 673 formae,

299 691 440 740 Colle
466 693 558 739 sub
587 692 721 740 Idaeo
746 693 942 740 vincere
968 693 1119 755 digna
1143 695 1284 741 duas.

228 769 257 815 J
263 785 341 816 am
367 786 518 817 nurus
544 771 606 817 ad
626 769 880 817 Priamum
906 771 1099 818 diverso
1125 779 1327 819 venerat
1350 773 1491 829 orbe3
1522 775 1618 820 685

297 847 552 910 Grajaque
577 848 626 893 in
652 847 817 895 Iliacis
843 848 1088 895 moenibus
1115 865 1239 895 uxor
1264 856 1384 896 erat.

229 923 258 969 J
264 924 473 971 urabant
498 940 669 971 omnes
696 925 745 971 in
769 925 873 971 laesi
894 925 1045 972 verba
1069 925 1259 973 mariti:

298 1000 427 1047 Nam
454 1002 594 1048 dolor
618 1002 780 1056 unius,
809 1002 1009 1065 publica
1033 1018 1212 1049 caussa
1236 1001 1342 1049 fuit.

230 1076 411 1141 Turpe,
432 1079 525 1125 nisi
546 1079 638 1125 hoc
661 1080 830 1126 matris
856 1079 1086 1142 precibus
1106 1079 1376 1134 tribuisset,
1399 1079 1618 1126 Achilles

296 1154 449 1202 Veste
474 1155 630 1202 virum
655 1156 804 1218 longa
831 1157 1171 1203 dissimulatus
1197 1164 1317 1204 erat.
1523 1159 1620 1203 690

233 1229 364 1283 Quid
391 1231 527 1287 facis,
556 1232 790 1279 AEacida?
828 1249 925 1280 non
951 1240 1066 1279 sunt
1091 1239 1176 1279 tua
1201 1248 1405 1280 munera
1428 1234 1569 1279 lanae.

297 1307 373 1354 Tu
399 1308 567 1356 titulos
594 1309 688 1356 alia
709 1309 929 1356 Palladis
956 1316 1059 1356 arte
1084 1316 1243 1372 petas

233 1384 364 1438 Quid
391 1386 481 1433 tibi
502 1403 616 1434 cum
637 1388 875 1434 calathis?
912 1388 1091 1450 clypeo
1112 1402 1287 1434 manus
1314 1393 1431 1449 apta
1450 1393 1620 1434 tenen-

431 1464 495 1511 do
521 1473 613 1512 est.

299 1539 467 1588 Pensa
485 1543 605 1604 quid
631 1543 681 1589 in
701 1543 897 1598 dextra,
922 1544 1023 1606 qua
1046 1543 1191 1589 cadet
1212 1541 1415 1597 Hector,
1438 1540 1622 1587 habes?

235 1615 408 1679 Rejice
435 1619 715 1666 succinctos
742 1635 951 1682 operoso
977 1619 1187 1666 stamine
1213 1618 1363 1665 fusos.
1525 1618 1621 1663 695

299 1692 597 1748 Quassanda
621 1703 697 1743 est
722 1697 817 1743 ista
845 1697 1011 1743 Pelias
1038 1697 1181 1743 hasta
1205 1712 1370 1742 manu.

234 1769 380 1817 Forte
405 1779 510 1819 erat
534 1772 583 1818 in
607 1773 824 1820 thalamo
848 1774 983 1835 virgo
1009 1773 1187 1834 regalis
1214 1772 1390 1819 eodem
1410 1790 1418 1819 :

300 1846 423 1894 Haec
449 1848 587 1896 illum
614 1857 784 1913 stupro
810 1850 1053 1912 comperit
1078 1865 1189 1897 esse
1213 1849 1387 1895 virum.

234 1922 434 1970 Viribus
460 1926 543 1972 illa
567 1927 770 1989 quidem
794 1927 924 1974 victa
949 1934 1040 1982 est,
1070 1928 1137 1974 ita
1161 1927 1363 1974 credere
1389 1932 1605 1989 oportet:

303 2000 403 2047 Sed
428 2002 582 2049 voluit
605 2004 733 2050 vinci
754 2003 939 2050 viribus
965 2004 1048 2050 illa
1071 2011 1254 2050 tamen.
1526 2006 1623 2049 700

238 2075 400 2140 Saepe,
429 2077 597 2134 Mane,
625 2079 767 2135 dixit,
796 2095 910 2125 cum
930 2081 1036 2141 jam
1062 2086 1350 2142 properaret
1377 2078 1617 2125 Achilles:

304 2152 471 2201 Fortia
496 2171 608 2202 nam
635 2156 796 2219 posita
821 2163 1066 2202 sumserat
1092 2171 1227 2203 arma
1251 2157 1374 2203 0010.

238 2228 324 2274 Vis
351 2230 433 2276 ubi
460 2248 590 2278 nunc
616 2232 698 2279 illa
722 2234 826 2291 est?
864 2234 984 2296 quid
1008 2234 1191 2280 blanda
1214 2249 1334 2280 voce
1360 2232 1564 2279 moraris

304 2305 574 2355 Auctorem
600 2309 773 2372 stupri,
804 2297 1080 2364 Deidamia,
1108 2310 1207 2356 tui?

280 2506 353 2535 683.
393 2506 480 2535 Mala
503 2508 624 2545 pmmia
652 2506 791 2547 forman]
832 2508 892 2537 Sua
964 2507 1321 2549 Epist.xiii.43.‹1‹mmo
1335 2506 1623 2547 suorumjbrnmsus,

237 2554 341 2584 iidem.
386 2554 561 2586 HEstms.
607 2555 638 2585 Si
652 2566 706 2586 sua
722 2555 893 2586 rescriben-
965 2562 996 2587 et
1012 2559 1107 2587 malus
1122 2558 1218 2596 hospes
1233 2555 1346 2586 dicitur
1361 2555 1460 2586 Paris.
1507 2556 1624 2585 Buam.

236 2603 310 2633 (lum
337 2609 392 2639 est,
415 2604 531 2634 debent
556 2604 668 2646 exponi
694 2604 811 2641 debita,
828 2615 896 2646 pro·
1008 2606 1083 2636 698.
1111 2605 1182 2636 Haec
1206 2607 1295 2635 illum
1319 2611 1434 2644 stupro,
1461 2604 1535 2644 δια]
1566 2604 1625 2634 Pe-

237 2652 342 2683 missa.
360 2652 417 2683 nisi
429 2655 519 2689 mala.
532 2653 563 2685 id
574 2661 620 2684 est
630 2655 813 2695 perniciosa,
831 2665 895 2684 ma—
966 2654 1044 2696 perit
1059 2655 1173 2696 quippe
1190 2654 1354 2696 Pyrrhum,
1373 2659 1507 2695 paternae
1525 2651 1626 2683 laudis

240 2702 284 2732 lis.
317 2702 399 2733 unde
424 2703 522 2743 Trojae
548 2703 676 2734 exitium
704 2709 816 2735 ortum.
853 2703 896 2734 ita
965 2703 1112 2734 :emulum
1129 2713 1189 2734 non
1204 2703 1403 2743 degenerem.
1450 2702 1566 2732 ΑΜΛη.
