1849 3198
659 225 1003 268 HEROIDES.
1038 224 1129 265 ΕΡ.
1163 223 1326 265 XVII.

1603 221 1687 263 229

299 344 365 392 Et
389 360 522 408 saepe
547 342 770 397 extimui,
798 358 859 389 ne
883 341 954 388 vir
979 356 1119 387 meus
1146 340 1231 386 illa
1254 338 1470 386 videret:

366 422 482 469 Non
507 421 625 468 satis
652 419 859 466 occultis
886 417 1162 479 erubuique
1188 416 1335 463 notis.

298 499 445 562 Saepe
470 499 546 545 vel
572 497 769 558 exiguo,
796 495 873 541 vel
898 494 1032 540 nullo
1058 509 1323 547 murmure,
1351 493 1471 548 dixi,
1625 495 1686 538 85

365 576 450 622 Nil
476 576 631 639 pudet
654 574 802 620 hunc.
843 587 934 618 nec
960 587 1056 617 vox
1081 570 1188 616 haec
1215 586 1327 616 mea
1350 569 1474 616 falsa
1498 569 1603 616 fuit.

298 653 434 700 Orbe
459 667 660 715 quoque
685 650 733 696 in
759 665 942 696 mensae
968 647 1063 709 legi
1091 647 1183 693 sub
1210 647 1407 693 nomine
1433 653 1616 702 nostro,

364 730 511 784 Quod
536 729 752 776 deducta
775 742 911 773 mero
937 726 1080 772 litera
1097 725 1230 781 fecit,
1258 724 1404 771 Ano.

299 806 520 854 Credere
545 822 624 853 me
649 811 817 851 tamen
843 803 935 849 hoc
961 802 1104 849 oculo
1129 808 1368 849 renuente
1393 803 1584 864 negavi.

366 883 463 931 Hei
480 883 599 930 mihi
617 883 626 929 !
661 884 764 945 Jam
780 881 947 936 didici,
967 880 1037 927 sic
1058 896 1261 943 quoque
1278 896 1426 943 posse
1446 880 1596 942 loqui.
1627 883 1690 925 90

299 960 390 1008 His
417 978 509 1024 ego
533 959 804 1014 blanditiis,
833 958 873 1004 si
900 964 1168 1021 peccatura
1190 956 1411 1013 fuissem,

368 1038 646 1086 Flecterer:
688 1037 763 1083 his
790 1042 1019 1100 poterant
1043 1041 1248 1099 pectora
1271 1042 1440 1082 nostra
1463 1035 1591 1098 capi.

300 1116 393 1163 Est
416 1133 618 1180 quoque
644 1114 927 1178 (confiteor)
954 1113 1105 1161 facies
1132 1111 1222 1160 tibi
1248 1129 1382 1160 rara:
1424 1119 1690 1176 potestque

364 1194 507 1242 Velle
533 1196 625 1242 sub
651 1194 914 1257 amplexus
942 1193 1011 1240 ire
1036 1191 1203 1256 puella
1226 1198 1354 1238 tuos.

299 1271 470 1319 Altera
493 1273 571 1319 vel
596 1272 760 1336 potius
787 1271 905 1318 felix
932 1270 1039 1317 sine
1064 1269 1269 1317 crimine
1294 1269 1395 1323 fiat,
1629 1271 1692 1315 95

366 1349 530 1404 Quam
555 1351 702 1397 cadat
727 1356 935 1397 externo
961 1355 1129 1396 noster
1153 1363 1319 1394 amore
1344 1347 1519 1409 pudor,

302 1426 454 1474 Disce
479 1444 591 1475 meo
617 1427 866 1490 exemplo,
894 1425 1119 1473 formosis
1144 1441 1293 1488 posse
1319 1440 1502 1470 carere.

369 1503 462 1551 Est
485 1505 638 1551 virtus
665 1504 861 1568 placitis
888 1503 1190 1551 abstinuisse
1214 1502 1375 1549 bonis.

301 1581 465 1635 Quam
485 1583 666 1629 multos
693 1582 867 1629 credas
888 1583 1098 1645 juvenes
1124 1587 1313 1643 optare,
1342 1579 1477 1642 quod
1503 1586 1663 1643 optas,

366 1657 464 1713 Qui
489 1659 721 1723 sapiant?
759 1659 929 1706 oculos
956 1675 1019 1706 an
1040 1657 1182 1705 Paris
1208 1673 1336 1703 unus
1363 1657 1552 1704 habes?
1604 1660 1696 1705 100

302 1734 417 1783 Non
442 1742 495 1782 tu
520 1736 632 1800 plus
658 1736 836 1784 cernis.
877 1737 966 1784 sed
992 1736 1104 1800 plus
1130 1734 1420 1782 temerarius
1447 1735 1624 1782 audes:

369 1811 479 1860 Nec
504 1813 595 1860 tibi
621 1813 734 1877 plus
760 1814 940 1870 cordis,
968 1814 1057 1861 sed
1083 1812 1242 1874 magis
1268 1812 1382 1868 oris,
1411 1812 1554 1860 inest.

342 1993 398 2023 83.
425 1992 465 2023 Et
490 1993 592 2033 sape-J
626 1993 715 2024 Malo
750 1994 789 2024 Ut
819 2006 889 2034 soepe
918 2006 965 2026 ez·-

302 2043 400 2072 timui.
425 2042 597 2073 mesms.
641 2042 746 2073 Tibul.
773 2043 807 2073 ii.
831 2043 886 2073 vii.
910 2046 964 2075 34.

301 2090 359 2121 hoc
373 2091 467 2121 verbo
483 2101 567 2121 usus.
614 2093 678 2122 Aut
701 2093 818 2132 aliquus
840 2095 964 2124 estima-

303 2141 354 2169 isse
370 2141 478 2171 minas.

344 2190 398 2220 85.
428 2189 479 2219 Vel
504 2191 589 2231 longo
615 2201 767 2220 murmure
789 2191 883 2231 di.1i.]
915 2191 967 2221 Vel

301 2239 387 2268 nullo
415 2238 606 2269 Puteaneus.
644 2239 700 2269 sed
729 2238 805 2269 nihil
835 2240 964 2271 accedo.

302 2287 474 2318 Hmssms.
520 2288 587 2328 Ego
608 2289 694 2318 nullo
716 2300 870 2319 murmure
896 2290 966 2320 reti-

303 2346 372 2372 neo,
388 2336 413 2366 si
428 2336 511 2367 enim
526 2338 645 2378 longum
663 2337 783 2372 fuisset,
794 2338 966 2379 periculum

302 2385 391 2421 soret,
410 2397 448 2417 ne
466 2386 512 2416 vir
534 2386 680 2417 sentiret:
705 2387 833 2428 elegans
855 2393 966 2429 praete-

303 2446 355 2466 rea
380 2436 533 2478 oppositio
558 2438 615 2466 τοῦ
641 2439 754 2478 erigui,
783 2442 814 2467 et
842 2438 968 2468 nullius.

302 2491 348 2515 est
376 2496 446 2515 vero
474 2484 567 2520 idem,
590 2485 672 2526 quod
699 2485 798 2527 Epist.
825 2485 891 2516 xiii.
916 2487 967 2517 89.

306 2535 463 2574 Tacitoqne
489 2536 520 2565 in
549 2541 665 2573 pectore
689 2537 799 2570 dicere,
829 2541 860 2566 et
885 2537 968 2577 quod

303 2583 379 2614 alibi
396 2583 473 2614 dicit
488 2584 616 2620 Noster,
635 2584 768 2615 etmulti
791 2585 856 2621 alii,
874 2597 969 2616 secum

303 2635 396 2673 loqui.
422 2633 453 2663 in
470 2633 620 2664 Bernensi
634 2640 711 2669 erat,
724 2636 766 2664 rel
780 2647 871 2674 parm
887 2646 968 2664 mur-

305 2694 399 2718 murf’,
415 2683 469 2713 sed
487 2682 579 2714 male.
604 2684 719 2714 Brun.

346 2733 398 2762 90.
423 2732 470 2762 Sic
486 2745 597 2773 quoqne
619 2745 695 2771 posse
720 2734 826 2773 [σιμὴ]
855 2734 902 2763 Sic
919 2746 969 2772 rga·

305 2780 482 2812 l’uteaneus
497 2787 528 2812 et
546 2782 678 2823 Regium
707 2783 879 2813 llmxsics.
911 2783 967 2812 At.-

1035 1994 1088 2036 qui
1105 1994 1171 2035 ipsa
1186 1993 1309 2024 Helena
1332 1998 1429 2024 artem
1450 1993 1586 2025 micandi
1611 1995 1697 2025 inve-

1035 2045 1115 2074 nisse
1138 2043 1252 2073 dicitur
1267 2053 1285 2073 a
1300 2042 1434 2073 Ptolem.
1451 2043 1615 2085 Ilephzcst.
1640 2043 1696 2074 lib.

1033 2093 1077 2123 iv.
1124 2094 1186 2128 An,
1198 2093 1346 2133 magistro
1361 2092 1475 2123 Paride
1491 2103 1560 2134 quae
1577 2093 1698 2129 didicit,

1034 2143 1110 2174 alios
1125 2142 1253 2173 docuit?
1276 2143 1394 2172 Bmm.

1077 2194 1129 2224 95.
1155 2193 1260 2222 Altera
1288 2194 1337 2223 sed
1363 2192 1491 2232 potius]
1523 2192 1573 2223 I'el
1603 2194 1700 2231 polius

1033 2242 1141 2273 iidem.
1167 2253 1222 2283 pro
1241 2243 1286 2272 vel
1302 2244 1420 2272 ultera:
1445 2241 1587 2283 quamvis
1602 2243 1698 2272 altera

1034 2298 1066 2323 et
1088 2293 1124 2323 τὸ
1148 2294 1192 2323 rel
1216 2291 1326 2322 miram
1352 2291 1448 2322 habet
1475 2291 1524 2322 hic
1548 2292 1697 2333 ἔμφασιν.

1035 2342 1123 2383 quasi
1139 2341 1261 2372 occulte
1277 2341 1397 2375 innuat.
1410 2352 1442 2372 se
1458 2341 1555 2371 invita
1570 2341 1698 2372 alteram

1037 2391 1098 2422 fore
1115 2391 1251 2422 felicem.
1277 2391 1397 2421 Hfflxs.

1077 2442 1132 2472 98.
1159 2441 1213 2472 Est
1238 2440 1363 2480 virtus]
1389 2439 1492 2471 Cicer.
1519 2450 1572 2482 pro
1594 2440 1698 2471 domo.

1037 2491 1090 2521 58.

1086 2541 1157 2570 102.
1182 2540 1239 2570 Sed
1265 2542 1363 2570 minus
1385 2541 1443 2569 oris
1467 2539 1578 2579 adest]
1602 2539 1701 2578 Magis

1038 2590 1096 2617 oris
1112 2599 1172 2619 non
1188 2589 1280 2630 pauci
1295 2600 1333 2619 ex
1349 2588 1482 2630 scriptis.
1528 2588 1589 2619 Sed
1605 2600 1632 2616 ns
1647 2599 1700 2629 pro

1038 2636 1155 2678 pudore
1183 2637 1234 2667 hic
1265 2637 1406 2673 sumitur,
1431 2637 1474 2667 ita
1503 2639 1618 2667 duritia
1644 2639 1702 2666 ιιι-ιλ>

1038 2697 1091 2727 pro
1116 2686 1309 2727 impudentia
1332 2688 1442 2717 Senec.
1458 2686 1496 2715 (10
1513 2686 1622 2715 const.
1646 2687 1700 2715 Sa-

1039 2735 1122 2775 pien.
1140 2746 1212 2776 cap.
1231 2735 1306 2765 xxii.
1354 2735 1491 2773 Vulgata
1514 2741 1617 2764 tamen
1640 2734 1700 2764 lec-

1039 2784 1080 2814 tio
1095 2784 1207 2814 servari
1233 2790 1344 2824 potest.
1373 2784 1441 2814 vide
1463 2784 1589 2821 elegans
1605 2784 1696 2813 Fato>

1122 2838 1149 2872 Q
1167 2839 1185 2865 :3
