1849 3198
238 233 296 276 38
622 232 674 274 Ρ.
708 232 920 275 OVIDII
953 231 1234 274 NASONIS

242 349 303 398 In
327 365 502 398 nemus
526 349 596 397 ire
620 348 758 405 libet,
787 348 1075 413 pressisque
1099 348 1150 395 in
1174 347 1299 397 retia
1322 347 1495 403 cerviS,

309 425 509 475 Hortari
534 426 721 475 celeres
746 442 835 491 per
853 428 978 490 juga
1001 442 1196 474 summa
1219 441 1397 474 canes:

240 503 343 551 Aut
365 504 631 551 tremulum
656 519 869 551 excusso
887 504 1112 567 jaculum
1134 503 1326 551 vibrare
1344 503 1559 561 lacert03

307 580 410 628 Aut
433 581 483 628 in
508 578 762 644 graminea
783 596 969 647 ponere
993 596 1173 645 corpus
1199 580 1366 628 humo.

244 657 391 722 Saepe
410 659 552 722 juvat
574 674 769 706 versare
793 658 926 706 leves
951 657 1001 704 in
1025 659 1228 722 pulvere
1253 673 1442 713 currus,

1563 658 1627 703 45

307 735 645 799 Torquentem
669 735 818 783 frenis
844 751 930 783 ora
954 734 1184 798 sequacis
1210 734 1341 798 equi.

242 812 391 861 Nunc
416 814 560 872 feror,
586 821 643 862 ut
669 813 859 861 Bacchi
879 813 1016 861 furiis
1044 812 1296 860 Eleleides
1322 817 1462 867 actae,

309 890 535 954 Quaeque
560 891 652 938 sub
679 889 814 942 Idaeo
838 898 1080 955 tympana
1105 889 1230 937 colle
1255 894 1481 936 movent:

239 1056 278 1088 de
293 1056 413 1094 eadem,
429 1068 491 1098 quae
507 1063 598 1088 terret
615 1058 747 1088 Maenala
763 1069 869 1089 cornu.

238 1106 351 1148 virgil.
366 1106 409 1138 xi.

248 1155 370 1196 Spicula
376 1158 528 1197 torquebat
535 1156 628 1198 Lycio
637 1156 787 1197 Gortynia
795 1165 901 1187 corna.

738 1205 857 1236 HEINS.

280 1254 335 1285 41,
365 1253 562 1296 Pressisque]
589 1254 720 1290 prensis,
741 1254 902 1286 Puteanea

237 1308 385 1345 excerpta
392 1309 424 1334 et
433 1303 572 1345 quinque
586 1303 656 1334 libri
667 1314 706 1334 ex
716 1303 837 1334 nostris.
846 1304 901 1335 sed

234 1356 341 1392 pressis
368 1353 499 1396 probum
523 1358 583 1384 est.
613 1353 704 1394 Virg.
721 1353 766 1384 iii.
782 1353 900 1395 Georg-

240 1403 315 1434 413.

281 1451 438 1493 Ingentem
465 1453 592 1482 clamore
621 1463 732 1492 premes
759 1454 792 1483 in
825 1454 902 1483 retia

237 1512 368 1532 cervum.
413 1500 532 1531 mes.
548 1501 628 1532 Stat.
643 1501 684 1532 iv.
698 1501 799 1532 Theb.
812 1502 886 1532 322.

433 1549 538 1589 Nuper
553 1556 581 1580 te
593 1550 708 1590 pallida
720 1552 791 1586 vidi,

281 1597 363 1627 Dum
382 1600 501 1638 premis,
523 1600 624 1628 obnixo
646 1600 791 1630 venabula
808 1601 897 1630 comi-

323 1658 380 1677 nus
392 1658 475 1687 apro,

282 1695 399 1735 Poplite
421 1698 560 1727 succiduo
577 1700 749 1737 resupinum
773 1709 808 1728 ac
827 1708 900 1738 pene

323 1751 471 1776 ruentem.

238 1792 302 1824 Ubi
331 1793 486 1830 Lutatius,
514 1801 666 1825 venatores
691 1805 758 1825 cum
782 1796 901 1825 investi-

235 1848 323 1883 gant,
350 1849 465 1878 errant,
495 1855 562 1873 cum
584 1850 814 1884 Jnvsequmitur,
834 1855 901 1883 pre-

236 1897 334 1922 munt.
349 1902 381 1922 v.
399 1892 559 1923 Gebhard.
575 1892 615 1923 ad
630 1893 661 1923 N
665 1897 746 1935 epot.
762 1892 901 1924 Miltiad.

237 1950 268 1970 c.
285 1941 315 1970 3.
361 1941 477 1972 Bunm.

280 1990 334 2020 46.
362 1990 554 2033 Orafugacz's
569 1992 665 2033 equi.]
688 1991 823 2032 Sequaris
838 1991 900 2021 Pu-

236 2043 381 2070 teaneum
414 2040 572 2082 exemplar
607 2046 638 2071 et
674 2040 901 2071 Scriverianum

236 2097 308 2118 eum
340 2093 473 2128 quatuor
507 2089 586 2125 aliis,
616 2094 681 2120 tam
714 2088 777 2125 hic,
805 2099 900 2130 quam

235 2135 377 2178 Epistola
391 2137 494 2168 Herus
503 2137 607 2169 initio:

279 2185 415 2216 Flectitis
425 2186 579 2228 autfreno
590 2188 666 2218 colla
681 2189 808 2227 sequacis
817 2189 895 2227 equi.

236 2234 300 2265 Ubi
315 2234 409 2265 etiam
414 2236 543 2278 sagacis
558 2236 660 2277 vulgo.
676 2236 791 2278 Virgil.
807 2248 839 2267 x.

284 2283 325 2314 Ut
346 2285 423 2314 vidit
439 2284 544 2316 Pallas
559 2284 647 2316 Latio
667 2287 740 2316 dare
756 2292 840 2328 terga
854 2297 896 2317 se-

321 2335 422 2373 quaci.

236 2381 372 2412 Remed.
388 2381 496 2413 Amor.
509 2383 586 2414 246.

280 2429 372 2461 Nunc
391 2431 514 2471 leporem
527 2443 653 2472 pronam
672 2433 772 2464 catulo
788 2438 898 2464 sectare

320 2482 449 2520 sequaci.

237 2528 281 2560 Ut
297 2529 423 2570 quidem
434 2530 454 2562 J
458 2529 536 2561 ureti
552 2535 710 2572 excerpta.
727 2529 788 2562 Sed
799 2530 898 2561 verior

236 2576 339 2614 lectio,
378 2578 484 2609 Catulo
522 2582 634 2621 sagaci.
680 2579 730 2611 Ita
765 2580 894 2621 Calpur.

236 2625 346 2667 Eclog.
369 2626 392 2657 i.
416 2627 539 2668 Sequaci
560 2629 654 2665 oculo,
677 2634 710 2659 et
738 2629 896 2660 Licentius

235 2676 371 2706 carmine
401 2675 439 2706 ad
468 2676 604 2718 August.
634 2678 717 2719 apud
746 2677 832 2708 Pith.
861 2689 894 2720 p.

236 2723 313 2754 338.
337 2723 476 2765 Sequar-es
488 2726 607 2756 m'tulos.
620 2731 651 2757 et
666 2726 805 2758 Gratius.
819 2727 894 2757 411.

236 2771 349 2814 Sequar
370 2775 493 2806 malum.
518 2774 635 2807 Contra
657 2776 800 2808 Lucanus
829 2776 895 2808 viii.

971 1058 1003 1089 3.
1021 1057 1059 1088 de
1071 1067 1152 1097 equo
1167 1055 1264 1086 dixit:

1016 1107 1208 1146 Cornipedem
1229 1106 1402 1137 exhaustum
1423 1116 1514 1136 cursu
1528 1106 1633 1136 stimu-

1056 1157 1146 1196 lisque
1160 1162 1330 1197 negantem.

969 1205 1020 1237 Sic
1045 1207 1180 1246 sequacia
1202 1216 1271 1236 saxa
1295 1206 1412 1241 ducere,
1439 1203 1479 1235 de
1506 1203 1633 1246 Orpheo

969 1254 1057 1285 initio
1078 1255 1162 1284 Met.
1188 1254 1232 1284 xi.
1257 1253 1384 1294 Sequens
1406 1264 1526 1283 annona
1549 1252 1634 1295 apud

969 1304 1050 1334 Stat.
1075 1304 1164 1345 Sylv.
1186 1303 1231 1334 iv.
1252 1303 1293 1333 ad
1316 1302 1453 1333 Plotium
1475 1302 1631 1345 Grypum.

968 1353 1039 1384 vide
1060 1353 1099 1384 de
1125 1351 1262 1393 eleganti
1276 1362 1335 1382 usu
1358 1352 1424 1393 ejus
1450 1351 1533 1382 vocis
1554 1352 1633 1382 Gro-

968 1402 1094 1433 novium
1116 1401 1255 1432 Diatrib.
1276 1411 1306 1431 c.
1320 1400 1388 1431 xlv.
1404 1400 1448 1431 sic
1464 1405 1495 1431 et
1515 1401 1633 1431 Paren-

969 1457 1025 1482 tem
1040 1453 1153 1482 unctam
1172 1451 1287 1481 Noster
1305 1449 1385 1481 dixit
1396 1461 1405 1488 3
1429 1449 1469 1481 de
1484 1460 1545 1491 quo
1567 1450 1632 1491 egi-

968 1511 1038 1531 mus
1060 1500 1094 1531 ii.
1118 1499 1228 1530 Amor.
1252 1499 1304 1530 El.
1324 1499 1389 1530 xvi.
1415 1499 1443 1528 F
1445 1510 1566 1540 ugacem
1586 1504 1632 1530 ta-

967 1560 1038 1580 men
1053 1560 1158 1589 eqzmm
1173 1547 1359 1578 Ammianus
1378 1547 1437 1578 lib.
1455 1547 1520 1577 xix.
1537 1547 1631 1579 dixit:

967 1599 1085 1641 Fugaci
1109 1609 1179 1639 equo
1202 1600 1282 1628 ‘nudo
1308 1604 1334 1628 et
1356 1597 1472 1640 infreni
1494 1599 1632 1628 calonum

967 1650 1087 1689 quidam
1103 1650 1214 1679 sedens.
1239 1647 1417 1690 Propertius
1437 1647 1475 1677 de
1489 1647 1611 1678 Parthis
1625 1660 1632 1677 :

1013 1697 1218 1739 Telajitgacis
1239 1698 1317 1738 equi,
1332 1703 1360 1727 et
1378 1698 1509 1727 braccati
1531 1698 1635 1728 militis

1052 1758 1154 1778 arcus.

967 1795 1092 1827 Servius
1107 1796 1146 1826 ad
1162 1796 1220 1826 lib.
1233 1795 1257 1827 i.
1275 1795 1475 1837 Georg.2‘80.
1503 1795 1632 1826 Velocem

967 1855 1073 1885 equum
1078 1844 1227 1887 fugacem
1241 1846 1379 1875 dicimus.
1412 1845 1505 1876 Certe
1518 1845 1633 1875 Noster

968 1895 1092 1925 velocem
1107 1905 1222 1936 equum
1245 1894 1319 1925 alibi
1335 1905 1397 1924 non
1418 1894 1513 1925 semel
1529 1894 1608 1925 dixit
1622 1905 1630 1932 ;

968 1943 1026 1974 hoc
1045 1954 1117 1974 vero
1142 1943 1210 1974 loco
1234 1954 1349 1984 equum
1369 1943 1517 1973 describit
1539 1943 1634 1975 frenis

967 1998 1141 2034 parentem.
1167 1992 1300 2023 Rectius
1311 2003 1394 2033 ergo,
1403 1992 1540 2033 sequacis
1552 1995 1631 2034 equi.

968 2041 1012 2072 At
1027 2042 1119 2083 paulo
1135 2046 1205 2083 post
1219 2041 1277 2072 hac
1294 2041 1403 2072 eadem
1419 2041 1560 2083 epistola,

1011 2090 1211 2132 Sive-fugacis
1231 2092 1296 2130 equi
1317 2091 1467 2120 luctantia
1487 2091 1562 2121 colla
1583 2102 1631 2122 rc-

1052 2150 1169 2176 curvas,

965 2188 1038 2219 Duo
1050 2188 1120 2219 libri
1136 2188 1295 2224 exhibent,
1311 2198 1383 2219 cum
1394 2187 1426 2219 in
1442 2188 1576 2229 vulgatis
1587 2189 1632 2221 le-

965 2242 1057 2278 gatur
1063 2238 1192 2279 ferocis.
1239 2237 1360 2268 mes.

1008 2287 1062 2316 47.
1076 2286 1254 2327 Eleleides]
1275 2287 1392 2317 Omnes
1403 2284 1443 2315 ad
1455 2285 1537 2316 hunc
1548 2285 1631 2318 diem

968 2335 1094 2371 Eteides,
1120 2334 1152 2365 in
1169 2345 1230 2376 quo
1251 2334 1381 2370 nescias,
1406 2339 1509 2365 utrum
1533 2335 1632 2376 magis

965 2394 1092 2415 accuses
1107 2384 1328 2426 negligentiam
1350 2383 1511 2414 hommum
1529 2394 1569 2414 an
1584 2384 1630 2415 in-

964 2433 1096 2470 scitiam,
1133 2443 1173 2463 an
1208 2433 1311 2474 potius
1346 2438 1531 2473 utrumque:
1561 2433 1632 2475 quis

965 2482 1047 2513 enim
1063 2493 1124 2513 non
1140 2481 1246 2513 videat
1261 2492 1393 2517 versum,
1409 2481 1434 2512 si
1452 2482 1570 2512 Eleides
1585 2482 1630 2513 le-

963 2542 1029 2572 gas,
1060 2531 1248 2562 subsultare.
1272 2531 1338 2574 jam
1368 2530 1487 2562 Bacchi
1517 2541 1629 2563 nomeu

965 2580 1094 2617 Eleleus,
1105 2591 1165 2611 non
1178 2581 1268 2612 Eleus
1276 2586 1352 2611 erat.
1364 2580 1446 2622 quod
1458 2579 1565 2611 Ovidii
1574 2592 1629 2612 au-

963 2629 1089 2660 ctoritas
1099 2630 1385 2674 Metamorpiioseos
1400 2635 1487 2660 sexto
1499 2631 1609 2672 probat
1621 2642 1628 2661 :

1008 2678 1180 2719 Nycteleus,
1198 2678 1371 2719 Eleleusque
1383 2689 1504 2719 parens.

964 2727 1056 2763 Quod
1072 2738 1183 2763 noenen
1196 2727 1349 2770 Apollinis
1364 2727 1457 2758 etiam
1472 2738 1538 2759 esse
1554 2727 1626 2759 Ma-

963 2776 1084 2808 crobius
1121 2776 1267 2819 prodidit,
1303 2777 1484 2818 dictumque
1524 2777 1602 2808 illud
1618 2789 1624 2807 ε
