1849 3198
632 231 975 274 HEROIDES.
1009 234 1100 275 ΕΡ.
1125 234 1216 277 ΙΙΙ.
1559 240 1615 282 31

235 344 430 392 Bellum
450 352 580 394 erat:
603 346 684 394 ille
703 346 840 394 ferox
857 348 1030 412 positis
1051 351 1258 398 secessit
1276 353 1338 399 ab
1358 353 1523 412 armiS,
1550 357 1614 404 95

298 421 363 469 Et
386 423 555 487 patriae
582 423 739 485 rigida
761 431 928 472 mente
953 427 1150 487 negavit
1174 444 1337 490 opem.

234 500 352 547 Sola
374 502 531 548 virum
555 503 738 565 conjux
763 501 917 550 flexit.
956 502 1142 550 felicior
1165 504 1272 552 illa!

295 576 363 623 At
386 594 497 625 mea
520 594 608 642 pro
632 578 765 625 nullo
792 579 1010 642 pondere
1033 580 1184 628 verba
1207 582 1408 630 cadunt.

229 652 337 702 Nec
363 662 530 702 tamen
554 655 808 717 indignor:
837 672 928 703 nec
954 673 1033 704 me
1058 674 1146 721 pro
1172 661 1383 722 conjuge
1409 662 1556 722 gessi,

296 731 489 795 Saepius
514 731 563 778 in
587 732 841 779 dominum
867 750 1007 781 serva
1029 742 1204 782 vocata
1227 743 1405 784 torum.

1524 742 1614 786 100

227 807 313 855 Me
332 809 561 872 quaedam
590 809 835 871 (memini)
867 810 1131 858 Dominam
1156 813 1352 877 captiva
1375 816 1610 864 vocabat:

295 885 520 941 Servifio,
541 886 660 942 dixi,
681 886 892 934 nominis
919 888 1059 934 addis
1085 906 1225 937 onus.

224 961 324 1010 Per
346 970 513 1011 tamen
537 980 650 1011 ossa
672 965 776 1021 viri,
805 965 967 1012 subito
993 967 1121 1014 male
1146 973 1279 1014 tecta
1303 969 1546 1032 sepulcro,

292 1040 501 1105 Semper
511 1042 712 1104 judiciis
738 1059 851 1090 ossa
873 1044 1088 1091 verenda
1111 1045 1233 1092 meis
1252 1063 1262 1101 ;

224 1116 422 1182 Perque
447 1119 593 1166 trium
618 1120 768 1168 fortes
794 1121 999 1177 animas,
1022 1138 1133 1169 mea
1150 1123 1366 1178 numina,
1388 1122 1608 1182 fratrum,

290 1194 386 1250 Qui
411 1196 538 1244 bene
563 1213 650 1260 pro
675 1198 975 1262 patria,cum
1000 1199 1275 1263 patriaque,
1296 1201 1482 1263 jacent,
1516 1204 1607 1249 106

221 1356 355 1392 teremit,
389 1367 461 1388 cum
498 1358 564 1399 apri
601 1364 696 1400 caput
725 1359 882 1390 Atalantae

220 1406 377 1448 subripere
410 1407 587 1444 voluissent,
624 1408 707 1438 unde
744 1415 883 1440 exortum

221 1461 267 1486 est
291 1456 409 1487 bellum
436 1456 516 1487 inter
541 1458 662 1488 AEtolos
684 1464 715 1488 et
739 1459 881 1490 Curetes.

219 1497 306 1530 ANT.

261 1555 316 1585 94.
341 1554 480 1596 Spemque
508 1562 653 1596 caputque
689 1556 765 1596 διώ]
806 1558 878 1588 Ele-

219 1610 340 1644 ganter.
366 1605 433 1645 Spes
442 1604 523 1635 enim
538 1606 659 1647 proprie
670 1606 709 1637 de
723 1606 838 1642 liberis,
848 1607 879 1639 in

219 1654 332 1694 quibus
366 1653 493 1694 egregia
523 1654 643 1685 indoles
679 1655 878 1696 conspicitur.

218 1702 308 1743 Virg.
320 1703 362 1734 vi.
376 1703 503 1733 AEneid.
515 1704 590 1734 364.
611 1710 642 1735 et
663 1715 694 1734 x.
712 1706 787 1735 524.
821 1706 881 1736 Per

216 1764 290 1792 spem
316 1754 464 1794 surgentis
493 1752 568 1784 Iuli.
601 1754 683 1784 Vide
697 1754 736 1784 ad
752 1755 877 1786 Petron.

218 1813 288 1844 cap.
306 1801 349 1832 iv.

262 1852 407 1892 Pur-ens]
420 1852 537 1883 Althea
545 1852 662 1883 Thestii
679 1852 753 1890 filia,
765 1860 795 1884 et
805 1854 878 1885 Me-

216 1900 312 1941 leagri
328 1907 437 1932 mater.
483 1902 570 1932 Am.

259 1952 312 1982 95.
336 1950 421 1981 Bello
435 1957 499 1981 erat
514 1951 688 1994 illeferoiu]
702 1951 802 1982 Recte
815 1952 878 1983 Pu-

217 2005 357 2036 maneus,
374 2000 491 2031 Bellum
506 2007 588 2032 erat:
612 2002 663 2031 ille
675 2000 776 2042 ferm.
793 2002 876 2032 Fast.

217 2049 261 2080 iv.
282 2051 355 2080 880.
377 2049 498 2080 Turnus
519 2062 557 2080 an
577 2051 686 2081 [Encas
710 2050 804 2080 Latiae
823 2062 874 2093 ge-

216 2110 272 2129 ner
300 2105 368 2129 esset
397 2099 519 2135 Amans,
546 2098 663 2129 Bellum¹
688 2106 763 2130 erat.
779 2099 822 2131 sic
846 2105 877 2131 et

217 2148 283 2178 Par
298 2154 374 2184 erat,
390 2149 473 2179 Fast.
484 2148 505 2178 i.
519 2149 595 2179 285.

260 2198 326 2228 Pax
339 2204 415 2234 erat,
431 2204 459 2228 et
471 2200 570 2234 vestri,
587 2197 774 2234 Germanice,
788 2209 877 2229 causa

300 2248 443 2286 triumphi

260 2295 438 2326 Tradiderat
451 2294 590 2337 famulas
603 2297 672 2335 jam
689 2296 739 2325 tibi
756 2295 878 2326 Rhenus

299 2355 401 2384 aquas.

214 2392 332 2424 Auctor
347 2392 464 2434 Elegiae
479 2392 512 2423 in
526 2392 643 2424 obitum
658 2393 860 2424 Maecenatis:

259 2442 324 2472 Pax
353 2448 437 2472 erut:
463 2442 521 2473 haec
546 2443 611 2473 illos
640 2443 782 2473 laxarunt
814 2445 874 2473 otia

298 2493 410 2522 cultus.

214 2539 332 2571 Lucan.
345 2541 387 2571 iv.
404 2540 474 2571 196.

258 2590 323 2620 Pax
336 2597 415 2620 erat:
439 2596 465 2620 et
486 2591 588 2622 castris
608 2591 688 2621 miles
712 2593 872 2630 perminus

298 2641 442 2680 utrisque.

215 2687 285 2718 Pari
308 2687 398 2718 modo
417 2687 479 2717 Nm.
502 2694 577 2723 erut,
597 2688 661 2718 Lur
684 2694 760 2723 erat,
780 2694 811 2718 et
832 2687 872 2718 si-

214 2736 300 2767 milia
315 2736 396 2778 apud
413 2737 525 2767 Poctas
534 2736 637 2767 obvia.
663 2737 818 2767 Caeterum
834 2747 871 2767 ex

215 2784 350 2816 Homero
364 2784 533 2817 Historiam
550 2785 630 2816 hanc
646 2791 693 2816 est
715 2791 874 2816 mutuatus

951 1359 989 1390 de
1012 1359 1185 1401 Meleagro,
1201 1371 1295 1401 quam
1317 1360 1411 1391 Iliad.
1427 1361 1455 1391 Ι.
1475 1361 1609 1392 Phoenix

950 1409 1068 1439 Achilli
1091 1415 1206 1440 narrat.
1235 1411 1330 1441 Extat
1353 1416 1384 1441 et
1405 1410 1488 1452 apud
1510 1410 1609 1442 Anto-

950 1458 1057 1489 ninum
1068 1459 1242 1489 Liberalem
1252 1459 1463 1501 Metamorph.
1479 1460 1504 1489 F
1506 1460 1557 1490 ab.
1575 1459 1608 1491 ii.

951 1508 1057 1539 Codex
1081 1508 1336 1550 GottorphianuS,
1354 1509 1455 1540 Marte
1473 1517 1538 1540 erat
1560 1511 1611 1541 ille

937 1557 1039 1598 j'eror.
1086 1557 1174 1587 Hfflx
1181 1580 1187 1587 .

991 1607 1139 1647 senessia]
1167 1607 1267 1643 Forte,
1278 1609 1378 1646 positis
1389 1614 1541 1638 secesserat
1555 1620 1606 1638 ar-

946 1658 1011 1687 mis.
1026 1656 1076 1687 vel
1091 1658 1126 1685 ab
1141 1658 1240 1692 armis,
1256 1656 1288 1686 id
1304 1662 1359 1691 est,
1372 1663 1440 1698 post
1456 1668 1541 1688 arma
1555 1668 1608 1699 po-

947 1704 1007 1735 sita
1030 1709 1212 1736 secesserat.
1230 1711 1264 1736 ut
1288 1705 1389 1747 Epist.
1415 1705 1551 1747 praeced.
1576 1718 1607 1737 v.

948 1754 1001 1785 85.
1048 1755 1165 1784 anm.

989 1804 1044 1834 97.
1069 1803 1135 1833 Sola
1149 1805 1246 1833 virum
1268 1804 1531 1844 coujuurflesit]
1551 1804 1607 1834 Al-

947 1862 1044 1893 cyone
1072 1851 1198 1893 Hygino
1227 1852 1304 1882 Fab.
1331 1851 1447 1882 clxxiv.
1477 1863 1546 1893 quae
1577 1859 1608 1883 et

947 1901 1115 1943 Cleopatra
1137 1901 1294 1932 Antonino
1318 1901 1464 1937 Liberali,
1488 1908 1517 1932 et
1541 1903 1606 1933 Ho-

946 1961 1039 1985 mero,
1074 1951 1162 1992 cujus
1199 1950 1377 1981 Scholiastae
1422 1950 1502 1982 hanc
1539 1952 1605 1982 Idae

946 1999 1082 2041 Apharei
1092 2006 1122 2030 et
1136 2000 1299 2041 Marpissae
1310 2000 1407 2031 Eveni
1419 2000 1489 2031 filiae
1500 2006 1605 2032 natam

945 2048 1073 2085 faciunt,
1090 2055 1124 2079 ut
1147 2054 1177 2079 et
1200 2048 1406 2091 Apollodorus
1432 2049 1463 2080 in
1486 2050 1604 2081 Biblio-

943 2098 1047 2129 theca.
1065 2109 1126 2139 quo
1147 2104 1235 2135 teste,
1250 2105 1318 2140 post
1344 2099 1498 2140 Meleagri
1523 2110 1604 2130 mor-

943 2152 1006 2178 tem
1021 2158 1086 2178 sese
1102 2147 1169 2188 ipsa
1183 2147 1350 2178 interemit.
1396 2148 1499 2178 HEIN.

989 2197 1062 2227 104.
1084 2196 1243 2237 Judiciis]
1257 2197 1374 2228 Janum
1390 2197 1523 2228 Ulitium
1539 2208 1603 2228 ma-

943 2244 1036 2276 luisse
1050 2247 1211 2285 suppliciis,
1231 2245 1349 2276 notavit
1370 2246 1527 2278 Francius.
1549 2247 1604 2278 sed

943 2293 1021 2324 nihil
1032 2294 1218 2325 movendum
1232 2294 1344 2325 docent
1355 2295 1434 2326 loca.
1447 2296 1497 2326 De
1508 2296 1602 2327 Pont.

943 2341 986 2373 iii.
997 2354 1028 2373 v.
1039 2344 1091 2374 52.

988 2393 1261 2434 Camlidajudiciis
1275 2395 1330 2425 illa
1345 2396 1383 2425 sit
1398 2395 1470 2425 hora
1484 2397 1566 2426 meis.

941 2441 982 2472 Et
997 2441 1039 2472 iv.
1058 2443 1088 2472 3.

985 2491 1043 2521 Ille
1057 2493 1244 2533 ega-judiciis
1258 2493 1349 2522 unica
1364 2504 1446 2523 musa
1464 2494 1535 2523 tuis.

941 2541 981 2571 Et
995 2541 1086 2582 Eleg.
1100 2542 1151 2571 10.

981 2590 1113 2620 Jmliciis
1138 2592 1235 2632 igitur
1259 2591 1345 2621 liceat
1371 2589 1535 2630 Flaccoque
1560 2592 1599 2620 ei-

1026 2640 1110 2678 hique

984 2686 1104 2717 Talibus
1138 2688 1269 2728 Augusti
1305 2694 1417 2727 temqu¹
1450 2690 1483 2718 in
1519 2699 1600 2718 omne

1015 2736 1103 2778 frui.
1150 2737 1265 2768 Bunm.
