1849 3198
638 252 984 296 HEROIDES.
1018 253 1110 295 ΕΡ.
1144 253 1181 295 Ι.
1573 255 1602 296 3

215 369 425 426 Quando
450 386 542 433 ego
567 385 665 417 non
689 369 830 416 timui
855 368 1078 431 graviora
1100 369 1320 434 pericula
1340 369 1500 418 veris?

282 447 384 495 Res
410 454 487 495 est
511 446 706 495 solliciti
731 446 880 510 plena
902 446 1091 495 timoris
1116 462 1267 495 amor.

214 523 272 570 In
296 531 346 572 te
369 524 619 588 fingebam
642 523 882 570 violentos
908 521 1062 570 Troas
1088 523 1270 572 ituros:

280 601 494 650 Nomine
519 602 569 649 in
595 600 844 649 Hectoreo
869 600 1055 664 pallida
1079 617 1275 665 semper
1299 617 1450 649 eram.

215 679 328 727 Sive
347 679 459 742 quis
474 678 794 727 Antilochum
820 679 1049 726 narrabat
1068 680 1130 727 ab
1151 678 1370 727 Hectore
1387 679 1597 736 victum3

278 755 570 803 Antilochus
595 755 749 803 nostri
774 771 954 803 caussa
975 756 1164 803 timoris
1188 763 1321 804 erat:
1542 759 1600 803 16

214 834 328 881 Sive
353 833 693 882 Menoetiaden
717 833 852 881 falsis
877 834 1120 882 cecidisse
1145 834 1238 882 sub
1264 834 1440 892 armis3

282 911 485 959 Flebam
511 929 746 960 successu
771 928 919 976 posse
944 925 1110 959 carere
1135 911 1290 959 dolos

214 987 466 1051 Sanguine
485 988 802 1053 Tlepolemus
824 988 1029 1054 Lyciam
1054 988 1357 1052 tepefecerat
1375 989 1568 1036 hastam
1586 1007 1596 1046 ;

279 1065 552 1130 Tlepolemi
576 1067 675 1114 leto
700 1083 819 1114 cura
842 1074 1019 1114 novata
1042 1082 1154 1113 mea
1177 1074 1269 1114 est.

1538 1070 1603 1112 20

213 1142 461 1206 Denique,
488 1144 717 1208 quisquis
743 1152 849 1192 erat
872 1145 1047 1192 castris
1066 1144 1322 1208 jugulatus
1347 1143 1566 1200 Achivis,

279 1219 523 1283 Frigidius
549 1221 707 1284 glacie
732 1228 907 1286 pectus
934 1221 1143 1269 amantis
1169 1228 1289 1269 erat.

214 1296 315 1344 Sed
339 1298 467 1345 bene
492 1299 739 1347 consuluit
761 1306 899 1348 casto
926 1300 1063 1347 Deus
1088 1315 1261 1363 aequus
1286 1299 1455 1347 amori.

277 1374 436 1423 Versa
458 1383 535 1424 est
558 1376 608 1423 in
632 1377 848 1426 cinerem
873 1377 1059 1442 sospite
1082 1376 1232 1440 Troja
1253 1376 1371 1424 viro.

209 1483 294 1526 quod
315 1484 390 1515 mihi
407 1485 632 1527 praeferendum
652 1486 784 1524 videtur,
800 1488 874 1530 quia

210 1540 434 1576 praeccsserunt
449 1537 531 1565 tardi
551 1537 623 1566 dies.
640 1547 742 1578 neque
758 1537 873 1574 nescio,

211 1583 311 1625 poetis
326 1595 408 1626 saepe
423 1584 611 1625 singularem
628 1596 789 1618 numerum
805 1597 873 1628 pro-

211 1632 289 1669 bari,
305 1638 339 1663 ut
364 1644 435 1664 mox
451 1633 599 1665 Heinsius
614 1634 755 1677 pluribus
773 1642 875 1666 osten-

209 1682 276 1713 det.
331 1681 392 1712 Sed
411 1682 462 1713 hic
487 1682 639 1724 pluralem
663 1683 875 1725 recipiendum

211 1742 332 1767 censeO,
353 1731 427 1772 quia
449 1731 487 1762 de
503 1731 596 1773 longa
611 1732 752 1763 absentia
773 1732 875 1774 queri-

211 1787 273 1812 tur.
311 1781 422 1811 Horat.
438 1781 485 1812 iii.
500 1781 564 1812 Od.
578 1782 610 1812 7.

343 1830 399 1861 Ille
414 1833 489 1861 notis
503 1838 589 1861 actus
602 1833 642 1862 ad
659 1832 794 1869 Oricum,

258 1880 327 1910 Post
344 1882 448 1911 insana
466 1880 569 1920 Caprae
583 1881 840 1923 sidera,frigidns

300 1929 418 1965 Noctes,
433 1941 492 1959 non
507 1931 569 1960 sine
584 1931 687 1960 multis

342 1977 488 2008 Insomnis
503 1979 644 2015 lacrimis,
659 1980 735 2021 agit.

213 2027 254 2058 Et
268 2027 324 2059 lib.
338 2027 361 2057 i.
378 2027 442 2058 Od.
456 2028 510 2059 25.

259 2077 309 2107 Me
325 2083 374 2107 tuo
389 2078 491 2118 longas
503 2082 645 2116 pereunte
659 2083 765 2107 noctes.

215 2125 277 2157 Ubi
294 2126 407 2157 nollem
422 2133 529 2157 contra
548 2125 671 2157 codices
685 2125 791 2168 reponi
808 2126 871 2156 lon·

212 2187 282 2217 gum
302 2183 424 2208 noctem.
467 2175 643 2217 Propertius
656 2175 686 2205 I.
706 2175 797 2216 Eleg.
815 2174 870 2206 xii.

218 2225 267 2256 13.

259 2274 351 2304 Nunc
372 2275 503 2314 primum
530 2275 631 2315 longas
653 2275 730 2304 solus
753 2284 872 2316 cognos-

300 2334 364 2353 cere
381 2330 475 2354 noctes
493 2324 598 2365 Cogor.

216 2372 330 2403 Noster
345 2372 446 2413 Epist.
463 2372 538 2403 xvii.
556 2373 629 2403 181.

260 2421 299 2452 Et
315 2422 407 2463 lougae
424 2429 528 2458 noctes,
543 2424 645 2462 etjam
663 2432 790 2453 sermone
811 2423 872 2452 συῒ-

299 2482 374 2501 ‘Illus-

219 2519 327 2559 Longoe
353 2530 424 2549 vero
449 2524 479 2549 et
507 2521 636 2558 spaciosae
662 2524 767 2549 noctes
791 2518 873 2549 idem

216 2560 335 2598 notant.
381 2567 465 2598 Finis
479 2567 610 2604 deesset,
626 2568 651 2598 si
672 2568 775 2599 omnia
790 2574 874 2599 vete-

216 2628 282 2648 rum
299 2617 367 2648 loca
388 2617 559 2659 constipare
575 2617 737 2648 vellemus.
754 2623 788 2647 ut
804 2628 875 2648 vcro

216 2665 267 2697 hic
280 2665 406 2707 frigida
421 2668 592 2706 jacuissem,
614 2665 658 2696 ita
686 2671 717 2696 et
735 2666 876 2707 frigidas

217 2721 323 2751 noctes,
348 2715 427 2745 dixit
450 2715 607 2751 Horatius,
624 2715 679 2745 lib.
693 2714 739 2745 iii.
763 2715 827 2746 Od.
841 2716 872 2746 7.

219 2764 337 2794 Burni.

264 2812 385 2843 Fallere
409 2813 548 2854 noctem]
581 2813 698 2845 Eodem
729 2813 818 2844 modo
845 2813 874 2844 in

941 1488 1042 1530 Epist.
1060 1486 1099 1517 ad
1110 1485 1285 1518 Leandrum
1297 1486 1380 1518 dicet
1390 1487 1522 1530 decipere
1534 1499 1601 1518 uoc-

941 1543 997 1568 tem
1009 1549 1018 1566 .·

985 1586 1034 1616 Sic
1050 1587 1099 1615 ubi
1113 1586 1237 1624 decepta?
1250 1595 1321 1626 pars
1335 1592 1375 1616 est
1391 1585 1463 1616 mihi
1477 1588 1603 1617 murima

1028 1636 1123 1664 noctis

987 1684 1074 1719 Acta,
1086 1682 1286 1725 sztbitfurtim
1300 1682 1499 1726 luminasessa
1510 1695 1602 1723 sopor.

1461 1733 1602 1765 C1orAx.

990 1783 1039 1813 15.
1063 1781 1129 1812 Sive
1150 1782 1215 1821 quis
1230 1781 1448 1822 Antilochum]
1474 1783 1603 1814 Vossius

942 1831 1027 1862 Artis
1043 1831 1264 1862 Grammaticae
1285 1830 1341 1862 lib.
1355 1831 1389 1861 ii.
1406 1833 1528 1872 cap.24
1558 1832 1601 1863 ita

942 1880 1044 1911 locum
1066 1886 1170 1910 tuetur
1190 1879 1337 1910 adversus
1351 1880 1550 1918 Politianum,
1567 1887 1602 1912 ut

942 1929 1059 1960 victum
1097 1930 1135 1959 ab
1164 1928 1301 1959 Hectore
1329 1928 1531 1960 Antilochum
1563 1929 1599 1960 li-

941 1989 1035 2019 quere
1046 1977 1213 2009 contendat
1224 1989 1261 2008 ex
1271 1978 1337 2019 ipso
1353 1979 1498 2015 Homero,
1510 1979 1603 2011 Iliad.

941 2028 1071 2059 N.l77.
1110 2028 1202 2058 Certe
1224 2033 1271 2059 est
1295 2027 1381 2059 aliud
1397 2028 1490 2065 vinci,
1515 2029 1600 2061 aliud

939 2076 1058 2107 occidi.
1106 2077 1279 2107 mesu's.

986 2128 1036 2157 17.
1062 2126 1293 2166 Menoetiade11.]
1329 2126 1507 2157 Patroclum
1529 2127 1600 2158 Me-

939 2175 1029 2206 noetii
1044 2175 1155 2206 filium.
1189 2175 1342 2206 Homerus
1356 2174 1412 2206 lib.
1422 2175 1487 2207 xvi.
1509 2176 1602 2207 Iliad.

939 2232 970 2256 et
985 2225 1130 2267 Hyginus
1145 2235 1215 2266 cap.
1232 2225 1304 2255 106.
1343 2225 1484 2257 C1orAN.

985 2275 1036 2305 19.
1056 2274 1212 2315 Sanguine
1230 2274 1436 2314 Tlepolemus]
1463 2274 1601 2316 Phyleus

938 2323 1190 2365 Thesprotiorum
1211 2333 1265 2354 rex
1288 2322 1384 2354 filiam
1406 2323 1516 2354 habuit
1539 2324 1600 2355 As-

940 2373 1084 2414 tyochen,
1100 2383 1137 2403 ex
1160 2383 1222 2413 qua
1244 2372 1396 2403 Hercules
1417 2372 1514 2403 filium
1529 2374 1600 2405 Tle-

940 2421 1097 2462 polemum
1112 2421 1232 2461 genuit.
1256 2421 1282 2452 is
1303 2432 1374 2452 cum
1393 2421 1426 2452 in
1440 2422 1531 2453 domo
1545 2433 1601 2465 pa-

941 2476 1029 2501 terna
1056 2470 1252 2512 Lycimnium
1288 2470 1383 2513 patris
1419 2481 1599 2512 germanum

941 2520 1135 2555 trucidasset,
1165 2520 1280 2550 veritus
1315 2519 1475 2557 ultionem,
1510 2521 1600 2562 fugit.

941 2575 972 2598 et
984 2568 1089 2599 Rhodi
1105 2569 1136 2599 in
1150 2574 1269 2610 partem
1285 2568 1371 2609 regni
1387 2576 1528 2611 receptus
1542 2576 1600 2605 est,

941 2618 1024 2648 unde
1051 2617 1180 2648 navibus
1208 2628 1320 2648 novem
1348 2617 1381 2648 in
1407 2618 1598 2649 obsidionem

940 2666 1105 2708 Trojanam
1132 2666 1229 2697 venit.
1255 2666 1337 2697 hunc
1362 2667 1520 2709 Sarpedon
1538 2668 1598 2709 Ly-

942 2715 1057 2746 ciorum
1070 2726 1122 2746 rex
1138 2715 1305 2746 interemit.
1350 2716 1438 2748 Axr.

987 2764 1142 2804 Lycium]
1168 2765 1295 2806 Propter
1311 2765 1518 2808 Sarpedonem
1539 2765 1597 2807 Ly-

943 2813 998 2843 ciae
1030 2823 1144 2853 regem,
1174 2813 1227 2854 qui
1255 2813 1468 2857 Tlepolemum
1504 2813 1598 2846 inter-

987 2863 1013 2892 B
1030 2863 1049 2892 2
