1849 3198
168 185 252 226 276

564 183 610 221 Ρ.
646 181 859 222 OVIDII
895 180 1175 222 NASONIS

177 300 570 359 Contrectatque
597 297 751 351 sinus,
779 304 828 343 et
853 296 1058 343 forsitan
1083 296 1253 342 oscula
1271 296 1451 358 jungit.

244 375 419 421 Officio
445 389 634 420 merces
661 372 851 436 plenior
870 372 964 419 ista
989 388 1078 418 suo
1104 379 1195 419 est.

176 452 299 506 Quis
324 451 414 498 tibi
438 450 663 514 permisit
688 456 880 496 nostras
905 464 1215 511 praecerpere
1239 449 1462 496 messes?

242 528 322 574 Ad
348 543 520 590 sepem
546 525 747 573 alterius
774 525 886 587 quis
912 525 1002 571 tibi
1028 524 1145 572 fecit
1168 525 1297 572 iter?

176 605 278 652 Iste
303 605 439 651 sinus
465 621 605 652 meus
632 610 734 650 est:
776 618 888 649 mea
912 602 1122 665 turpiter
1146 603 1316 649 oscula
1336 601 1506 648 sumis.

239 682 284 728 A
310 682 430 729 mihi
454 681 697 745 promisso
723 695 928 743 corpore
954 679 1070 726 tolle
1096 695 1288 726 manus.

1473 680 1563 725 146

175 759 424 823 Improbe,
452 759 569 806 tolle
594 774 786 804 manus
827 773 978 820 quam
1003 756 1182 818 tangis,
1210 762 1378 803 nostra
1400 755 1565 802 futura

240 837 514 884 Postmodo
541 836 581 882 si
606 835 758 883 facias
784 835 932 890 istud,
961 834 1153 881 adulter
1178 833 1290 881 eris.

1448 833 1562 894 [est.

177 914 319 976 Elige
345 914 407 960 de
432 913 617 967 vacuiS‚
645 928 796 975 quam
822 928 920 958 non
946 910 1039 957 sibi
1060 910 1279 957 vindicet
1303 910 1442 957 alter.

245 991 299 1037 Si
325 991 503 1045 1105015,
530 989 786 1036 dominum
812 1003 890 1034 res
916 988 1069 1034 habet
1093 987 1188 1034 ista
1212 1002 1372 1033 suum.

1473 988 1565 1032 150

178 1067 285 1114 Νο0
312 1067 431 1113 1111111
458 1065 755 1113 credideris:
796 1063 1032 1111 recitetur
1056 1062 1265 1111 formula
1288 1063 1439 1127 pacti.

245 1144 358 1191 Neu
383 1143 557 1191 falsam
583 1144 721 1190 dicas
747 1158 886 1198 esse;
926 1140 1035 1188 face
1060 1141 1169 1204 ipsa
1191 1141 1340 1203 legat.

176 1221 394 1269 Alterius
420 1221 655 1275 thalamo,
683 1219 773 1266 tibi
800 1235 906 1274 1105,
935 1218 1024 1265 tibi
1051 1218 1280 1274 dicimus,
1308 1218 1405 1265 exi.

243 1298 375 1352 Quid
400 1297 521 1344 facis
547 1297 661 1344 hic?
699 1297 803 1353 exi;
846 1311 943 1342 11011
968 1302 1111 1342 vacat
1135 1296 1229 1342 iste
1253 1303 1406 1342 torus.

177 1375 307 1422 Nam
335 1374 470 1437 quod
497 1374 651 1419 habes
678 1379 728 1418 et
752 1379 805 1418 tu
832 1371 1031 1418 humani
1052 1372 1202 1418 verba
1227 1372 1380 1419 altera
1405 1372 1562 1435 pacti3

243 1452 357 1498 Non
383 1450 475 1496 erit
500 1450 683 1496 idcirco
709 1464 796 1512 par
821 1455 907 1495 tua
931 1464 1109 1496 caussa
1133 1465 1273 1496 meae.

175 1598 214 1628 ad
239 1598 382 1627 Fronton.
399 1596 454 1626 lib.
480 1595 525 1625 iii.
551 1595 687 1636 Strateg.
704 1606 774 1637 cap.
793 1595 836 1624 iii.

174 1654 249 1678 sect.
266 1647 296 1676 6.
343 1647 460 1676 Bran.

222 1697 294 1726 142.
334 1695 458 1725 Plenior
492 1695 545 1723 illa
584 1706 634 1724 suo
664 1694 733 1733 est]
774 1693 835 1723 Ista

173 1744 293 1787 scripti.
333 1743 508 1773 mesrrs.
562 1743 685 1773 Plenior
711 1742 761 1772 hic
791 1748 838 1772 est

174 1795 282 1835 major,
313 1792 464 1834 amplior3
501 1791 657 1834 proprium
691 1791 729 1821 de
758 1791 837 1822 divi-

174 1843 225 1874 tiis
262 1842 462 1873 vocabulum.
512 1841 555 1871 ita
591 1840 734 1871 Martial.
782 1840 835 1870 vii.

176 1895 227 1923 45.

221 1941 374 1971 Divitibus
386 1945 504 1978 poteriis
519 1950 615 1969 muscis
630 1940 780 1979 elegosque
795 1950 836 1967 so-

303 1994 410 2018 nantes

263 2038 398 2071 Mittere,
411 2038 595 2076 pauperibus
611 2047 733 2066 munera
748 2037 836 2075 plena

302 2089 385 2116 (lato.

177 2138 221 2168 Ut
235 2136 404 2177 legendum
420 2140 503 2165 recte
519 2135 648 2165 Vossius
664 2134 702 2165 ad
720 2134 836 2165 Catulli

175 2196 272 2216 carm.
290 2184 356 2214 xiii.
372 2194 438 2214 esse
452 2189 569 2218 censet,
584 2188 615 2213 et
628 2183 778 2224 explicat.
794 2183 839 2213 ita

177 2234 260 2276 apud
278 2234 387 2263 Horat.
405 2232 439 2262 ii.
456 2232 519 2262 Od.
540 2233 590 2262 12.
631 2232 741 2262 Plenas
757 2233 836 2262 Ara-

177 2286 244 2314 bum
258 2285 365 2313 domas.
397 2281 586 2312 Scholiastes
601 2284 708 2312 divites
723 2282 837 2313 reddit.

178 2333 280 2363 Cicer.
303 2331 357 2362 vii.
374 2330 413 2361 ad
440 2331 527 2360 Fam.
550 2330 580 2360 9.
615 2330 717 2360 Serius
742 2333 840 2370 potius

176 2385 217 2413 ad
239 2393 300 2417 uos,
323 2383 394 2411 rium
415 2382 545 2420 plenior.
571 2379 645 2411 Vid.
671 2380 775 2411 Graev.
800 2381 839 2411 ad

178 2431 279 2462 Cicer.
308 2441 361 2471 pro
391 2429 467 2459 Ros.
493 2428 600 2459 Amer.
629 2430 662 2459 2.
686 2435 716 2460 01
738 2429 781 2460 sic
807 2441 837 2459 v.

178 2480 269 2510 Vei-r.
300 2479 353 2509 56.
406 2478 554 2507 Plenior-es
584 2488 637 2518 pro
665 2477 838 2509 ditioribus.

179 2529 294 2559 Bwnm.

225 2578 297 2607 144.
324 2577 370 2606 Ad
387 2588 446 2615 spes
467 2577 594 2605 alterins
610 2578 673 2615 ‹Jiiis
693 2577 744 2605 tibi
757 2576 836 2616 fecit

178 2626 271 2666 iter?]
300 2627 347 2655 Ad
374 2636 464 2664 sepem
492 2626 617 2655 alterins
643 2624 740 2655 codex
760 2635 839 2656 unus

180 2674 344 2705 Mediccus
354 2684 424 2704 curn
437 2673 536 2715 prima
548 2673 694 2704 editione.
704 2674 837 2715 optime:

179 2723 311 2766 persistit
335 2723 416 2754 enim
443 2722 473 2752 in
491 2722 683 2763 metaphora.
703 2727 732 2752 et
748 2734 837 2761 sepem

1475 1451 1566 1496 156

906 1595 984 1626 dixit
1000 1605 1054 1636 pro
1077 1605 1150 1635 agro
1164 1594 1289 1636 sepibus
1304 1593 1434 1624 munito.
1452 1592 1496 1624 sic
1512 1590 1566 1624 lib.

905 1643 952 1673 iii.
966 1644 1036 1673 Art.
1053 1644 1129 1674 562.

952 1692 990 1720 Te
1005 1702 1114 1731 semper
1129 1692 1218 1726 norit,
1232 1692 1284 1720 tibi
1299 1701 1409 1730 semper
1425 1691 1567 1721 inhaereat

1033 1743 1105 1771 uni:

995 1790 1150 1831 Cingenda
1181 1796 1222 1819 est
1254 1790 1325 1819 altis
1360 1790 1473 1829 sepibus
1508 1791 1566 1820 ista

1033 1850 1122 1880 seges.

906 1887 989 1917 Hinc
1005 1892 1036 1917 et
1052 1888 1134 1929 apud
1150 1888 1264 1929 virgil.
1278 1887 1309 1917 in
1325 1887 1497 1928 Georgicis,
1512 1887 1567 1919 lib.

906 1936 929 1966 i.
946 1937 1020 1967 270.
1065 1937 1163 1978 Segeti
1179 1938 1362 1976 praetendere
1376 1947 1480 1975 sepem.
1525 1936 1567 1967 Et

905 1989 998 2026 sepire
1019 1993 1143 2028 segetem
1169 1986 1339 2018 Columell.
1365 1985 1420 2016 lib.
1438 1985 1472 2016 ii.
1493 1996 1566 2028 cap.

907 2036 983 2067 xxii.
1018 2037 1067 2066 Ad
1090 2048 1166 2076 spem
1191 2037 1318 2066 alterius
1341 2034 1513 2066 Patavinus
1535 2040 1568 2066 et

906 2085 1148 2121 Arondelianus‚
1195 2084 1332 2127 proxime
1370 2083 1410 2114 ad
1446 2094 1567 2115 verum.

906 2134 1026 2165 mes.

953 2183 1024 2214 145.
1051 2181 1220 2222 Tui-picem]
1247 2181 1328 2211 Cum
1354 2180 1506 2212 dedecore
1535 2187 1567 2212 et

906 2231 1046 2262 infamia.
1092 2231 1186 2261 Cmr.

952 2281 1024 2311 153.
1049 2279 1115 2309 Tibi
1140 2290 1201 2315 7105,
1228 2280 1281 2308 tibi
1305 2278 1462 2318 dicimm]
1489 2278 1564 2309 Ele-

906 2340 983 2370 gans
1006 2334 1037 2359 et
1051 2327 1197 2358 solemnis
1212 2326 1431 2368 increpationis
1449 2326 1566 2367 gravis-

907 2378 983 2409 sime
1000 2376 1144 2408 formula.
1156 2376 1200 2408 ix,
1213 2376 1295 2406 Met.
1316 2376 1387 2406 122.

1212 2424 1286 2459 Tibi,
1305 2424 1393 2455 Nesse
1411 2423 1554 2465 bisbrmis,

957 2476 1100 2510 Dicimus,
1123 2476 1242 2508 eraudi,
1272 2485 1325 2504 uec
1353 2485 1399 2504 ‘res
1424 2475 1569 2512 intercipe

1035 2530 1158 2554 vostras.

907 2574 988 2604 Vide
1004 2573 1043 2603 ad
1060 2572 1182 2603 Phaedri
1198 2572 1252 2603 lib.
1265 2572 1307 2602 iv.
1324 2571 1402 2601 Fab.
1422 2571 1470 2600 19.
1484 2570 1566 2601 male

907 2623 956 2654 hic
969 2622 1124 2654 Junianus
1138 2634 1146 2659 ;
1175 2623 1217 2652 ret
1233 2633 1282 2652 nos
1298 2622 1351 2651 tibi
1366 2622 1491 2650 dicimus
1506 2621 1563 2650 eii.

906 2672 1048 2714 sequenti
1072 2682 1160 2702 versu
1183 2671 1272 2701 multi
1289 2668 1370 2701 'editi
1395 2675 1425 2699 et
1450 2669 1566 2710 scripti,

907 2721 1088 2762 quidfaeis?
1112 2722 1180 2750 him·
1196 2722 1252 2750 eii.
1300 2720 1415 2749 Bmmi.
