1849 3198
840 201 900 238 VI
907 201 993 238 TA.
1575 216 1624 238 xv

324 311 422 348 Ossa
440 318 569 348 tamen
588 310 703 348 facito
722 324 838 361 parva
856 311 1073 348 referantur
1091 310 1131 346 in
1151 323 1245 347 urna
1262 326 1270 347 :

379 372 444 410 Sic
463 386 532 423 ego
551 386 625 410 non
645 372 761 410 etiam
781 379 956 410 mortuus
975 371 1086 410 exsul
1105 385 1180 409 ero.

324 435 415 473 Non
432 442 538 473 vetat
557 435 627 473 hoc
645 434 846 485 quisquam
862 450 870 471 :
901 435 1060 472 fratrem
1081 433 1265 472 Thebana
1284 441 1499 485 peremtum

378 497 588 548 Supposuit
605 496 757 534 tumulo
775 510 865 547 rege
883 503 1040 534 vetante
1059 510 1172 534 soror.

324 560 458 610 Atque
477 573 520 597 ea
535 573 621 597 cum
640 559 754 604 foliis,
774 567 813 597 et
833 559 970 596 amomi
989 559 1150 609 pulvere
1168 560 1297 604 misce,

377 622 511 673 Atque
529 622 748 660 suburbano
766 621 920 659 condita
938 621 1050 659 crede
1069 621 1147 659 solo
1160 636 1171 667 3

331 685 513 735 Quosque
531 684 634 735 legat
654 698 786 722 versus
804 683 912 722 oculo
930 691 1159 734 properante
1177 685 1312 729 viator,

380 747 600 785 Grandibus
619 748 659 784 in
678 747 821 785 tumuli
840 761 1026 785 marmore
1045 747 1146 785 caede
1166 749 1289 785 notis:

327 810 411 848 ch
433 822 516 847 EGO
534 823 609 853 QUI
628 822 761 848 JACEO
781 823 1056 848 TENERORUM
1079 823 1214 848 LUSOR
1234 823 1433 855 AMORUM,

380 873 570 911 INGENro
590 885 715 910 PERn
737 873 854 910 NAso
874 886 1013 911 POETA
1033 886 1137 911 MEO.

327 936 384 974 At
403 935 475 974 tibi
494 936 559 986 qui
578 936 729 982 transis,
751 950 826 974 non
845 937 895 974 sit
915 950 1043 986 grave,
1063 938 1236 988 quisquis
1255 938 1402 982 amasti,

379 999 518 1037 Dicere
534 1013 542 1035 :
574 998 740 1037 Nasonis
758 998 924 1037 molliter
943 1013 1025 1037 ossa
1044 1000 1186 1037 cubent
1204 1001 1211 1036 !

282 1129 443 1171 Missus
471 1137 613 1170 autem
633 1129 713 1170 fuit
740 1130 782 1170 in
809 1128 1004 1170 exsilium
1035 1143 1145 1170 anno
1166 1129 1332 1184 imperii
1353 1129 1541 1184 Augusti
1563 1145 1627 1171 se-

224 1198 366 1241 cundo
396 1204 439 1239 et
467 1197 835 1252 quinquagesimo,
867 1196 934 1239 vel
967 1198 1156 1239 circiter:
1199 1198 1347 1252 quinto
1378 1204 1520 1238 autem
1551 1197 1626 1239 Ti-

225 1267 332 1308 berii
358 1265 508 1307 Tomis
536 1265 652 1319 apud
685 1265 822 1306 Getas
854 1266 967 1307 diem
997 1266 1115 1307 obiit.
1180 1265 1252 1306 Ex
1282 1280 1368 1320 quo
1398 1264 1625 1319 colligitur,

225 1332 443 1376 exsulasse
465 1347 596 1373 annos
614 1340 725 1382 octo,
749 1340 792 1374 et
818 1348 984 1374 menses
1012 1332 1187 1387 aliquot.
1251 1332 1479 1388 Sepultum
1499 1334 1625 1375 etiam

222 1404 349 1458 juxta
370 1400 577 1456 oppidum
598 1400 760 1442 Tomos
781 1402 913 1443 tradit
935 1401 1166 1442 Eusebius,
