1849 3198
618 210 901 252 AMORUM
936 211 1054 251 LIB.
1088 212 1179 252 Ill.
1212 213 1252 253 2.
1535 213 1618 252 401

227 325 402 373 Invida
425 327 576 373 vestis
601 341 726 381 eras,
755 342 867 388 quae
894 333 994 372 tam
1021 327 1151 373 bona
1175 342 1317 374 crura
1340 327 1569 389 tegebas:

293 403 507 466 Quoque
533 404 690 465 magis
716 410 931 466 spectes,
959 403 1125 450 invida
1148 404 1299 451 vestis
1325 419 1451 450 eras.

224 479 364 527 Talia
389 480 630 527 Milanion
656 479 916 528 Atalantes
941 495 1085 526 crura
1109 479 1299 543 fugacis

292 556 499 621 Optavit
523 556 751 604 manibus
777 556 1074 603 sustinuisse
1099 557 1218 603 suis.
1552 560 1616 602 30

225 633 366 681 Talia
390 634 656 680 succinctae
682 633 953 697 pinguntur
977 649 1122 680 crura
1148 632 1339 689 Dianae,

293 711 424 758 Cum
450 712 674 773 sequitur
698 710 866 765 fortes,
894 709 1064 756 fortior
1088 710 1213 773 ipsa,
1240 710 1384 757 feras.

226 787 319 835 His
345 804 437 851 ego
463 804 560 834 non
585 788 701 835 visis
727 787 840 834 arsi.
880 787 1001 850 quid
1026 786 1112 834 fiet
1136 788 1198 834 ab
1224 788 1366 834 istis?

294 865 353 912 In
378 866 628 913 flammam
654 866 896 921 flammas,
923 865 972 911 in
997 881 1134 912 mare
1158 865 1323 912 fundis
1349 879 1522 928 aquas.

228 942 466 1006 Suspic‘or
490 959 553 990 ex
578 943 685 990 istis
711 950 762 990 et
785 950 953 991 cetera
975 959 1125 1007 posse
1150 943 1364 1006 placere,
1554 945 1615 988 35

292 1019 416 1074 Quae
442 1021 569 1068 bene
597 1021 689 1067 sub
715 1021 851 1068 tenui
877 1021 1079 1068 condita
1100 1027 1238 1068 veste
1263 1020 1433 1068 latent.

225 1096 313 1144 Vis
338 1104 507 1144 tamen
531 1097 720 1145 interea
743 1097 914 1145 faciles
940 1113 1191 1146 arcessere
1215 1104 1406 1151 ventos,

293 1174 432 1229 Quos
458 1174 608 1221 faciat
632 1175 800 1221 nostra
825 1182 960 1222 mota
983 1175 1169 1222 tabella
1192 1175 1375 1221 manu?

204 1250 305 1297 ‘An
329 1251 488 1313 magis
514 1251 594 1298 hic
620 1267 760 1298 meus
786 1259 863 1299 est
887 1252 1054 1308 animi,
1082 1269 1179 1299 non
1205 1251 1345 1306 a‘e'ris,
1372 1258 1540 1306 aestus,

295 1327 560 1391 Captaque
584 1328 828 1375 femineus
853 1336 1057 1392 pectora
1080 1336 1232 1376 torret
1257 1328 1429 1374 amor?
1553 1330 1618 1373 40

228 1404 362 1451 Dum
380 1405 574 1468 loquor,
592 1406 706 1453 alba
724 1406 863 1468 nigro
885 1423 1058 1470 sparsa
1077 1414 1155 1454 est
1172 1406 1261 1453 tibi
1287 1406 1489 1469 pulvere
1508 1421 1616 1452 ves-

296 1483 506 1529 Sordide
533 1482 595 1530 de
621 1484 762 1530 niveo
788 1500 994 1547 corpore
1020 1484 1180 1547 pulvis
1206 1483 1303 1529 abi.
1513 1482 1615 1542 [tis.

225 1678 337 1710 nempe
352 1667 406 1698 illa
422 1674 480 1703 est,
498 1679 567 1709 quae
584 1668 719 1708 cogebat
737 1674 890 1710 spectato-

227 1728 275 1748 res
287 1718 368 1748 intra
383 1727 472 1748 suum
489 1727 645 1758 quemque
670 1718 810 1749 ordinem
826 1728 890 1748 ma-

227 1777 310 1797 nere.
357 1767 475 1797 Burin.

269 1817 325 1846 28.
353 1816 475 1856 Quoque
502 1817 598 1857 magis
622 1817 756 1857 speclea]
786 1817 892 1847 Pecces

226 1866 257 1896 in
275 1865 372 1896 tribus
386 1865 485 1901 libris,
504 1865 588 1906 quod
605 1875 665 1895 non
681 1864 890 1899 invenustum.

228 1915 377 1945 Heinsius
401 1919 573 1944 notaverat.
597 1914 652 1945 sed
675 1921 782 1954 spectes
808 1920 891 1945 recte

228 1963 360 1999 Marius,
387 1974 442 2005 pro
472 1964 580 2003 aliquis
607 1970 762 2003 spectaret,
793 1963 890 2005 capit.

226 2020 359 2053 spectare
375 2023 446 2043 vero
470 2012 519 2043 hic
547 2018 594 2042 est
619 2012 783 2049 aestimarc,
800 2023 890 2054 repu-

226 2069 304 2099 tare,
319 2061 508 2094 examinare.
556 2061 674 2091 Bmm.

271 2113 325 2143 29.
354 2112 442 2141 Talia
463 2111 629 2146 Milanion,
652 2111 726 2151 δια]
753 2111 813 2142 Vel
837 2122 890 2152 po—

228 2162 290 2193 tius
315 2161 482 2196 Melanion,
499 2159 582 2190 idem
607 2160 662 2201 qui
682 2161 891 2202 Hippomene,

228 2212 395 2243 Atalantes
409 2210 541 2252 conjux:
558 2209 623 2240 vid.
641 2209 787 2251 Apollod.
804 2209 889 2240 Bibl-

227 2261 274 2292 iii.
295 2262 328 2291 9.
352 2266 384 2291 et
399 2270 469 2301 quae
491 2259 523 2289 in
539 2259 632 2290 Obss.
649 2259 733 2290 Clar.
771 2259 889 2299 Heyne.

228 2309 320 2341 Nihil
333 2308 373 2340 ad
394 2319 458 2340 rem
481 2313 628 2343 nostram,
645 2319 715 2349 qnae
731 2307 770 2338 de
788 2307 891 2338 Mela-

231 2359 321 2389 nione
346 2356 482 2399 quodam
505 2356 588 2398 apud
610 2356 767 2398 Aristopli.
788 2356 892 2397 Lysis-

230 2414 304 2439 trat.
322 2407 395 2437 786.
410 2412 566 2437 narratur:
592 2405 685 2436 nostri
697 2417 768 2436 vero
784 2406 891 2436 memi-

232 2457 277 2487 nit
293 2457 434 2497 Propert.
451 2455 471 2486 i.
488 2456 577 2495 Eleg.
591 2455 610 2485 i.
627 2456 657 2485 9.

278 2506 428 2536 Milanion
444 2504 713 2544 nullosfngiendu,
734 2503 831 2538 Tulle,
850 2504 893 2532 la-

318 2555 408 2589 bores,

277 2605 425 2635 Δςιευὶΐιίιηι
440 2605 523 2633 durae
538 2604 672 2633 contudit
691 2601 815 2632 Iasidos.

736 2651 852 2681 ΛΜΛΒ.

279 2701 464 2740 Atalantes]
509 2701 589 2731 Duae
624 2700 745 2731 fuerunt
762 2713 768 2729 z
799 2699 895 2730 altera

326 2753 424 2783 VOL.
440 2753 468 2783 Ι.

960 1669 1106 1700 Schoenei
1134 1669 1207 1704 filia,
1239 1667 1351 1698 nobilis
1381 1678 1485 1698 cursu.
1523 1668 1621 1698 altera

958 1718 1128 1754 Arcadica,
1150 1728 1244 1759 quam
1269 1717 1391 1759 perdite
1414 1717 1532 1748 amavit
1553 1718 1618 1748 Mi-

959 1767 1076 1803 lanion,
1107 1773 1138 1798 et
1168 1777 1237 1808 quae
1271 1766 1497 1807 speciosissima
1530 1777 1619 1797 crura

959 1815 1082 1846 habuit.

1005 1865 1164 1907 Fugacis]
1188 1863 1327 1899 velocis,
1346 1865 1467 1895 celeris.
1505 1866 1597 1896 C1or.

1003 1914 1054 1944 38.
1081 1913 1161 1948 Quos
1175 1912 1281 1954 faciut
1302 1915 1404 1943 nastrsi
1419 1920 1496 1944 mola.
1511 1916 1619 1945 tabella

960 1963 1083 2003 munim]
1111 1962 1200 1993 Male
1215 1962 1494 2004 quidamflabella,
1511 1969 1620 1995 contra

960 2012 1049 2044 metri
1065 2013 1151 2054 leges
1164 2012 1371 2043 etsermonis:
1389 2013 1515 2044 flabella
1525 2014 1619 2050 enim,

960 2063 1075 2093 tabellae
1097 2068 1186 2093 erant
1207 2073 1223 2092 e
1250 2062 1334 2103 ligno
1356 2062 1429 2093 exili
1458 2064 1619 2100 confectae,

960 2122 1038 2154 quas
1063 2112 1168 2142 avium
1193 2110 1318 2152 plumis,
1342 2118 1373 2142 et
1396 2111 1620 2144 rarissimarum

959 2161 1098 2202 quidem,
1127 2160 1310 2191 induebant.
1354 2160 1444 2203 Saepe
1469 2161 1564 2192 etiam
1590 2162 1622 2192 in

960 2210 1043 2241 hunc
1067 2221 1157 2240 usum
1181 2220 1336 2252 pavonum
1357 2210 1465 2241 caudae
1491 2211 1621 2243 adhibe-

959 2260 1089 2297 bantur3
1114 2270 1171 2290 nec
1189 2269 1256 2289 raro
1271 2258 1348 2290 varii
1364 2259 1459 2301 panni
1475 2260 1507 2291 in
1523 2271 1619 2291 unum

960 2308 1143 2339 fasciculum
1159 2308 1238 2338 inter
1253 2319 1286 2339 se
1301 2308 1452 2349 colligati.
1491 2310 1619 2351 Duplex

960 2363 1065 2388 autern
1081 2357 1274 2388 flabellorum
1293 2357 1376 2399 apud
1392 2364 1512 2389 veteres
1533 2369 1617 2394 usus,

961 2415 1030 2447 quae
1044 2412 1075 2436 et
1090 2407 1231 2436 umbellas
1245 2405 1459 2447 adpellabant,
1471 2418 1525 2438 seu
1542 2408 1622 2438 aeris

960 2454 1162 2495 refrigerandi
1178 2465 1348 2490 causa‚seu
1364 2455 1403 2485 ad
1419 2455 1589 2496 abigendas
1604 2467 1621 2487 a

961 2503 1187 2534 somniantibus
1215 2514 1349 2535 muscas.
1394 2504 1549 2535 Gerendis
1586 2516 1621 2535 ac

962 2552 1174 2583 custodiendis
1186 2553 1318 2584 flabellis
1332 2554 1507 2595 peculiares
1524 2555 1622 2585 ancil·

962 2601 1009 2631 las
1025 2601 1193 2638 habebant,
1209 2613 1287 2643 quas
1310 2612 1329 2632 a
1342 2613 1470 2633 munere
1486 2603 1621 2645 ipsofla-

964 2651 1115 2690 belliferas
1130 2651 1244 2686 vocari,
1263 2662 1279 2682 e
1298 2652 1409 2681 Plauto
1433 2658 1461 2681 cv
1478 2652 1622 2682 Terentio

963 2699 1150 2739 colligimus.
1196 2700 1312 2730 Amin.

1005 2752 1068 2782 Dd
