1849 3198
201 221 287 263 192

202 337 269 384 At
293 353 407 384 cum
433 352 486 383 se
512 335 660 384 Titan
685 336 917 392 ostendit,
947 342 997 383 et
1021 336 1186 384 omnia
1211 352 1410 394 secum;

590 220 640 261 P.
676 218 890 261 OVIDII
924 219 1205 262 NASONIS

1503 341 1594 386 135

267 414 390 461 Tam
416 414 514 460 cito
541 430 620 462 me
646 430 844 461 somnos
870 414 1159 462 destituisse
1186 431 1381 478 queror.

201 491 360 538 Antra
384 507 660 554 nemusque
684 498 829 555 peto3
869 499 1126 555 tamquam
1153 508 1328 540 nemus
1355 498 1596 555 antraque

270 569 487 616 Conscia
511 570 702 616 deliciis
730 570 813 616 illa
837 569 974 617 fuere
998 570 1114 616 tuis.

1366 569 1579 633 [prosint

203 645 328 693 Illuc
350 647 529 694 mentis
556 647 715 710 inops,
742 653 797 693 ut
822 663 972 710 quam
997 647 1183 694 furialis
1212 645 1451 694 Erichtho

269 722 489 788 Impulit,
518 724 567 770 in
592 724 720 770 collo
746 723 880 770 crine
900 725 1117 786 jacente,
1146 724 1288 771 feror.

1505 725 1597 770 140

203 799 360 847 Antra
382 802 551 848 vident
576 801 705 847 oculi
732 802 910 849 scabro
936 802 1208 865 pendentia
1231 803 1401 866 topho,

270 877 394 932 Quae
420 879 540 925 mihi
568 878 832 942 Mygdonii
858 880 1115 927 marmoris
1143 880 1297 927 instar
1322 885 1477 926 erant.

201 1073 258 1092 esse
286 1061 388 1102 mihi]
427 1061 497 1092 Non
528 1063 596 1092 libet
623 1062 705 1092 bene
735 1067 868 1104 quatuor

201 1111 286 1141 libri.
334 1110 453 1152 Opinor
469 1111 667 1142 scribendum
682 1123 688 1140 z

389 1161 446 1191 Sed
461 1162 641 1201 oinniafierz'

248 1211 398 1250 Etjuvat,
412 1218 439 1241 et
452 1213 552 1241 sinete
563 1223 620 1241 non
633 1212 703 1241 libet
717 1221 772 1241 esse
786 1212 869 1242 mihi.

201 1262 291 1302 Saepe
322 1262 391 1291 libet
419 1260 451 1291 in
482 1263 550 1291 licet
581 1260 795 1302 degeneravit.
825 1261 869 1293 sic

202 1311 258 1341 lib.
274 1309 309 1341 ii.
326 1310 397 1341 Art.
415 1310 491 1341 Am.
507 1310 541 1341 ii.
559 1311 635 1341 327.

390 1360 568 1401 Quotiesque
584 1362 694 1398 libebit,

248 1410 321 1444 Qum
335 1409 449 1451 'referas
464 1411 523 1446 illi,
538 1421 594 1441 som
601 1413 651 1441 ηἰα
667 1413 735 1442 [ceta
752 1413 829 1443 vide.

203 1460 288 1490 Fast.
305 1460 347 1490 vi.

247 1509 311 1539 Nec
328 1511 408 1545 libet,
424 1516 452 1540 et
471 1510 592 1550 longum
611 1516 652 1540 est
667 1512 771 1549 epulas
795 1522 866 1541 nar-

288 1569 358 1587 rare
375 1558 520 1587 Deorum.

203 1607 253 1636 Ita
267 1605 343 1636 locis
358 1605 425 1636 istis
438 1606 648 1636 scribendum.
690 1606 866 1637 HEINsms.

203 1655 303 1685 Nulla
327 1654 378 1686 hic
402 1654 508 1685 mendi
533 1654 667 1696 suspicio
692 1655 868 1697 interpreti>

202 1705 262 1735 bus
291 1705 416 1735 suborta
442 1704 513 1734 fuit.
539 1704 623 1745 quod
651 1704 762 1735 miror:
795 1715 868 1735 nam

203 1754 296 1785 facile
333 1759 421 1795 patet
453 1754 561 1795 jejune
591 1753 759 1785 admodum
788 1754 868 1785 illud

204 1803 328 1845 subjici,
347 1810 375 1833 et
399 1805 503 1833 sinete
526 1815 585 1833 non
610 1804 679 1833 libet
703 1814 759 1834 esse
782 1805 867 1834 mihi.

205 1852 289 1893 quod
306 1850 401 1882 etiam
417 1852 455 1882 de
477 1862 579 1882 amore
601 1851 735 1888 modico,
754 1858 786 1883 et
808 1853 868 1895 pri-

204 1912 289 1931 mum
316 1906 389 1931 nato
404 1901 466 1931 dici
490 1906 606 1942 posset.
631 1900 682 1931 vix
706 1901 789 1932 enim
811 1901 868 1933 du-

204 1961 270 1980 rare
294 1950 360 1981 sine
385 1956 520 1981 amatore
546 1961 601 1981 suo
623 1950 757 1992 puellas,
775 1961 870 1993 quam

204 1999 339 2040 primum
355 2005 446 2029 tactae
463 2005 545 2035 sunt,
563 2010 666 2041 posse,
686 2005 793 2030 notum
809 2006 868 2032 est.

204 2054 236 2078 et
251 2047 305 2078 illa
332 2048 447 2079 locutio
470 2050 586 2084 sinete,
603 2048 681 2078 nihil
706 2048 765 2079 nisi
790 2059 868 2090 prae-

204 2097 336 2127 sentiam
374 2097 530 2133 amatoris,
562 2108 656 2139 quam
693 2097 868 2128 desiderare

206 2145 338 2182 videtur,
355 2146 494 2177 indicare
520 2152 635 2188 potest.
660 2146 705 2176 ita
727 2145 771 2176 iii.
793 2146 867 2177 Am.

205 2195 247 2225 xi.
264 2206 335 2225 cum
352 2195 497 2226 dixisset:

249 2243 423 2283 Nequitiam
442 2245 548 2286 jugia,
568 2244 744 2286 fugientem
763 2246 869 2286 forma

291 2295 423 2324 reducit.

206 2343 282 2373 Mox
299 2342 406 2373 addit:

250 2393 299 2423 Sic
313 2404 366 2433 ego
380 2405 433 2423 nec
448 2395 511 2423 sine
527 2399 564 2429 te,
582 2404 632 2423 nec
655 2399 751 2423 tecum
772 2395 869 2423 vivere

291 2453 354 2481 poss
359 2454 374 2472 ιι
380 2454 405 2472 m
413 2465 419 2472 .

208 2491 286 2527 Quae
303 2501 373 2521 cum
389 2490 433 2521 ita
455 2489 527 2525 sint,
544 2490 651 2531 quanti
675 2501 737 2521 11011
754 2490 869 2521 facien-

206 2540 265 2570 dus
279 2540 376 2571 codex
392 2540 445 2570 ille
462 2539 737 2575 Francofurtensis,
753 2540 806 2582 qui
822 2552 869 2571 so-

206 2589 255 2619 lus
269 2589 403 2620 servavit
419 2594 567 2624 veterem,
584 2594 614 2619 et
634 2588 761 2630 reliquis
778 2590 869 2621 libra-

208 2638 261 2670 riis
276 2650 335 2669 non
352 2639 545 2669 intellectam
560 2638 743 2680 scripturam
756 2651 762 2669 :

253 2688 405 2728 Etjuval,
424 2695 449 2718 et
466 2690 541 2719 sicca
558 2700 617 2718 mm
634 2690 701 2718 licet
716 2700 773 2719 esse
789 2690 871 2720 mihi.

208 2737 391 2779 Legendum
425 2738 568 2769 nimirum
605 2737 734 2768 minima
770 2744 870 2769 muta-

208 2788 290 2819 tione
327 2790 422 2819 sz'ccce.
460 2788 503 2819 sic
533 2787 616 2829 apud
647 2788 796 2819 Nostrum
825 2788 868 2818 ix.

936 1063 1019 1093 Met.
1037 1062 1112 1093 484.
1129 1062 1164 1092 ii.
1178 1062 1247 1093 Art.
1264 1062 1336 1092 Am.
1349 1074 1381 1093 v.
1396 1062 1470 1093 683.
1508 1062 1599 1092 BUR-

938 1123 1090 1143 mANNus.
1136 1111 1299 1142 Audacius
1312 1116 1407 1148 certe,
1423 1121 1518 1152 quam
1532 1121 1599 1142 cas-

936 1161 1015 1191 tius!
1059 1160 1227 1191 Praeferam
1264 1160 1410 1202 equidem
1441 1160 1601 1196 Hoeuffffi,

938 1210 993 1240 viri
1033 1209 1267 1251 elegantissimi,
1303 1210 1526 1252 conjecturam,
1569 1208 1600 1239 in

934 1261 1081 1298 periculis
1108 1261 1234 1295 criticis,
1261 1269 1295 1300 p.
1325 1259 1402 1289 278.
1432 1257 1601 1299 legendum

938 1309 1112 1340 censentis:

982 1359 1122 1399 Etjuuat
1138 1364 1166 1388 et
1180 1359 1242 1388 sine
1259 1363 1287 1388 te
1301 1358 1341 1387 sic
1359 1358 1428 1387 libet
1443 1367 1500 1387 esse
1514 1357 1600 1386 mihi.

936 1408 998 1438 Sed
1027 1407 1104 1438 forte
1137 1406 1215 1438 nihil
1252 1405 1460 1436 mutandum:
1498 1410 1602 1447 potest

937 1456 1020 1488 enim
1036 1456 1087 1487 hic
1102 1457 1238 1497 vulgatae
1262 1465 1371 1486 sensus
1386 1465 1452 1486 esse
1467 1467 1473 1484 :
1499 1460 1530 1485 et
1543 1457 1601 1494 jn-

935 1512 996 1542 vat,
1013 1511 1044 1536 et
1060 1505 1121 1536 fert
1142 1504 1252 1541 libido,
1267 1510 1303 1535 ut
1318 1514 1517 1545 quocumque
1533 1509 1601 1534 tan—

935 1556 1007 1586 dem
1029 1555 1121 1586 modo
1146 1562 1251 1585 tecum
1277 1553 1357 1592 311115
1387 1564 1460 1584 nam
1485 1555 1548 1584 sine
1574 1560 1603 1584 te

936 1615 1003 1635 esse
1019 1615 1080 1635 non
1097 1606 1179 1635 libet.
1204 1605 1355 1634 LENNEP.

981 1655 1054 1684 139.
1102 1654 1238 1683 Furialis
1270 1652 1425 1693 Erichto]
1474 1652 1602 1683 Erichto

934 1702 1115 1733 Thessalica
1136 1702 1288 1737 venefica,
1320 1701 1384 1732 sive
1414 1711 1507 1742 maga
1533 1701 1601 1737 fuit,

936 1752 1024 1794 cujus
1053 1763 1147 1794 opera
1176 1751 1344 1793 Pompejus
1373 1761 1499 1792 quoque
1528 1762 1603 1781 usus

937 1802 1006 1832 fuit.
1029 1802 1068 1832 de
1097 1812 1160 1842 qua
1189 1800 1307 1843 prolixe
1339 1800 1458 1830 Lucan.
1483 1798 1538 1829 lib.
1561 1799 1603 1830 vi.

936 1851 991 1887 sed
1015 1851 1066 1881 hic
1083 1850 1216 1881 Ovidius
1240 1860 1293 1891 pro
1316 1848 1453 1890 generali
1477 1848 1603 1879 nomine

936 1901 1146 1931 veneficarum
1160 1899 1298 1942 posuisse
1314 1898 1449 1933 videtur,
1466 1898 1603 1941 speciem

936 1961 991 1993 pro
1006 1961 1119 1992 genere
1134 1949 1325 1991 usurpando.
1351 1949 1478 1979 Mrem..

983 2000 1055 2030 140.
1101 1998 1258 2038 Impulit.]
1306 1999 1440 2027 Abstulit
1477 2007 1602 2039 repono,

937 2049 1062 2091 propius
1076 2047 1222 2078 insistens
1237 2046 1376 2088 vestigiis
1399 2046 1521 2088 scriptae
1538 2045 1602 2076 lec-

937 2098 1040 2128 tionis.
1064 2098 1185 2128 mes.
1231 2097 1297 2137 Ego
1319 2096 1506 2137 conjecturae
1527 2095 1602 2126 huic

938 2147 1058 2178 Heinsii
1084 2146 1211 2176 minime
1238 2145 1379 2176 assentiri
1401 2155 1538 2187 possum,
1568 2150 1603 2176 ut

938 2196 991 2237 qui
1009 2197 1129 2236 impulit
1154 2195 1252 2225 multo
1277 2193 1426 2235 gravioris
1446 2193 1602 2234 significa-

937 2245 1030 2276 tionis
1051 2246 1181 2276 verbum
1207 2249 1326 2285 putem,
1345 2253 1439 2284 quam
1464 2244 1602 2273 abstulit.

938 2300 969 2326 et
991 2295 1041 2325 hic
1067 2294 1106 2324 de
1133 2294 1242 2327 furore,
1267 2293 1317 2323 vel
1342 2292 1369 2323 ei
1400 2299 1482 2323 certe
1508 2292 1602 2323 simili

938 2343 1101 2375 affectione
1118 2343 1231 2383 agitur.
1258 2341 1441 2383 Sequentia,
1466 2341 1506 2372 In.
1529 2343 1603 2372 collo

937 2396 1163 2433 crinejacente,
1179 2398 1213 2422 ut
1234 2391 1416 2423 vaticinanti
1431 2397 1462 2422 et
1478 2391 1601 2422 furiosae

938 2442 1137 2484 respondent,
1168 2447 1199 2471 et
1226 2441 1382 2483 praecipue
1411 2440 1455 2471 ita
1474 2441 1603 2471 verbum

927 2493 1019 2534 feror
1030 2492 1154 2533 egregie
1168 2491 1325 2531 congruit:
1344 2491 1432 2521 Ferri
1448 2489 1531 2521 enim
1543 2490 1600 2520 im-

937 2541 1019 2583 pulsi
1050 2540 1145 2576 furiis,
1175 2546 1206 2570 et
1231 2539 1412 2581 gravissima
1440 2539 1601 2581 perturba-

938 2590 1021 2620 tione
1037 2590 1160 2625 mentis,
1179 2589 1300 2632 proprie
1315 2588 1473 2619 dicuntur.
1492 2588 1601 2619 Horat.

938 2639 961 2669 i.
979 2639 1045 2669 Sat.
1061 2638 1104 2668 iv.
1123 2639 1177 2668 30.

1126 2687 1207 2721 Quin
1223 2697 1275 2726 per
1290 2688 1370 2718 mula
1383 2696 1510 2726 pra‘ceps

1440 2735 1556 2766 Bunm.

983 2737 1108 2768 Fertur.
