1849 3198
254 225 310 267 82
640 223 688 263 Ρ.
723 221 935 264 OVIDII
969 221 1249 263 NASONIS

257 338 468 394 Quando
493 338 599 394 erit,
627 344 681 385 ut
705 338 890 385 condas
916 338 1069 384 instar
1095 337 1411 400 Carthaginis
1435 339 1626 394 urbem,

323 415 389 463 Et
410 415 578 462 videas
602 414 812 478 populos
838 415 965 461 altus
992 415 1053 460 ab
1080 429 1191 461 arce
1216 415 1365 461 tuos?

1572 418 1636 460 20

258 492 440 540 Omnia
463 499 517 539 ut
540 492 783 547 eveniant,
813 507 903 538 nec
930 498 978 537 te
1004 497 1089 537 tua
1113 498 1224 537 vota
1248 498 1526 548 morentur3

324 569 471 617 Unde
495 569 601 621 tibi,
630 585 740 632 quae
764 576 814 615 te
841 569 911 614 sic
938 575 1085 623 amet,
1112 585 1235 615 uxor
1259 569 1383 615 erit?

258 646 401 703 Uror,
427 654 482 694 ut
505 647 706 693 inducto
732 653 909 693 ceratae
936 645 1120 692 sulfure
1144 646 1313 693 taedae:

324 724 394 771 Ut
418 725 500 788 pia
522 724 726 770 fumosis
753 724 921 770 addita
945 730 1056 770 tura
1079 723 1217 770 focis.

257 801 438 849 AEneas
463 801 617 848 oculis
644 800 1109 864 sempervigilantis
1135 800 1339 846 inhaeret
1360 817 1370 847 z

1573 801 1636 845 25

324 878 513 925 AEnean
540 877 702 924 animo
728 893 928 939 noxque
954 877 1160 939 diesque
1187 875 1348 923 refert.

256 954 346 1002 Ille
362 956 563 1018 quidem
583 955 710 1001 male
730 960 913 1016 gratim,
932 961 982 1000 et
1001 954 1062 1001 ad
1082 970 1192 1001 mea
1210 969 1414 1000 munera
1432 952 1631 1009 surdus3

322 1031 388 1078 Et
412 1049 525 1094 quo,
554 1033 592 1078 si
618 1049 714 1079 non
741 1033 833 1078 sim
857 1031 1022 1087 stulta,
1049 1047 1216 1078 carere
1240 1031 1412 1077 velim:

298 1186 352 1216 23.
387 1184 477 1221 Uror,
506 1192 540 1215 ut
568 1185 721 1226 inducta]
757 1185 912 1215 Notarunt

256 1234 319 1270 alii,
335 1234 367 1264 in
382 1233 450 1264 aliis
465 1233 557 1264 codd.
574 1234 655 1275 legi:

303 1283 391 1318 Uror,
401 1289 432 1312 ut
447 1284 567 1313 inducto
576 1289 680 1312 ceratae
696 1282 776 1323 sulfu
783 1294 812 1312 re
821 1284 911 1318 taedoe,

346 1332 387 1362 Ut
398 1334 447 1372 pia
460 1332 589 1373 fumosis
602 1333 704 1362 addita
722 1333 910 1373 them-afficis.

297 1381 461 1420 AEneasque
478 1382 570 1411 oculis
588 1391 698 1420 semper
720 1382 913 1422 vigilantibus

381 1431 480 1466 haeret,

298 1479 477 1519 AEneamque
499 1480 596 1509 animo
610 1489 719 1519 nomque
737 1479 852 1519 diesque
866 1490 912 1509 re-

330 1527 412 1568 fert.

257 1575 302 1606 Ut
315 1575 376 1606 duo
390 1576 562 1606 inserantur
571 1586 687 1606 versus.
734 1576 797 1612 Qui
809 1582 844 1606 ut
858 1576 911 1606 ad-

257 1624 427 1659 mittantur,
442 1625 559 1665 legam:
577 1625 686 1654 AEneus
698 1626 790 1655 oculis
804 1636 913 1664 semper

256 1675 448 1715 vigilantibus
459 1675 556 1709 lueret,
570 1674 684 1703 AEuean
699 1675 805 1704 auium.
820 1674 911 1704 DAN.

256 1724 376 1754 mes.
422 1723 494 1752 Post
525 1722 607 1752 hune
636 1732 757 1752 versum
785 1722 817 1752 in
853 1733 914 1754 uno

257 1772 362 1803 Vatic.
388 1782 406 1802 a
420 1770 515 1802 veteri
535 1770 681 1811 glossario
703 1776 841 1802 notatum
857 1777 913 1807 est,

256 1821 367 1862 legisse
391 1831 423 1852 se
448 1820 480 1850 in
505 1819 601 1849 veteri
626 1825 713 1850 textu
743 1819 801 1850 hoc
828 1818 914 1850 disti-

256 1871 354 1901 chon:

348 1920 388 1950 Ut
399 1918 582 1960 piafumosis
595 1919 699 1948 addita
714 1924 785 1947 tura
801 1920 891 1959 rogis.

300 1969 410 1999 AEneas
423 1969 514 1998 oculis
528 1968 681 2009 vigilantis
697 1977 806 2005 semper
822 1968 911 1997 inhae-

342 2028 421 2047 rens.
467 2017 560 2047 C10F.

259 2068 413 2108 Excerpta
436 2065 568 2096 Sarravii
592 2066 713 2101 incocto,
740 2064 823 2105 quod
853 2075 912 2095 non

258 2117 297 2147 de
313 2115 408 2146 nihilo
420 2125 485 2145 esse
501 2114 657 2156 suspicor:
682 2113 827 2155 intelligit
843 2125 914 2145 vero

257 2166 356 2196 facem
378 2164 550 2194 lustralem.
577 2174 608 2192 v.
625 2162 774 2204 Scaliger.
800 2163 839 2193 ad
860 2164 913 2194 Se-

259 2225 323 2245 ver.
340 2215 444 2244 AEtnae
459 2223 539 2243 verS.
557 2213 631 2242 350.
677 2212 794 2242 Bumvr.

301 2263 355 2292 24.
384 2262 425 2291 Ut
446 2262 495 2300 pia
510 2260 669 2301 jirmosis]
697 2260 790 2290 Hunc
813 2267 843 2291 et
866 2270 913 2290 se-

259 2316 405 2352 quentem
420 2319 541 2340 versum
558 2319 576 2339 a
590 2308 723 2349 vulgatis
738 2308 823 2339 libris
836 2320 912 2339 exu-

257 2359 357 2390 lantes
372 2357 470 2399 adjeci
486 2368 523 2388 ex
539 2357 719 2387 auctoritate
732 2357 914 2399 optimarum

258 2408 517 2437 membranarum.
541 2412 573 2436 et
591 2412 662 2436 sunt
677 2406 835 2446 elegantes
857 2416 914 2437 nec

259 2455 372 2487 ovidio
387 2455 518 2495 indigni.
563 2455 728 2485 Invenerat
751 2454 844 2485 etiam
862 2466 913 2486 eos

258 2504 290 2534 in
306 2503 368 2534 suis
382 2502 540 2534 codicibus
554 2502 696 2532 Andreas
710 2503 863 2539 Schottus,
878 2509 912 2534 ut

259 2553 498 2583 Observationes
513 2553 579 2594 ejus
592 2551 626 2582 ii.
644 2562 713 2594 cap.
726 2553 780 2583 53.
796 2558 911 2583 testan-

258 2607 319 2632 tur.
363 2600 512 2642 Mycillus
526 2600 648 2631 eosdem
664 2610 785 2641 quoque
802 2611 910 2641 agnos-

259 2651 313 2681 cit.
346 2650 378 2680 in
407 2650 588 2680 Sarraviano
614 2654 645 2680 et
672 2649 811 2690 plurimis
835 2656 910 2686 erat,

258 2701 360 2730 addita
377 2705 445 2729 tura
469 2701 559 2741 rogis.
582 2697 637 2729 sed
652 2697 866 2730 Gronovianus
881 2705 911 2730 et

979 1184 1167 1217 Basileensis
1179 1185 1273 1227 focis.
1304 1190 1398 1215 recte.
1445 1184 1545 1226 Epist.
1572 1183 1636 1214 xxi.

980 1234 1034 1264 34.

1023 1282 1051 1311 F
1051 1283 1298 1324 estaquefumosis
1313 1284 1425 1324 ingerit
1439 1288 1504 1312 eata
1512 1281 1605 1324 focis.

980 1331 1017 1361 In
1033 1331 1122 1362 Nuce
1142 1333 1214 1362 178.

1024 1380 1316 1422 Nostruquefumosis
1328 1381 1407 1410 urite
1419 1378 1638 1420 membrafociS.

979 1428 1025 1458 iii.
1042 1429 1150 1459 Amor.
1167 1428 1212 1459 iii.
1230 1429 1284 1459 33.

1025 1478 1065 1507 Et
1084 1480 1233 1518 quisquam
1247 1479 1298 1516 pia
1318 1482 1387 1507 tura
1398 1475 1480 1518 focis
1495 1478 1639 1516 imponere

1064 1534 1161 1557 curet.

979 1574 1039 1605 Sed
1056 1581 1086 1606 et
1109 1576 1140 1605 in
1154 1576 1233 1616 rogis
1256 1580 1303 1605 tus
1321 1579 1501 1611 crematum,
1516 1584 1554 1604 ex
1570 1573 1638 1603 Sta-

980 1623 1022 1653 tio
1047 1623 1124 1654 Silv.
1155 1623 1189 1654 ii.
1216 1623 1348 1665 Epiced.
1375 1624 1504 1655 Glaucae
1535 1627 1638 1664 posset

979 1673 1098 1703 ostendi
1113 1684 1119 1702 ;

1174 1721 1295 1751 Puerile
1300 1719 1453 1761 feretrum

1025 1770 1169 1806 Produri,
1179 1776 1204 1800 et
1219 1780 1302 1800 soe‘ros
1316 1770 1449 1799 damnati
1463 1769 1538 1798 turis
1553 1777 1635 1797 acer-

1069 1830 1123 1848 ¹ms.

981 1867 1071 1907 Virg.
1089 1867 1132 1898 vi.
1148 1867 1224 1897 224.

1131 1933 1150 1938 -
1176 1915 1318 1956 Congesta
1335 1920 1506 1945 cremantur

1027 1964 1122 1995 Tui-ea
1138 1966 1227 1995 dona.
1475 1962 1594 1992 HEINS.

1024 2015 1076 2045 25.
1106 2013 1265 2055 Ir'igilantis
1292 2011 1443 2051 inhorret]
1472 2011 1635 2051 Vigilanti-

981 2064 1031 2093 bus
1040 2064 1137 2093 him-et.
1152 2063 1279 2092 MICYL.
1308 2061 1369 2091 Sed
1384 2062 1534 2101 vigilantis
1544 2061 1635 2090 inhae-

980 2119 1026 2142 ret
1042 2118 1172 2142 rectum.
1189 2110 1254 2141 vid.
1271 2110 1304 2141 ii.
1322 2110 1421 2151 Epist.
1439 2111 1492 2140 91.
1517 2110 1635 2140 Bmzm.

1023 2162 1074 2191 26.
1098 2162 1278 2200 AEneumque
1290 2159 1416 2198 animm]
1441 2159 1558 2188 AEhtean
1570 2160 1637 2188 ani·

980 2222 1024 2240 mo
1037 2210 1188 2241 meliores.
1213 2215 1245 2239 et
1264 2209 1306 2239 sic
1323 2208 1433 2239 Graeco
1445 2217 1527 2237 more
1543 2207 1636 2237 etiam

979 2259 1068 2294 infra,
1084 2269 1119 2289 ac
1135 2258 1248 2300 passim
1264 2257 1338 2288 alibi
1359 2257 1391 2286 in
1407 2255 1529 2298 optimis
1552 2255 1638 2287 libris

980 2308 1133 2338 scribitur.
1158 2308 1275 2337 Ilmxs.
1292 2307 1326 2337 ii.
1342 2305 1412 2336 Art.
1430 2305 1502 2335 Am.
1519 2306 1593 2336 348.

1025 2355 1166 2386 Eihibeat
1181 2357 1282 2386 vultus
1296 2365 1405 2394 noxque
1420 2356 1535 2394 diesque
1550 2360 1626 2384 tuos.

982 2405 1043 2435 Ubi
1069 2404 1181 2440 nescio,
1198 2415 1251 2435 cur
1276 2415 1313 2434 ex
1338 2414 1399 2434 uno
1423 2403 1541 2439 codice,
1557 2405 1637 2434 exhi-

981 2455 1067 2485 beant
1091 2453 1179 2484 malit
1203 2453 1361 2489 Heinsius,
1377 2464 1448 2484 cum
1474 2452 1524 2483 hie
1548 2452 1636 2483 locus

980 2504 1137 2543 vulgatam
1153 2502 1316 2533 manifeste
1332 2507 1465 2533 tueatur.
1489 2502 1607 2531 Bumu.

1021 2553 1073 2582 27.
1097 2551 1244 2591 Surdus]
1274 2551 1390 2581 Turdus
1411 2549 1537 2585 Moreti,
1557 2548 1635 2580 Haf-

978 2600 1091 2630 niensis
1106 2604 1137 2629 et
1154 2599 1323 2635 Leidensis,
1335 2599 1417 2640 quod
1433 2598 1587 2640 proprium
1603 2597 1635 2628 in

978 2659 1080 2679 amore
1095 2648 1198 2688 frigidi
1221 2654 1252 2678 et
1275 2647 1433 2678 cessantis.
1457 2647 1564 2678 eadem
1582 2656 1635 2677 va-

977 2697 1070 2728 rietas
1084 2697 1166 2739 apud
1183 2697 1320 2739 Propert.
1334 2696 1357 2727 i.
1374 2697 1463 2737 Eleg.
1479 2695 1544 2727 viii.
1561 2696 1613 2726 41.
