1849 3198
226 166 311 207 420

620 169 670 210 Ρ.
705 169 815 211 OVI
826 170 919 211 DII
952 169 1233 211 NASONIS

232 282 370 329 Illius
397 283 458 330 ad
483 290 671 331 tactum
698 285 874 349 Pylius
893 285 1223 348 juvenescere
1244 285 1418 348 possit,

295 359 641 424 Tithonosque
667 363 807 410 annis
832 362 1002 409 fortior
1026 379 1137 409 esse
1163 363 1282 409 suis.

231 435 355 483 Haec
380 438 500 484 mihi
523 439 823 501 contigerat3
865 439 953 486 sed
978 439 1050 486 vir
1074 455 1171 485 non
1197 439 1403 501 contigit
1429 439 1514 485 illi.

296 512 433 567 Quas
458 531 588 562 nunc
614 515 892 579 concipiam
917 531 1006 578 per
1030 531 1157 561 nova
1179 522 1294 562 vota
1313 516 1517 578 preces?

230 589 395 638 Credo
421 592 569 639 etiam
594 608 817 654 magnos,
845 608 945 655 quo
971 608 1080 638 sum
1105 598 1206 638 tam
1231 592 1439 655 turpiter
1462 608 1598 646 usus,

240 701 242 704 -
294 666 519 715 Muneris
545 670 697 716 oblati
722 669 1013 732 poenituisse
1041 669 1192 715 Deos.
1551 671 1615 714 46

229 743 482 806 Optabam
508 753 641 793 certe
667 746 846 809 recipi;
887 761 997 793 sum
1023 762 1203 809 nempe
1229 752 1486 809 receptus:

295 820 481 869 Oscula
506 822 654 879 ferre;
694 823 807 870 tuli:
849 823 1104 886 proximus
1130 839 1264 879 esse3
1304 822 1391 868 fui.

226 897 338 952 Quo
364 899 483 945 mihi
507 899 714 946 fortunae
740 899 967 946 tantum?
1004 915 1104 962 quo
1129 915 1281 961 regna
1305 899 1409 945 sine
1436 899 1562 945 usu?

292 975 442 1031 Quid,
470 977 562 1023 nisi
588 976 790 1039 possedi
815 976 951 1023 dives
979 992 1152 1023 avarus
1178 976 1328 1039 opes?

1550 979 1614 1022 50

226 1051 310 1098 Sic
337 1060 442 1100 aret
465 1053 642 1100 mediis
667 1053 806 1100 taciti
829 1053 1055 1114 vulgator
1079 1053 1137 1099 in.
1154 1052 1327 1108 undis3

290 1128 565 1192 Pomaque,
592 1146 705 1193 quae
732 1130 866 1176 nullo
893 1137 1115 1193 tempore
1140 1136 1329 1191 tangat,
1357 1129 1523 1177 habet.

222 1205 264 1251 A
290 1207 461 1253 tenera
482 1206 756 1269 ‘quis-quam
781 1207 851 1253 sic
878 1206 1035 1268 surgit
1058 1221 1203 1252 mane
1228 1206 1414 1268 puella,

286 1282 520 1330 Protinus
545 1290 599 1330 ut
624 1291 823 1331 sanctos
848 1284 1008 1347 possit
1032 1282 1167 1330 adire
1194 1283 1347 1329 Deos.

223 1359 324 1406 Sed
350 1376 448 1406 non
473 1361 672 1416 blanda,
700 1368 838 1424 puto,
866 1377 963 1408 non
989 1361 1178 1424 optima
1202 1360 1419 1423 perdidit
1444 1359 1492 1406 in
1518 1375 1596 1407 me

288 1435 502 1497 Oscula:
541 1453 641 1484 non
666 1438 798 1484 omni
823 1437 1106 1484 sollicitavit
1129 1452 1240 1500 ope.
1545 1440 1607 1484 56

220 1511 313 1559 Illa
336 1529 509 1575 graves
537 1515 700 1578 potuit
724 1529 958 1578 quercus,
986 1514 1351 1576 adamantaque
1377 1513 1571 1569 durum,

287 1589 549 1653 Surdaque
574 1591 826 1638 blanditiis
853 1607 975 1638 saxa
998 1607 1194 1638 movere
1219 1590 1338 1637 suis.

219 1666 386 1729 Digna
408 1684 604 1717 movere
629 1668 720 1716 fuit
745 1675 878 1717 certe
902 1668 1141 1730 vivosque
1164 1668 1417 1729 virosque;

287 1744 389 1790 Sed
414 1760 577 1807 neque
601 1752 707 1791 tum
732 1745 849 1800 vixi,
876 1760 967 1791 nec
992 1744 1079 1800 vir,
1106 1751 1161 1790 ut
1185 1751 1315 1799 ante,
1343 1744 1428 1790 fui.

1542 1748 1607 1792 60

218 1820 351 1874 Quid
370 1822 527 1883 juvet,
555 1822 617 1869 ad
643 1823 816 1870 surdas
843 1822 883 1869 si
909 1828 1077 1870 cantet
1101 1821 1340 1868 Phemius
1367 1822 1546 1868 aures?

283 1897 414 1951 Quid
440 1898 674 1946 miserum
699 1899 983 1963 Thamyran
1009 1899 1144 1962 picta
1166 1898 1353 1946 tabella
1369 1899 1541 1961 juvet?

258 2007 312 2036 41.
339 2006 430 2037 Illius
444 2019 461 2037 α
479 2008 590 2048 ἰαί-ἰὼ]
621 2009 667 2038 Ad
681 2015 780 2039 tactus
796 2009 873 2039 Bar-

214 2055 312 2085 berin.
335 2056 462 2096 elegans
480 2056 532 2087 ille
554 2066 627 2087 usus
651 2057 876 2099 praepositionis

213 2106 270 2140 a‹1;
296 2103 327 2134 id
340 2111 386 2134 est
401 2115 495 2145 quam
511 2105 644 2146 primum
661 2112 808 2147 tangeret.
832 2106 875 2137 ita

212 2155 251 2183 ad
280 2157 400 2183 revitum
426 2154 538 2184 Horat.
565 2154 589 2185 i.
612 2154 674 2185 Od.
695 2156 748 2185 23.
772 2155 803 2185 id
828 2162 874 2186 est

212 2211 306 2243 quam
319 2201 451 2243 primum
467 2203 567 2233 flaret.
614 2204 733 2233 Bunm.

256 2251 392 2291 Pylius]
436 2252 539 2281 Pelius
564 2252 739 2288 Palatinus,
767 2253 874 2283 Peleus

211 2300 352 2331 Francos.
375 2300 429 2330 sed
453 2301 620 2341 legendum
646 2308 733 2342 puto,
761 2302 872 2333 Pelius.

211 2359 270 2379 non
287 2348 368 2379 enim
391 2359 473 2379 nunc
499 2349 537 2379 de
561 2360 634 2380 sene
652 2350 783 2380 Nestore
805 2350 870 2391 agi--

210 2403 270 2434 tur,
286 2398 340 2428 sed
352 2398 390 2428 de
406 2398 522 2428 talibus
536 2398 673 2435 senibus,
683 2398 736 2440 qui
752 2399 826 2429 olim
839 2400 869 2430 in

204 2446 402 2487 juventutem
416 2446 541 2477 rediisse
553 2447 708 2478 dicuntur.
731 2458 826 2488 quare
839 2454 870 2478 et

209 2495 305 2525 Peliae
330 2494 482 2525 Tithonus
506 2496 657 2537 jungitur,
680 2497 733 2538 qui
762 2506 868 2528 revera

207 2542 369 2574 renovavit
386 2544 597 2585 juventutem.
642 2546 738 2576 Peliae
763 2552 867 2577 autem

207 2592 316 2622 eadem
332 2602 402 2633 spes
418 2603 473 2634 per
484 2593 633 2624 Medeam
649 2594 732 2625 facta
747 2595 868 2627 fefellit.

206 2640 278 2670 hinc
293 2641 496 2673 efficaciorem
513 2641 606 2683 hujus
621 2643 733 2684 puella:
748 2649 866 2674 tactum

205 2689 348 2720 omnibus
364 2690 487 2721 Medea=
501 2690 602 2721 succis
614 2691 725 2723 innuit.
748 2693 865 2723 Bunm.

987 2015 1041 2045 43.
1067 2015 1140 2045 Herc
1162 2015 1266 2055 mihi]
1294 2014 1429 2045 Palatini
1448 2015 1521 2050 duo,
1539 2015 1604 2045 Hoc·

942 2065 1016 2093 mihi
1031 2065 1209 2105 contigerat.
1232 2063 1288 2094 sed
1311 2063 1433 2094 frustra.
1478 2065 1603 2106 Proprie

942 2111 1094 2153 contingit
1103 2112 1218 2153 puella,
1226 2112 1314 2153 cujus
1324 2112 1413 2154 copia
1428 2113 1471 2146 fit,
1487 2113 1603 2143 Bunm.

985 2160 1039 2190 61.
1067 2160 1148 2195 Quid
1162 2163 1257 2199 juvat
1274 2163 1313 2191 αιί
1335 2163 1441 2191 surdas
1456 2163 1479 2191 si
1502 2168 1602 2192 cantet

944 2208 1077 2239 Phineus
1086 2210 1201 2249 aures]
1223 2210 1356 2240 Phineus
1366 2210 1493 2251 quidem
1506 2210 1601 2252 scrip-

941 2262 1006 2288 tum
1027 2263 1058 2288 et
1080 2258 1263 2300 impressum
1280 2258 1394 2299 legitur
1415 2259 1446 2289 in
1459 2260 1602 2291 omnibus

939 2306 1187 2348 exemplaribus:
1205 2307 1258 2337 sed
1270 2313 1446 2349 corruptam
1458 2319 1524 2339 esse
1535 2309 1597 2340 dic-

938 2353 1054 2385 tionem
1078 2361 1217 2391 autumo,
1239 2364 1310 2386 nam
1335 2357 1418 2397 ap‘ud
1435 2358 1560 2388 Homer.
1578 2359 1600 2389 i.

938 2403 1052 2445 Odyss.
1079 2404 1237 2435 inducitur
1264 2406 1414 2436 Phoemz'us
1438 2406 1598 2438 citharista

937 2452 968 2482 in
992 2453 1133 2483 convivio
1156 2463 1316 2494 procorum
1336 2465 1449 2486 canere
1470 2455 1600 2497 impros—

936 2510 1043 2541 peram
1066 2502 1247 2532 Graecorum
1272 2512 1290 2533 a
1313 2503 1405 2545 Troja
1430 2504 1597 2546 profectio-

936 2559 1017 2580 nem.
1062 2550 1124 2581 Sed
1140 2551 1228 2581 Naso
1252 2562 1306 2593 pro
1322 2563 1520 2595 quocumque
1544 2565 1598 2596 op-

934 2596 1010 2628 timo
1053 2599 1226 2631 citharoedo
1270 2600 1436 2633 Phoemium
1479 2602 1596 2644 posuit.

935 2646 1085 2678 Maurus.
1285 2670 1287 2672 -

976 2697 1027 2727 62.
1055 2697 1137 2731 Quid
1160 2700 1297 2729 miserum
1321 2699 1496 2740 Thamyrin,
1511 2700 1591 2741 ἃς]
