1849 3198
605 245 947 288 HEROIDES.
980 247 1071 289 ΕΡ.
1107 247 1196 290 ΙΧ.
1503 251 1586 292 113

211 357 405 423 Nempe
432 361 522 408 sub
549 361 624 407 his
650 361 863 408 animam
883 362 1039 425 pestis
1067 361 1289 412 Nemeea
1313 365 1507 413 lacertis

278 436 474 485 Edidit:
513 439 643 485 unde
668 438 901 485 humerus
926 440 1146 501 tegmina
1168 441 1319 488 laevus
1345 443 1510 491 habet.

209 513 374 560 Ausus
399 531 452 561 es
477 515 689 562 hirsutos
715 516 860 562 mitra
883 516 1111 563 redimire
1136 518 1368 581 capillos:

276 590 451 655 Aptior
476 592 735 640 Herculeae
760 594 972 658 populus
999 594 1111 641 alba
1134 611 1305 642 comae.

212 668 258 715 N
264 685 319 716 ec
345 677 393 717 te
419 669 648 726 Maeonia,
675 672 869 719 lascivae
894 688 1029 719 more
1053 672 1247 735 puellae,
1525 677 1586 720 65

279 746 469 810 Incingi
494 764 617 795 zona
640 748 932 797 dedecuisse
956 748 1136 812 putas?

213 823 328 870 Non
352 824 440 871 tibi
465 826 706 872 succurrit
730 825 868 872 crudi
896 825 1152 873 Diomedis
1177 825 1355 888 imago,

279 900 471 949 Efferus
497 903 712 950 humana
736 904 821 966 qui
847 904 974 967 dape
999 903 1133 967 pavit
1157 904 1345 966 equas?

216 978 267 1025 Si
293 986 342 1026 te
366 979 570 1027 vidisset
594 981 729 1027 cultu
757 980 946 1028 Busiris
972 981 1021 1027 in
1046 981 1167 1036 isto3

280 1054 409 1103 Huic
433 1057 588 1104 victor
611 1056 739 1104 victo
765 1074 942 1122 nempe
966 1058 1228 1121 pudendus
1255 1073 1379 1105 eras,
1528 1061 1590 1105 70

255 1160 309 1190 62.
334 1159 468 1200 Edidit]
487 1160 602 1190 Moreti
613 1160 710 1191 codex
723 1163 866 1201 perdidit.

213 1208 375 1239 Leidensis
388 1211 526 1241 credidit.
543 1210 597 1240 sed
610 1210 711 1241 electa
725 1216 757 1241 et
771 1212 867 1251 proba

213 1258 327 1290 locutio
347 1261 431 1290 edere
452 1261 581 1289 (mimam
603 1271 657 1301 pro
680 1260 768 1291 mori.
814 1260 867 1292 Ci-

214 1318 296 1338 cero.
319 1319 373 1350 pro
395 1307 494 1339 Sestio
509 1319 577 1350 cap.
592 1309 646 1339 38.
681 1310 723 1340 Ac
748 1311 772 1340 si
796 1316 869 1341 tunc

216 1356 256 1387 P.
274 1357 394 1393 Sestius,
408 1357 541 1393 Judices,
558 1359 589 1388 in
612 1359 715 1398 templo
741 1358 870 1389 Castoris

214 1409 355 1443 animam,
380 1419 466 1448 quam
491 1409 538 1438 vir
561 1409 698 1444 retinnit,
721 1410 868 1439 edidisset.

216 1456 269 1487 ubi
285 1456 349 1488 vid.
366 1463 454 1488 notas
475 1456 659 1488 Abrahami.
684 1457 766 1499 apud
789 1459 870 1488 Nos-

216 1511 298 1537 trum
321 1517 443 1548 quoque
466 1506 522 1537 lib.
548 1507 610 1538 xiv.
633 1508 767 1537 Metam.
794 1509 869 1539 777.

217 1555 344 1596 quidam
360 1555 482 1587 codices
497 1556 614 1587 habent
629 1558 731 1592 edidit,
748 1556 801 1587 sed
817 1568 872 1588 nos

215 1604 260 1635 ibi
275 1607 367 1636 eoesuit
383 1605 563 1636 retinemus.
580 1611 611 1635 et
628 1605 710 1646 apud
726 1605 869 1637 Ciceron-

216 1664 271 1695 pro
286 1654 382 1684 Plane
395 1666 401 1684 :
426 1655 480 1684 37.
521 1654 581 1688 Qui
592 1666 647 1694 pro
661 1656 764 1694 repub.
783 1656 872 1685 vitam

216 1705 386 1739 ediderunt,
410 1703 464 1734 ubi
490 1703 543 1734 alii
571 1705 730 1740 dederunt,
753 1706 872 1735 dedide-

217 1759 302 1789 runt,
318 1755 525 1784 reddiderunt.
570 1753 686 1784 BURM.

261 1803 313 1833 64.
344 1802 476 1842 Populus
504 1802 598 1842 albin]
639 1803 727 1833 Alma
756 1803 871 1834 Putea-

218 1862 305 1883 neus.
328 1851 382 1882 sed
408 1851 452 1882 nil
475 1858 571 1882 muta.
601 1851 749 1893 superiori
775 1863 873 1889 versu,

219 1907 316 1941 myrto
338 1902 489 1937 redimire,
508 1911 562 1942 pro
585 1903 674 1931 mitra
696 1901 774 1931 liber
796 1902 873 1932 Haf-

219 1949 346 1985 niensis,
364 1956 398 1980 ut
421 1949 552 1991 populus
574 1954 673 1990 myrto
689 1955 873 1991 opponatur.

221 1999 392 2030 Ilmxsxvs.
420 1998 481 2028 Sed
496 2000 586 2028 mitra
598 1999 727 2040 probum
743 2004 799 2029 est.
813 2000 874 2030 vid.

220 2049 330 2079 Scnec.
344 2048 438 2078 Herc.
450 2047 516 2077 OEt.
529 2048 603 2079 375.
616 2052 647 2078 et
659 2048 786 2078 Furent.
802 2049 875 2079 471.

223 2097 362 2127 Cohibere
375 2097 494 2136 capillus
517 2107 641 2137 quoque
665 2095 875 2133 Lovaniensis,

222 2146 304 2188 quod
316 2146 373 2176 nisi
383 2145 598 2188 praecessisset‚
611 2145 790 2187 reciperem.
805 2157 875 2177 nam

222 2195 376 2237 proprium
392 2195 423 2225 in
435 2195 493 2225 hac
506 2205 538 2225 re
553 2196 682 2225 verbum
697 2205 763 2225 esse
775 2201 875 2226 osten-

223 2245 269 2275 dit
290 2244 486 2276 doctissimus
510 2245 616 2275 Bentl.
640 2244 678 2275 ad
704 2245 812 2275 Horat.
834 2245 877 2275 iii.

224 2295 286 2326 Od.
302 2296 352 2325 14.
369 2300 400 2325 et
416 2294 485 2325 vide
502 2295 541 2325 ad
557 2294 613 2324 lib.
631 2306 659 2325 v.
676 2295 809 2325 Metam.
827 2296 878 2326 53.

223 2344 278 2375 sed
297 2346 432 2375 redimire
448 2344 541 2375 etiam
554 2344 685 2386 proprie,
699 2344 773 2385 quia
785 2346 878 2375 mitrii·

226 2394 341 2424 liabent
364 2395 549 2429 redimicula,
566 2399 599 2423 ut
623 2393 772 2433 Virgilius
795 2394 879 2424 canit

225 2442 330 2473 lil›.ix.
341 2442 414 2473 616.
429 2443 481 2472 ubi
494 2441 563 2473 vide
578 2442 768 2484 interpretes.
794 2444 879 2472 Alma

226 2491 321 2522 etiam
342 2491 473 2533 populus
498 2502 537 2522 an
563 2491 624 2522 dici
646 2497 740 2532 queat
761 2491 879 2527 dubito,

226 2551 297 2572 cum
318 2539 376 2571 hoc
395 2540 564 2582 epithetum
587 2540 708 2581 propiie
732 2539 764 2570 in
786 2539 879 2581 frugi-

228 2590 306 2620 feras
317 2589 540 2623 arbores.unde
552 2589 699 2620 alimenta
711 2596 794 2625 sunt,
808 2601 880 2621 con-

230 2638 345 2669 veniat.
384 2640 459 2669 Alba
478 2651 548 2669 vero
570 2638 712 2680 populus,
729 2639 800 2679 quia
816 2639 881 2680 ejus

229 2687 302 2718 solia
337 2687 481 2720 interiora
517 2695 587 2719 sunt
616 2688 697 2724 alba,
725 2694 759 2719 ut
795 2695 882 2719 vetus

229 2736 414 2768 Scholiastes
443 2738 532 2770 docet
555 2738 593 2769 ad
623 2738 676 2769 illa
701 2737 820 2769 Horatii
848 2738 880 2768 ii.

232 2785 295 2816 Od.
314 2786 344 2816 3.

276 2839 374 2870 vol..
394 2840 419 2869 Ι.

981 1162 1049 1196 Qua
1062 1163 1151 1202 pinus
1166 1164 1281 1203 ingens,
1297 1171 1361 1191 (ιω,
1377 1172 1422 1191 2219
1434 1163 1560 1202 populiis

983 1212 1122 1242 Umbram
1134 1212 1305 1252 hospitalem
1317 1212 1482 1242 consociare
1489 1218 1591 1242 <iniant

1022 1261 1135 1291 Hamis.

936 1309 1086 1350 Virgilius
1100 1309 1211 1350 Eclog.
1226 1308 1271 1338 ix.

1108 1358 1168 1388 Hic
1183 1359 1310 1388 candida
1323 1358 1449 1397 populus
1464 1362 1552 1387 antro

980 1406 1129 1438 Imminet.

938 1457 1057 1488 Graecis
1093 1456 1165 1487 inde
1200 1457 1311 1494 λευκὴ,
1340 1461 1371 1485 et
1407 1454 1595 1485 nostratibus

938 1508 1115 1537 WiTssoon.
1139 1505 1237 1547 aptior
1262 1511 1366 1536 autem
1388 1503 1440 1534 illa
1465 1503 1595 1535 Herculi

938 1555 1061 1592 dicitur,
1083 1555 1157 1596 quia
1179 1565 1217 1585 ea
1241 1559 1404 1585 coronatus
1425 1554 1464 1583 ab
1489 1552 1596 1584 inferis

938 1605 1040 1641 rediit,
1053 1610 1130 1635 teste
1146 1603 1251 1634 Servio
1266 1603 1306 1634 ad
1322 1602 1410 1643 Virg.
1422 1602 1531 1643 Eclog.
1543 1602 1596 1634 vii.

939 1656 992 1686 61.
1017 1654 1070 1685 ubi
1097 1654 1233 1685 fabulam
1255 1653 1293 1683 de
1320 1653 1422 1683 Leuce
1448 1651 1598 1693 Nympha

940 1709 1055 1734 narrat.
1080 1709 1111 1733 et
1123 1703 1161 1733 ad
1179 1714 1208 1733 v.
1235 1701 1363 1732 AEneid.
1380 1702 1451 1732 135.
1474 1701 1596 1731 Philar-

940 1752 1045 1794 gyrius
1069 1763 1140 1782 vero
1163 1750 1202 1782 ad
1228 1751 1319 1792 Virg.
1343 1749 1375 1781 ii.
1397 1750 1514 1791 Georg.
1541 1751 1596 1780 67.

941 1802 1062 1833 videtur
1078 1808 1182 1832 notare
1206 1801 1374 1832 Herculem
1393 1799 1499 1842 palma
1513 1810 1597 1830 coro-

941 1857 1048 1882 natum
1064 1850 1175 1881 rediise
1191 1850 1223 1880 in
1237 1849 1358 1887 lucem3
1374 1848 1428 1879 sed
1440 1854 1516 1890 puto
1532 1848 1599 1890 ejus

941 1906 1046 1931 notam
1062 1900 1129 1930 loco
1152 1905 1278 1935 motam,
1295 1904 1327 1929 et
1344 1897 1537 1928 referendam
1559 1898 1599 1928 ad

942 1950 1078 1991 proxime
1094 1948 1322 1990 praecedentem
1338 1957 1477 1978 versum:

987 2000 1197 2038 Herciclecrque
1212 1999 1294 2028 arbos
1309 1998 1445 2027 umbrosa
1459 2006 1583 2026 corona.

944 2048 1035 2085 Quod
1050 2047 1122 2078 inde
1137 2053 1235 2089 patet,
1250 2046 1324 2087 quia
1339 2046 1377 2076 de
1393 2045 1493 2076 colore
1508 2045 1597 2075 arbo-

943 2098 984 2128 ris
1006 2096 1104 2133 addit,
1120 2096 1203 2137 quod
1227 2095 1414 2136 significaret
1435 2104 1467 2125 se
1483 2104 1499 2124 e
1515 2099 1600 2124 tene-

943 2146 1005 2177 bris
1026 2146 1058 2176 in
1086 2145 1188 2176 lucem
1216 2154 1414 2175 commeasse.
1459 2142 1600 2172 Palmam

946 2206 1017 2226 vero
1028 2196 1166 2226 arborem
1190 2193 1252 2224 albi
1268 2194 1379 2224 coloris
1392 2192 1532 2223 frondem
1547 2202 1600 2232 ge-

945 2257 1010 2277 rere
1026 2255 1196 2287 numquam
1216 2243 1278 2285 legi
1294 2244 1344 2274 vel
1364 2242 1483 2275 audivi.
1508 2241 1603 2272 etiam

946 2298 1053 2327 bicolor
1067 2296 1202 2335 populine,
1218 2299 1345 2325 notante
1364 2292 1480 2328 Servio,
1496 2292 1535 2322 ab
1551 2301 1602 2321 eo-

946 2346 1018 2376 dem
1034 2346 1164 2376 Marone
1180 2343 1311 2381 dicitur3
1333 2348 1483 2385 praeterea
1497 2351 1604 2372 omnes

946 2393 1122 2435 Mythologi
1141 2404 1202 2424 uno
1216 2403 1267 2422 ore
1283 2392 1321 2422 de
1338 2391 1478 2432 Populea
1491 2399 1603 2421 corona

946 2443 1126 2484 loquuntur.
1173 2442 1290 2472 Eunai.

989 2493 1043 2523 69.
1068 2492 1099 2521 Si
1125 2498 1152 2521 te
1177 2493 1290 2521 vidisset
1317 2491 1405 2520 culti«.
1432 2488 1548 2518 Busiris
1573 2488 1601 2516 in

947 2543 1012 2577 isto,
1031 2541 1113 2572 Huic
1130 2542 1222 2570 victor
1238 2542 1314 2570 victo
1330 2549 1429 2578 nempe
1447 2537 1605 2576 pudendus

948 2590 1040 2630 eras]
1067 2589 1138 2619 Lib.
1164 2587 1206 2619 ix.
1233 2586 1444 2627 Metamorph.
1472 2584 1604 2614 Busirim¹

949 2640 1059 2669 simmei.
1118 2638 1180 2669 Ubi
1209 2648 1246 2667 ex
1277 2638 1318 2667 D.
1348 2633 1523 2676 Augustino
1550 2632 1605 2663 lib.

950 2688 1024 2718 xxii.
1072 2689 1119 2718 Dc
1136 2686 1272 2718 (Jivitate
1288 2685 1361 2721 Dei,
1377 2695 1448 2726 cap.
1466 2682 1520 2714 xii.
1538 2682 1604 2711 hoec

950 2736 1014 2766 <lixi
1030 2749 1035 2765 :
1063 2736 1180 2766 Busiris<
1198 2741 1343 2776 regnante
1362 2734 1468 2763 Danao
1486 2731 1606 2771 Argiris

951 2797 1011 2820 rer,
1027 2786 1072 2815 rel
1095 2787 1191 2823 potius
1215 2791 1373 2824 tyrannus,
1388 2784 1446 2812 suis
1469 2781 1525 2810 diis
1545 2780 1605 2808 hos—

1021 2838 1030 2866 1
