1849 3198
645 240 992 284 HEROIDES.
1025 240 1118 281 ΕΡ.
1152 239 1261 282 XV.
1564 243 1648 284 185

262 360 490 407 Candida
514 358 554 406 si
580 375 678 405 non
703 373 830 412 sum,
858 356 1046 420 placuit
1072 356 1298 419 Cepheia
1323 357 1510 405 Perseo
1586 362 1649 406 35

325 436 659 491 Andromede,
686 434 858 498 patriae
886 434 1028 481 fusca
1051 434 1215 481 colore
1240 451 1359 482 suae.

260 513 325 561 Et
348 514 493 561 variis
520 514 644 560 albae
665 513 942 575 junguntur
968 527 1100 574 saepe
1127 511 1397 560 columbae:

326 591 392 638 Et
418 592 555 653 niger
581 590 609 636 a
632 589 774 636 viridi
799 595 960 636 turtur
985 594 1177 634 amatur
1203 603 1307 635 ave.

261 669 330 724 Si,
358 669 451 715 nisi
478 684 590 731 quae
617 666 742 714 facie
768 666 951 730 poterit
974 673 1024 713 te
1050 665 1201 727 digna
1220 665 1390 721 videri,

326 745 479 792 Nulla
502 744 667 791 futura
690 752 778 791 tua
802 752 905 802 est;
946 744 1082 791 nulla
1104 743 1270 791 futura
1294 751 1381 791 tua
1405 752 1496 792 est.

1587 750 1651 793 40

259 822 341 878 At,
372 839 451 870 me
477 838 591 870 cum
616 823 826 884 legeres,
855 823 1004 869 etiam
1029 822 1245 869 formosa
1267 822 1500 871 videbar:

327 900 491 947 Unam
511 900 718 963 jurabas
744 916 905 963 usque
931 900 1110 947 decere
1134 899 1288 962 loqui.

258 978 561 1035 Cantabam;
590 977 820 1034 memini3
851 977 1206 1039 (meminerunt
1220 977 1386 1024 omnia
1404 978 1650 1040 amantes)

325 1054 514 1102 Oscula
537 1055 759 1103 cantanti
785 1061 839 1101 tu
865 1055 987 1102 mihi
1013 1061 1155 1120 rapta
1179 1055 1352 1102 dabas.

257 1131 380 1179 Haec
398 1149 599 1196 quoque
617 1132 881 1180 laudabas:
912 1133 1146 1195 omnique
1164 1148 1192 1179 a
1212 1139 1352 1196 parte
1368 1133 1646 1195 placebam.

324 1209 426 1257 Sed
450 1217 555 1257 tum
581 1211 851 1275 praecipue,
880 1227 993 1258 cum
1018 1211 1074 1258 fit
1098 1210 1295 1259 Amoris
1321 1227 1463 1274 opus.

1585 1215 1649 1259 46

255 1286 395 1334 Tunc
421 1294 469 1335 te
496 1289 608 1351 plus
635 1288 779 1334 solito
799 1288 1003 1335 lascivia
1026 1294 1195 1335 nostra
1213 1288 1436 1350 juvabat,

323 1364 614 1428 Crebraque
638 1365 905 1421 mobilitas,
934 1373 1151 1430 aptaque
1175 1367 1326 1413 verba
1344 1367 1489 1428 joco;

253 1439 470 1504 Quique,
498 1443 580 1488 ubi
614 1444 719 1505 jam
752 1444 1010 1489 amborum
1047 1443 1207 1490 fuerat
1244 1451 1542 1507 consumpta
1564 1462 1645 1491 vo-

320 1518 570 1566 Plurimus
596 1520 646 1566 in
671 1521 801 1567 lasso
827 1537 1032 1583 corpore
1058 1521 1265 1582 languor
1291 1528 1410 1567 erat.
1441 1521 1644 1585 [luptas‚

256 1595 304 1641 N
308 1612 404 1643 unc
431 1597 520 1643 tibi
549 1597 792 1645 Sicelides
817 1598 1037 1654 veniunt,
1066 1615 1192 1645 nova
1215 1599 1400 1662 praeda,
1429 1600 1625 1662 puellae.

321 1672 455 1727 Quid
480 1674 600 1721 mihi
627 1691 741 1722 cum
768 1674 965 1722 Lesbo?
1006 1676 1183 1723 Sicelis
1211 1692 1321 1723 esse
1347 1677 1473 1723 volo.

294 1813 349 1843 36.
374 1813 592 1854 Andromeda]
620 1813 714 1856 Apud
738 1815 830 1845 Fulv.
856 1815 915 1846 Ur-

251 1862 311 1892 sin.
336 1873 409 1904 pag.
427 1863 459 1893 4.
484 1863 604 1894 Illustr.
630 1864 748 1894 Femin.
770 1865 915 1895 Poemat.

254 1911 430 1942 Philodemi
446 1911 647 1953 Epigramma
662 1918 709 1942 est
722 1925 728 1942 ε

298 1961 336 1992 Εἰ
361 1960 387 1991 (3¹
413 1961 526 1999 ὀ,πικὴ,
553 1962 606 1991 καὶ
632 1963 756 2003 φλωρὰ,
780 1963 833 1993 καὶ
859 1962 916 1993 οὐκ

382 2009 509 2052 ᾄδουσα
526 2012 567 2042 τὰ
585 2014 753 2053 Σαπφοῦς,

298 2061 363 2092 Καὶ
383 2062 527 2101 Περσεὺς
548 2060 660 2100 Ἰνὸῆς
686 2061 825 2103 ήρ(ισατ’
840 2061 916 2093 Ἀν-

382 2108 550 2151 δρομὲὂης.

253 2158 302 2188 Sic
319 2163 351 2188 et
366 2159 540 2190 Athenaeus
557 2159 615 2189 lib.
631 2159 653 2190 i.
671 2171 742 2201 cap.
763 2162 812 2191 18.
852 2161 916 2191 An-

252 2206 421 2238 ‹lromeden
437 2219 455 2239 a
474 2209 599 2250 Sappho
616 2210 755 2240 versibus
778 2215 917 2241 notatam

251 2256 368 2287 scribit.
393 2257 472 2288 inter
488 2264 593 2289 autem
617 2259 738 2300 puellas
760 2270 778 2289 a
792 2259 917 2301 Sappho

252 2311 372 2336 amatas
386 2306 480 2337 etiam
497 2307 656 2337 Maximus
671 2307 782 2349 Tyrius
798 2309 916 2338 Andro-

252 2357 353 2385 meden
378 2355 535 2396 quandam
561 2362 711 2387 recenset.
736 2362 769 2387 ut
794 2362 824 2387 et
851 2357 918 2399 ipsa

251 2404 376 2445 Sappho
399 2404 430 2434 in
448 2405 620 2445 fragmento
637 2406 720 2447 apud
738 2406 827 2436 Fulv.
848 2407 916 2437 Urs.

252 2464 283 2494 p.
301 2454 350 2483 10.
364 2454 417 2484 ubi
431 2453 550 2484 videtur
562 2454 761 2485 aemulatione
775 2456 916 2492 accendi,

253 2502 335 2542 quod
349 2502 456 2533 Atthis
471 2502 502 2533 in
513 2503 737 2535 Andromedcn
753 2505 917 2546 proclivior

252 2558 345 2582 esset.
370 2552 490 2583 Ilfitxs.

296 2602 348 2631 38.
384 2603 407 2631 A
437 2603 558 2643 siricii]
598 2603 770 2634 Psittacum
800 2604 914 2635 intelli-

251 2650 345 2690 gcbat
360 2656 427 2691 post
453 2652 680 2683 Bersmannum
704 2653 860 2690 Francius,
877 2665 914 2684 cx

254 2698 361 2730 Amor.
378 2699 409 2730 ii.
427 2701 458 2730 6.

301 2748 345 2779 Tu.
372 2757 489 2788 poteras
514 2753 623 2782 virides
651 2754 754 2791 pennis
780 2754 915 2783 hebetare

341 2801 518 2839 smaragdos.

985 1816 1025 1845 Et
1056 1815 1220 1846 Claverius
1249 1815 1289 1846 ad
1319 1816 1404 1846 Pers.
1435 1816 1558 1857 I’rolog.
1586 1816 1650 1847 vid.

984 1864 1121 1895 Turneb.
1136 1864 1224 1895 xviii.
1240 1865 1373 1895 Advers.
1394 1866 1444 1895 16.
1474 1866 1591 1896 Burin.

1031 1913 1179 1953 Tur-tur]
1206 1913 1322 1943 Miram
1347 1924 1442 1954 prope
1470 1914 1561 1956 hujus
1586 1916 1652 1945 avis

985 1962 1161 1993 castitatem
1177 1973 1242 1993 esse
1259 1961 1366 1992 scribit
1383 1963 1527 1993 i-lfllianus
1548 1964 1602 1994 lib.
1620 1975 1650 1994 x.

985 2022 1055 2052 cap.
1072 2012 1176 2042 xxxiv.
1223 2012 1272 2042 De
1290 2011 1373 2042 Hist.
1390 2011 1529 2042 Animal.
1555 2013 1648 2044 C1of.

1029 2062 1080 2092 39.
1107 2062 1301 2102 Qum-facia]
1323 2062 1515 2103 Qutrjitcies.
1529 2064 1648 2094 Mazar.

985 2115 1016 2140 et
1032 2110 1170 2140 Palatin.

1029 2161 1082 2190 48.
1112 2160 1204 2190 Verba
1219 2160 1320 2200 joca]
1350 2160 1500 2197 Quidam,
1523 2164 1649 2192 membra

974 2211 1056 2248 joco.
1095 2209 1148 2240 alii
1174 2209 1309 2244 codices,
1338 2212 1425 2241 verba
1455 2212 1527 2241 lac-0.
1566 2212 1648 2252 quod

985 2259 1114 2290 damnat
1131 2261 1270 2291 Gronov.
1295 2260 1340 2291 iii.
1359 2262 1438 2291 Obs.
1463 2263 1514 2291 21.
1543 2269 1649 2292 contra

985 2309 1185 2340 Salmasium.
1214 2312 1383 2350 rei-bajocis
1396 2313 1518 2342 Sarrav.
1530 2318 1561 2342 et.
1578 2313 1648 2342 Lin-

985 2359 1046 2388 col.
1066 2361 1150 2389 rerlm
1167 2372 1236 2390 sono
1252 2360 1394 2391 Francos.
1413 2360 1466 2391 sed
1491 2361 1566 2391 nihil
1583 2373 1647 2392 mo-

987 2408 1134 2439 vendum.
1162 2412 1255 2448 jas-115
1283 2416 1330 2441 est
1359 2422 1438 2452 opus
1468 2410 1590 2442 amoris.
1618 2412 1649 2441 ii.

985 2457 1055 2488 Art.
1073 2457 1145 2488 Am.
1160 2459 1234 2488 724.

1030 2507 1067 2536 lit
1095 2508 1197 2537 dulces
1233 2510 1370 2547 gemitus,
1405 2515 1533 2549 aptaque
1563 2511 1647 2539 rerlm

1061 2559 1144 2595 joco.

985 2605 1027 2635 iv.
1047 2605 1129 2636 Fast.
1146 2607 1221 2636 868.

1030 2655 1145 2685 Pascite
1173 2657 1346 2694 blanditias,
1374 2660 1523 2699 dignaque
1562 2659 1645 2687 rerlnt

1060 2706 1143 2742 joco.
1169 2705 1287 2735 Brun.

1028 2754 1080 2784 51.
1107 2753 1278 2795 Sicelides]
1310 2755 1429 2795 Regius
1450 2754 1545 2785 codex
1574 2755 1644 2784 Sici-

986 2803 1067 2838 lidos,
1083 2809 1113 2833 et
1130 2814 1198 2834 mox
1216 2804 1325 2834 Sicilis.
1351 2804 1434 2845 quod
1451 2815 1511 2834 non
1531 2809 1646 2835 temore
