1849 3198
224 212 310 254 160

614 208 665 248 P.
699 205 914 248 OVIDII
949 205 1229 248 NASONIS

227 326 373 382 Quod
398 324 549 381 vivis;
590 323 725 386 quod
754 323 908 371 habes
937 330 1144 387 nuptam
1178 339 1506 387 socerumque
1531 341 1618 388 po-

423 409 612 450 tentem
631 420 642 459 ;

1522 405 1619 450 205

295 482 406 530 Hoc
426 482 607 545 ipsum,
630 480 852 542 ingratus
873 479 1008 542 quod
1028 485 1170 542 potes
1191 495 1318 535 esse,
1340 495 1505 526 meum
1526 485 1618 527 est.

228 560 366 615 Quos
393 558 626 622 equidem
652 556 901 604 actutum!
941 556 1029 603 sed
1066 555 1187 618 quid
1215 556 1486 619 praedicere
1517 573 1620 620 poe-

295 636 522 684 Attinet?
560 635 788 697 ingentes
814 634 1025 698 parturit
1049 633 1120 680 ira
1144 634 1319 681 minaS.

1485 635 1622 695 [nam

230 714 341 768 Quo
366 714 491 761 feret
515 713 601 768 ira,
631 727 827 774 sequar.
868 710 985 758 facti
1010 710 1219 758 fortasse
1243 711 1452 775 pigebit.

298 791 363 838 Et
387 792 525 855 piget
549 789 700 836 infido
725 788 1034 836 consuluisse
1058 787 1177 834 Viro.

1527 791 1624 834 210

229 868 422 916 Viderit
445 869 541 915 ista
566 867 722 921 DeUS,
756 866 842 928 qui
869 881 998 911 nunc
1025 881 1137 912 mea
1160 872 1365 928 pectora
1387 871 1577 911 versat:

298 946 482 993 Nescio
509 945 630 1008 quid
657 950 790 991 certe
816 958 956 989 mens
982 958 1094 989 mea
1118 944 1279 1005 majus
1305 942 1422 1004 agit.

658 1218 1007 1267 EPISTOLA
1045 1214 1197 1266 XIII.

476 1327 866 1370 LAODAMIA
919 1327 1396 1369 PROTESILAo.

236 1422 410 1478 Mittit,
439 1429 489 1468 et
514 1428 655 1484 optat
682 1436 871 1475 amans,
900 1434 998 1482 quo
1027 1419 1253 1476 mittitur,
1281 1421 1367 1476 ire,
1396 1420 1622 1475 salutem,

301 1500 524 1546 AEmonis
550 1499 778 1546 AEmouio
806 1496 1075 1544 Laodamia
1097 1499 1217 1545 viro.

234 1622 359 1652 metatis
374 1633 443 1663 quae
455 1621 563 1653 Jasoni
578 1621 765 1664 praestiterat
776 1620 895 1655 officiis,

235 1682 306 1712 quae
322 1673 415 1701 dotem
426 1682 513 1701 suam
525 1670 610 1701 haud
619 1670 773 1701 immerito
785 1670 895 1711 jactat,

234 1720 374 1751 hortatur
393 1720 520 1756 ironice,
536 1725 570 1750 ut
589 1730 667 1761 quas
689 1730 763 1761 opes
784 1719 896 1755 Creon,

235 1769 360 1812 Sisyphi
374 1769 467 1805 filius,
485 1774 566 1800 natae
591 1769 622 1799 in
646 1769 751 1799 dotem
767 1768 896 1805 confert,

235 1830 307 1850 cum
319 1819 445 1850 Medeae
461 1821 560 1859 opibus
576 1827 745 1861 comparet.
779 1818 897 1848 AMAR.

279 1870 355 1900 208.
383 1869 556 1909 Partim-in]
584 1869 770 1909 Eleganter:
796 1867 840 1899 ita
865 1878 897 1899 a·

236 1919 301 1961 pud
313 1920 424 1950 Senec.
438 1919 528 1949 Med.
541 1920 595 1949 25.
621 1918 900 1958 Partajam‚parta

237 1971 315 1999 ultio
337 1975 391 1999 est.
420 1969 546 2008 Peperi3
572 1967 626 1998 ubi
649 1968 763 1999 Glossa
785 1967 902 1998 codicis

238 2018 459 2060 Trajectensis,
478 2018 585 2057 Peperi
607 2018 720 2048 scilicet
744 2018 900 2053 ultionem,

238 2070 313 2107 quod
332 2069 495 2108 perfilios,
511 2078 580 2108 quos
600 2068 713 2106 peperi,
729 2078 773 2096 me
799 2068 899 2097 vindi-

239 2125 318 2153 cavi.
366 2124 484 2154 Bmm.

283 2168 359 2197 209.
387 2167 544 2208 szferet
561 2168 605 2196 ira
621 2163 752 2205 sequuta]
775 2164 822 2194 Ex
838 2164 901 2194 Eu-

242 2216 339 2259 ripide
353 2228 359 2246 :

285 2267 352 2297 Καὶ
366 2264 527 2307 μανθάνω
542 2265 602 2306 μὲν
626 2264 678 2295 οἷα
695 2263 779 2305 &priv
794 2262 903 2305 μέλλω

329 2313 423 2345 κακά·

286 2364 395 2404 Θυμὸς
412 2361 441 2392 δὲ
467 2361 626 2403 κρείσσων
643 2365 709 2393 τῶν
725 2361 811 2403 ἐμῶν
825 2361 903 2401 βου-

328 2411 512 2454 λευμάτων.
740 2411 860 2441 Amin.

285 2463 362 2493 211.
391 2462 505 2492 Viderit
532 2463 587 2491 ista
620 2461 729 2501 Densa]
768 2461 818 2491 De
846 2472 903 2491 usu

244 2512 298 2542 illo
314 2513 371 2542 τοῦ
387 2512 506 2541 viderit.
532 2510 596 2540 vid.
615 2510 653 2540 ad
665 2510 699 2539 ii.
713 2520 751 2540 ex
766 2510 856 2540 Pont.
868 2510 902 2540 ii.

248 2563 298 2591 ll.
323 2566 355 2591 et
369 2560 408 2590 ad
425 2560 550 2590 Petron.
567 2559 621 2590 lxi.
637 2566 668 2589 et
683 2559 813 2590 lxxxvii.

288 2612 362 2641 212.
387 2609 490 2651 Agin]
526 2610 591 2639 Alit
607 2609 796 2639 rescribebat
812 2609 905 2639 Fran·

246 2662 323 2697 cius,
339 2666 374 2691 ut
388 2659 534 2701 respiciat
557 2660 593 2690 τὸ
614 2660 765 2698 parturit.
789 2658 832 2689 sic
847 2659 906 2690 Te-

246 2716 327 2742 rent.
342 2709 444 2740 Andr.
454 2709 473 2740 i.
485 2711 517 2740 5.
536 2709 661 2748 Aliquid
673 2711 795 2738 monstri
809 2711 908 2740 alunt.

248 2760 302 2792 sed
319 2758 396 2791 nihil
408 2769 495 2801 opus.
540 2759 652 2790 Senec.
669 2757 760 2789 Med.
778 2759 832 2789 46.

1010 1621 1172 1652 Tremensla
1189 1622 1259 1652 coelo
1269 1624 1386 1660 pariter
1400 1631 1435 1650 ac
1447 1621 1535 1650 terris
1548 1622 1628 1650 mala

1009 1671 1097 1701 Mens
1111 1673 1194 1701 intus
1208 1672 1319 1713 agitat.

965 1720 1077 1751 Paullo
1094 1721 1154 1751 alio
1171 1732 1262 1751 sensu
1278 1721 1353 1752 Val.
1370 1720 1457 1751 Flac.
1471 1719 1518 1750 iii.
1533 1720 1607 1751 392.

1010 1770 1072 1800 Hos
1088 1772 1180 1801 variis
1194 1781 1273 1801 mens
1287 1772 1348 1810 ipsa
1364 1772 1456 1801 modis
1471 1771 1549 1811 agit.

1466 1819 1585 1850 Enim,

1015 1920 1043 1948 1.
1073 1918 1174 1949 Mittit
1203 1925 1231 1949 et
1265 1924 1346 1958 optat
1373 1918 1504 1958 inuans]
1545 1918 1631 1949 Ordo

968 1969 1132 1999 verborum
1155 1974 1214 2004 est,
1238 1968 1358 1998 Amans
1384 1966 1527 1997 AEmonis
1551 1968 1630 1998 Lao-

969 2018 1073 2049 damia
1087 2017 1185 2049 mittit
1199 2018 1333 2049 salutem
1344 2017 1408 2048 viro
1423 2016 1583 2053 AEmonio‚
1601 2023 1633 2048 et

969 2073 1056 2109 optat
1070 2078 1105 2098 eo
1116 2068 1172 2104 ire,
1187 2078 1248 2108 quo
1258 2067 1391 2097 mittitur
1405 2066 1499 2102 salus,
1511 2066 1570 2096 hoc
1586 2073 1633 2097 est

970 2117 1121 2158 Epistola.
1146 2128 1251 2147 versus
1277 2122 1350 2147 sunt
1375 2115 1450 2146 satis
1478 2115 1630 2145 intricatae

971 2165 1225 2196 constructionis:
1259 2170 1289 2195 et
1316 2175 1397 2205 quae,
1426 2164 1485 2194 nisi
1514 2165 1632 2206 recepti

971 2216 1010 2245 ab
1033 2216 1175 2245 omnibus
1200 2215 1308 2250 forent,
1325 2214 1442 2245 similes
1467 2213 1630 2255 superiori-

970 2265 1029 2295 bus
1046 2264 1232 2306 quibusdam
1247 2263 1365 2295 censeri
1381 2270 1538 2305 poterant,
1555 2274 1631 2303 quo-

973 2314 1055 2345 niam
1066 2314 1146 2344 inter
1161 2314 1337 2345 subdititios
1353 2313 1540 2344 referuntur.
1566 2313 1632 2343 Mr-

972 2375 1109 2394 cruos.

1016 2415 1048 2444 2.
1084 2413 1215 2443 AEmonis
1243 2413 1390 2447 Ᾱίηὶοηὶο,
1420 2411 1499 2451 δία]
1540 2411 1633 2448 Quod

974 2469 1031 2499 est,
1053 2462 1213 2498 Thessala,
1233 2462 1402 2499 Thessa103
1425 2461 1507 2492 utin
1530 2461 1632 2503 Epist.

974 2511 1158 2543 Hermiones
1174 2512 1304 2547 Orestae,
1324 2511 1401 2540 122:

1150 2560 1315 2590 Tantalidae
1335 2559 1473 2590 Tantalis
1483 2570 1557 2589 naor
1572 2570 1632 2589 ero.

974 2609 1122 2640 AEmonia
1143 2614 1249 2640 autem
1275 2608 1438 2640 dicebatur
1460 2607 1633 2643 Thessalia,

975 2661 1014 2691 ab
1030 2658 1188 2694 AEmonia,
1209 2669 1272 2689 una
1289 2667 1306 2689 e
1331 2657 1535 2688 Deucalionis
1556 2657 1634 2687 filia-

974 2710 1044 2745 bus,
1060 2720 1129 2751 quae
1155 2719 1269 2739 nomen
1291 2719 1380 2739 suum
1401 2707 1481 2750 parti
1508 2706 1632 2738 cuidam

976 2758 1110 2801 regionis
1124 2758 1216 2800 hujus
1230 2757 1397 2789 indiderat.
