1849 3198
523 178 712 220 ARTIS
743 178 1105 222 AMATORIAE
1138 179 1258 221 LIB.
1295 179 1331 220 Ι.

233 293 358 341 Filia
382 309 659 357 purpureos
687 293 812 341 Niso
838 293 1001 341 furata
1024 295 1249 358 capillos,

298 371 443 418 Pube
467 371 649 434 premit
672 371 873 418 rabidos
898 371 1290 435 inguinibusque
1315 389 1483 421 canes.

231 448 330 503 Qui
357 448 574 496 Martem
598 450 748 505 terra,
778 448 1073 513 Neptunum
1099 450 1274 513 effugit
1299 451 1347 496 in
1373 451 1535 506 undis,

300 525 544 588 Conjugis
569 524 771 572 Atrides
797 525 999 572 victima
1022 526 1130 573 dira
1153 526 1261 574 fuit.

229 601 328 651 Cui
347 618 448 648 non
468 602 652 649 defleta
670 609 748 649 est
767 602 1032 665 Ephyraeae
1054 603 1256 650 flamma
1275 603 1511 652 Creiisae?
1531 608 1627 651 335

298 678 364 726 Et
388 694 510 726 nece
535 686 764 725 natorum
790 679 1172 741 sanguinolenta
1195 682 1406 743 parens?

231 756 390 803 Flevit
413 754 769 820 Amyntorides
795 771 884 818 per
909 756 1075 803 inania
1098 757 1288 804 lumina
1311 756 1551 806 Phoenix:

296 832 631 897 Hippolytum
655 831 822 895 pavidi
847 832 1122 896 diripuistis
1148 834 1282 896 equi.

232 909 367 964 Quid
392 909 518 956 fodis
543 909 820 965 immeritis,
839 909 1052 965 Phineu,
1074 926 1165 957 sua
1187 910 1372 957 lumina
1389 912 1518 958 natis
1536 912 1554 958 ἲ

295 986 455 1034 Poena
477 1002 735 1034 reversura
758 993 835 1034 est
860 986 909 1033 in
935 994 1088 1050 caput
1112 987 1208 1035 ista
1232 994 1390 1036 tuum.

1530 991 1628 1035 340

230 1064 414 1111 Omnia
437 1062 654 1111 feminea
681 1070 797 1110 sunt
827 1064 925 1111 ista
948 1063 1154 1111 libidine
1180 1071 1342 1121 mota;

294 1140 470 1187 Acrior
495 1147 572 1187 est
591 1141 780 1195 nostra,
806 1140 1022 1204 plusque
1046 1139 1223 1189 furoris
1250 1141 1418 1188 habet.

232 1217 365 1280 Ergo
391 1233 500 1280 age,
528 1233 590 1264 ne
615 1217 791 1264 dubita
815 1225 1023 1265 cunctas
1051 1234 1288 1282 superare
1314 1219 1535 1282 puellas;

296 1294 396 1342 Vix
421 1295 514 1342 erit
538 1310 566 1342 e
591 1294 758 1341 multis
785 1310 896 1357 quae
923 1302 1073 1357 neget
1096 1311 1196 1344 una
1219 1295 1326 1342 tibi.

1531 1299 1626 1342 344

229 1372 354 1427 Quae
387 1373 524 1428 dant,
564 1388 781 1435 quaeque
817 1380 1017 1435 negant,
1056 1373 1278 1435 gaudent
1311 1380 1479 1420 tamen
1516 1389 1625 1420 esse

298 1449 370 1497 Ut
387 1451 492 1513 jam
517 1449 717 1505 fallaris,
744 1456 853 1497 tuta
877 1451 1078 1514 repulsa
1101 1457 1187 1497 tua
1211 1457 1304 1497 est.

1400 1452 1622 1512 [rogatae.

230 1527 333 1574 Sed
359 1543 448 1574 cur
471 1526 672 1581 fallaris,
700 1542 815 1573 cum
838 1526 905 1577 sit
930 1543 1055 1574 nova
1079 1536 1220 1590 grata
1244 1527 1507 1590 voluptas?

298 1604 365 1653 Et
389 1604 591 1669 capiant
615 1605 806 1653 animos
828 1605 940 1668 plus
966 1605 1128 1653 aliena
1153 1604 1303 1652 suos?

227 1794 411 1836 rumpimus,
428 1794 467 1826 de
483 1806 545 1836 quo
561 1796 601 1826 ad
618 1796 692 1827 Val.
711 1796 799 1827 Flac.
822 1796 842 1827 i.
863 1798 895 1827 3.

229 1843 372 1884 pluribus
389 1854 529 1885 agemus.
576 1845 695 1875 Romi.

269 1893 348 1923 333.
381 1893 442 1927 Qui
470 1901 596 1924 martem
636 1895 751 1935 terris]
804 1894 895 1925 Terra

229 1941 381 1972 meliores.
434 1942 608 1973 Hmssws.
664 1943 896 1984 Neptunumque

226 1991 336 2033 effugit
359 1994 449 2022 undis
472 2003 552 2023 unus
576 1993 688 2024 Heins.
714 2005 772 2034 ego
796 1995 894 2024 Hein—

227 2039 307 2070 sium
334 2051 456 2082 sequor.
479 2047 510 2072 et
535 2042 624 2084 capio
654 2049 747 2078 terr-11,
779 2054 833 2084 pro
862 2045 894 2074 in.

229 2096 332 2125 terrim
369 2101 441 2120 nam
473 2092 707 2133 praepositiones
734 2093 764 2123 in
802 2092 893 2134 priori

228 2139 366 2169 membro
397 2149 479 2181 saepe
517 2140 632 2171 omittit
670 2142 795 2172 Noster.
827 2141 892 2172 vid.

229 2187 331 2229 Epist.
346 2187 390 2218 vi.
410 2189 483 2219 107.
500 2194 532 2219 et
548 2188 609 2219 xvi.
630 2191 702 2220 141.
717 2189 804 2221 xviii.
821 2191 890 2221 157.

226 2242 257 2267 et
273 2236 361 2267 alibi.
408 2237 525 2268 Brun.

270 2287 347 2317 335.
396 2286 575 2327 Ephyram]
637 2287 806 2318 Corinthiae
852 2289 891 2318 ah

228 2335 365 2376 Ephyre.
380 2335 451 2366 vide
473 2347 542 2378 qua:
569 2336 672 2367 notavi
696 2336 726 2366 in
752 2335 892 2377 Epistola

229 2384 352 2415 Medeae
369 2385 408 2415 ad
425 2385 585 2416 Jasonem.
631 2386 722 2416 Cror.

271 2435 345 2464 337.
370 2433 466 2465 Flevit
492 2434 732 2475 Amyntorides]
758 2433 892 2464 Phoenix

229 2482 310 2513 filius
339 2482 398 2513 fuit
425 2482 604 2524 Amyntoris
634 2482 689 2513 filii
716 2482 893 2524 Cercaphi:

228 2542 321 2572 quem
351 2532 533 2568 Phocidem,
556 2532 609 2563 alii
631 2532 816 2563 Ormenium
840 2542 894 2572 ge·

230 2580 333 2616 nuisse
350 2582 469 2612 volunt.
516 2582 578 2612 Hic
597 2593 666 2613 cum
682 2582 784 2611 amica
799 2582 894 2622 patris

231 2640 294 2659 rem
319 2629 476 2661 habebat:
510 2630 564 2661 sed
591 2638 659 2672 post
685 2630 801 2660 multas
829 2630 896 2671 ejus

230 2678 468 2720 imprecationes
502 2691 539 2711 ex
571 2680 706 2711 Hellade
742 2679 895 2710 discessit.

229 2728 260 2758 ls
289 2728 382 2769 igitur
410 2729 450 2760 ad
479 2730 609 2762 Peleum
639 2729 729 2770 fugit,
755 2730 807 2770 qui
834 2728 896 2759 filio

269 2781 370 2812 VOL.
395 2783 422 2813 Ι.

967 1796 1085 1827 Achilli
1100 1796 1245 1827 comitem
1265 1800 1552 1837 praeceptoremque
1575 1794 1629 1824 de-

966 1846 1022 1876 dit.

1009 1896 1085 1926 339.
1124 1895 1310 1935 Quidfmlis
1334 1892 1518 1932 immeritis]
1556 1891 1630 1922 Phi-

966 1955 1042 1974 neus
1058 1954 1109 1974 rex
1127 1943 1185 1973 fuit
1200 1942 1363 1973 Arcadiae:
1389 1941 1442 1982 qui
1468 1940 1631 1982 repudiata

964 1994 1144 2035 Cleopatra,
1171 2002 1298 2023 uxorem
1324 1990 1525 2032 Harpalicem
1555 1991 1629 2031 Scy-

963 2043 1079 2073 thicam
1108 2041 1210 2076 duxit,
1240 2040 1329 2081 cujus
1366 2039 1515 2069 instinctu
1551 2039 1630 2069 filios

963 2090 1146 2122 occaecavit.
1193 2089 1254 2120 Sed
1271 2089 1302 2119 in
1326 2088 1418 2130 hujus
1442 2087 1485 2117 rei
1508 2087 1631 2118 vindic-

964 2147 1028 2171 tam
1044 2150 1114 2169 mox
1131 2139 1220 2169 illurn
1235 2138 1278 2168 dii
1293 2137 1392 2168 oculis
1408 2136 1582 2179 privarunt,
1598 2142 1629 2167 et

959 2189 1104 2230 harpyias
1121 2198 1193 2218 aves
1207 2186 1412 2221 immiserunt,
1432 2195 1502 2226 quae
1527 2184 1624 2225 dapes

959 2238 1160 2280 diripiebant,
1173 2242 1266 2277 atque
1277 2235 1394 2266 ventris
1405 2233 1555 2276 profluvio
1566 2234 1608 2264 foe
1617 2252 1626 2256 -

959 2289 1090 2319 dabant.

1003 2337 1078 2368 343.
1096 2336 1143 2365 Ne
1157 2334 1291 2374 dubiem]
1326 2331 1475 2364 Notanda
1494 2332 1541 2362 vis
1557 2343 1627 2373 par-

962 2385 1066 2416 ticulae
1089 2395 1170 2425 ergo,
1199 2393 1269 2424 quae
1295 2382 1345 2412 hic
1371 2391 1432 2411 non
1456 2381 1548 2411 modo
1572 2380 1626 2411 ad-

962 2432 1113 2464 hortantis
1138 2438 1203 2470 est3
1241 2431 1296 2462 sed
1324 2440 1387 2472 qua
1416 2429 1543 2465 utimur,
1574 2430 1629 2459 ubi

962 2483 1048 2514 tarde
1065 2482 1202 2523 aliquem
1226 2479 1472 2511 consentientem
1497 2479 1624 2509 convin-

963 2531 1063 2562 cimus
1077 2530 1164 2572 quasi
1179 2536 1209 2561 et
1225 2528 1494 2571 reprehendimus.
1510 2529 1627 2558 Brun.

1006 2582 1082 2611 348.
1102 2580 1140 2610 Et
1156 2582 1277 2619 capiant
1302 2581 1414 2608 animos
1436 2580 1504 2617 plus
1526 2579 1628 2608 aliena

964 2630 1052 2670 suisa]
1101 2629 1233 2660 Mallem
1265 2630 1326 2658 suis
1355 2627 1498 2662 retinere,
1528 2633 1561 2656 ut
1593 2626 1634 2657 sit

964 2678 1118 2710 sente-ntia
1141 2689 1178 2709 ex
1196 2677 1298 2708 medio
1314 2677 1424 2719 petita,
1441 2686 1548 2706 omnes
1563 2686 1627 2706 ma-

965 2728 1012 2767 gis
1039 2738 1151 2769 cupere
1179 2727 1293 2761 aliena,
1321 2725 1396 2766 quia
1421 2724 1553 2756 credunt
1578 2724 1633 2756 illa

1042 2782 1069 2811 Η
1089 2781 1106 2810 h
