<?xml version="1.0" encoding="UTF-8"?>
<!DOCTYPE html PUBLIC "-//W3C//DTD XHTML 1.0 Transitional//EN"
    "http://www.w3.org/TR/xhtml1/DTD/xhtml1-transitional.dtd">
<html xmlns="http://www.w3.org/1999/xhtml" xml:lang="en" lang="en">
 <head>
  <title>
</title>
<meta http-equiv="Content-Type" content="text/html;charset=utf-8" />
  <meta name='ocr-system' content='tesseract 3.04.00' />
  <meta name='ocr-capabilities' content='ocr_page ocr_carea ocr_par ocr_line ocrx_word'/>
</head>
<body>
  <div class='ocr_page' id='page_1' title='image "./povidiinasonisop01oviduoft_0190.png"; bbox 0 0 1849 3198; ppageno 0'>
   <div class='ocr_carea' id='block_1_1' title="bbox 247 239 333 281">
    <p class='ocr_par' dir='ltr' id='par_1_1' title="bbox 247 239 333 281">
     <span class='ocr_line' id='line_1_1' title="bbox 247 239 333 281; baseline 0 0"><span class='ocrx_word' id='word_1_1' title='bbox 247 239 333 281; x_wconf 89' lang='grc'>106</span> 
     </span>
    </p>
   </div>
   <div class='ocr_carea' id='block_1_2' title="bbox 636 234 1246 278">
    <p class='ocr_par' dir='ltr' id='par_1_2' title="bbox 636 234 1246 278">
     <span class='ocr_line' id='line_1_2' title="bbox 636 234 1246 278; baseline 0.002 -2"><span class='ocrx_word' id='word_1_2' title='bbox 636 235 686 277; x_wconf 92' lang='grc' dir='ltr'>Ρ.</span> <span class='ocrx_word' id='word_1_3' title='bbox 721 234 934 278; x_wconf 93' lang='lat' dir='ltr'>OVIDII</span> <span class='ocrx_word' id='word_1_4' title='bbox 967 234 1246 277; x_wconf 90' lang='lat' dir='ltr'><strong>NASONIS</strong></span> 
     </span>
    </p>
   </div>
   <div class='ocr_carea' id='block_1_3' title="bbox 247 350 1634 415">
    <p class='ocr_par' dir='ltr' id='par_1_3' title="bbox 247 350 1634 415">
     <span class='ocr_line' id='line_1_3' title="bbox 247 350 1634 415; baseline -0.002 -13"><span class='ocrx_word' id='word_1_5' title='bbox 247 355 378 402; x_wconf 85' lang='lat' dir='ltr'>Cum</span> <span class='ocrx_word' id='word_1_6' title='bbox 389 360 555 401; x_wconf 91' lang='lat' dir='ltr'>tamen</span> <span class='ocrx_word' id='word_1_7' title='bbox 571 352 699 400; x_wconf 89' lang='lat' dir='ltr'>altus</span> <span class='ocrx_word' id='word_1_8' title='bbox 716 351 858 415; x_wconf 88' lang='lat' dir='ltr'>equis</span> <span class='ocrx_word' id='word_1_9' title='bbox 874 351 1019 399; x_wconf 81' lang='lat' dir='ltr'>Titan</span> <span class='ocrx_word' id='word_1_10' title='bbox 1036 351 1341 399; x_wconf 81' lang='lat' dir='ltr'>radiantibus</span> <span class='ocrx_word' id='word_1_11' title='bbox 1359 350 1524 408; x_wconf 87' lang='lat' dir='ltr'>instat,</span> <span class='ocrx_word' id='word_1_12' title='bbox 1543 354 1634 399; x_wconf 87' lang='lat'>105</span> 
     </span>
    </p>
   </div>
   <div class='ocr_carea' id='block_1_4' title="bbox 247 429 1632 568">
    <p class='ocr_par' dir='ltr' id='par_1_4' title="bbox 247 429 1632 568">
     <span class='ocr_line' id='line_1_4' title="bbox 315 429 1165 485; baseline -0.002 -7"><span class='ocrx_word' id='word_1_13' title='bbox 315 431 548 478; x_wconf 82' lang='lat' dir='ltr'>Perfruor</span> <span class='ocrx_word' id='word_1_14' title='bbox 572 430 742 477; x_wconf 78' lang='lat' dir='ltr'>infelix</span> <span class='ocrx_word' id='word_1_15' title='bbox 768 429 994 476; x_wconf 80' lang='lat' dir='ltr'>liberiore</span> <span class='ocrx_word' id='word_1_16' title='bbox 1020 429 1165 485; x_wconf 89' lang='lat' dir='ltr'>malo,</span> 
     </span>
     <span class='ocr_line' id='line_1_5' title="bbox 247 506 1632 568; baseline -0.002 -13"><span class='ocrx_word' id='word_1_17' title='bbox 247 507 364 555; x_wconf 82' lang='lat' dir='ltr'>Nox</span> <span class='ocrx_word' id='word_1_18' title='bbox 388 508 473 555; x_wconf 89' lang='lat' dir='ltr'>ubi</span> <span class='ocrx_word' id='word_1_19' title='bbox 498 524 577 554; x_wconf 92' lang='lat' dir='ltr'>me</span> <span class='ocrx_word' id='word_1_20' title='bbox 602 506 849 561; x_wconf 80' lang='lat' dir='ltr'>thalamis,</span> <span class='ocrx_word' id='word_1_21' title='bbox 868 506 1140 552; x_wconf 88' lang='lat' dir='ltr'>ululantem</span> <span class='ocrx_word' id='word_1_22' title='bbox 1161 513 1210 553; x_wconf 92' lang='lat' dir='ltr'>et</span> <span class='ocrx_word' id='word_1_23' title='bbox 1229 507 1409 554; x_wconf 87' lang='lat' dir='ltr'>acerba</span> <span class='ocrx_word' id='word_1_24' title='bbox 1432 522 1632 568; x_wconf 83' lang='lat' dir='ltr'>gemen-</span> 
     </span>
    </p>
   </div>
   <div class='ocr_carea' id='block_1_5' title="bbox 313 584 1372 646">
    <p class='ocr_par' dir='ltr' id='par_1_5' title="bbox 313 584 1372 646">
     <span class='ocr_line' id='line_1_6' title="bbox 313 584 1372 646; baseline -0.002 -14"><span class='ocrx_word' id='word_1_25' title='bbox 313 585 566 641; x_wconf 80' lang='lat' dir='ltr'>Condidit,</span> <span class='ocrx_word' id='word_1_26' title='bbox 594 585 643 630; x_wconf 92' lang='lat' dir='ltr'>in</span> <span class='ocrx_word' id='word_1_27' title='bbox 668 590 845 630; x_wconf 85' lang='lat' dir='ltr'>moesto</span> <span class='ocrx_word' id='word_1_28' title='bbox 870 584 1212 646; x_wconf 75' lang='lat' dir='ltr'>procubuique</span> <span class='ocrx_word' id='word_1_29' title='bbox 1238 591 1372 641; x_wconf 90' lang='lat' dir='ltr'>toro;</span> 
     </span>
    </p>
   </div>
   <div class='ocr_carea' id='block_1_6' title="bbox 1493 585 1632 646">
    <p class='ocr_par' dir='ltr' id='par_1_6' title="bbox 1493 585 1632 646">
     <span class='ocr_line' id='line_1_7' title="bbox 1493 585 1632 646; baseline -0.014 -15"><span class='ocrx_word' id='word_1_30' title='bbox 1493 585 1632 646; x_wconf 87' lang='lat' dir='ltr'>[tem‚</span> 
     </span>
    </p>
   </div>
   <div class='ocr_carea' id='block_1_7' title="bbox 245 660 1470 722">
    <p class='ocr_par' dir='ltr' id='par_1_7' title="bbox 245 660 1470 722">
     <span class='ocr_line' id='line_1_8' title="bbox 245 660 1470 722; baseline -0.001 -13"><span class='ocrx_word' id='word_1_31' title='bbox 245 662 344 710; x_wconf 86' lang='lat' dir='ltr'>Pro</span> <span class='ocrx_word' id='word_1_32' title='bbox 371 679 542 709; x_wconf 90' lang='lat' dir='ltr'>somno</span> <span class='ocrx_word' id='word_1_33' title='bbox 568 661 781 708; x_wconf 82' lang='lat' dir='ltr'>lacrimis</span> <span class='ocrx_word' id='word_1_34' title='bbox 807 660 936 706; x_wconf 85' lang='lat' dir='ltr'>oculi</span> <span class='ocrx_word' id='word_1_35' title='bbox 962 660 1231 722; x_wconf 83' lang='lat' dir='ltr'>funguntur</span> <span class='ocrx_word' id='word_1_36' title='bbox 1256 661 1440 708; x_wconf 89' lang='lat' dir='ltr'>obortis</span> <span class='ocrx_word' id='word_1_37' title='bbox 1461 677 1470 708; x_wconf 91' lang='lat'>:</span> 
     </span>
    </p>
   </div>
   <div class='ocr_carea' id='block_1_8' title="bbox 312 737 1465 803">
    <p class='ocr_par' dir='ltr' id='par_1_8' title="bbox 312 737 1465 803">
     <span class='ocr_line' id='line_1_9' title="bbox 312 737 1465 803; baseline -0.003 -16"><span class='ocrx_word' id='word_1_38' title='bbox 312 739 523 803; x_wconf 81' lang='lat' dir='ltr'>Quaque</span> <span class='ocrx_word' id='word_1_39' title='bbox 547 740 664 786; x_wconf 84' lang='lat' dir='ltr'>licet</span> <span class='ocrx_word' id='word_1_40' title='bbox 688 738 838 800; x_wconf 80' lang='lat' dir='ltr'>fugio,</span> <span class='ocrx_word' id='word_1_41' title='bbox 866 737 994 784; x_wconf 85' lang='lat' dir='ltr'>sieut</span> <span class='ocrx_word' id='word_1_42' title='bbox 1019 739 1080 785; x_wconf 84' lang='lat' dir='ltr'>ab</span> <span class='ocrx_word' id='word_1_43' title='bbox 1108 738 1265 794; x_wconf 82' lang='lat' dir='ltr'>hoste,</span> <span class='ocrx_word' id='word_1_44' title='bbox 1291 739 1465 785; x_wconf 86' lang='lat' dir='ltr'>virum.</span> 
     </span>
    </p>
   </div>
   <div class='ocr_carea' id='block_1_9' title="bbox 1543 740 1635 784">
    <p class='ocr_par' dir='ltr' id='par_1_9' title="bbox 1543 740 1635 784">
     <span class='ocr_line' id='line_1_10' title="bbox 1543 740 1635 784; baseline -0.011 0"><span class='ocrx_word' id='word_1_45' title='bbox 1543 740 1635 784; x_wconf 84' lang='lat' dir='ltr'>llo</span> 
     </span>
    </p>
   </div>
   <div class='ocr_carea' id='block_1_10' title="bbox 240 809 1628 1497">
    <p class='ocr_par' dir='ltr' id='par_1_10' title="bbox 245 809 1501 956">
     <span class='ocr_line' id='line_1_11' title="bbox 245 809 1501 880; baseline -0.002 -16"><span class='ocrx_word' id='word_1_46' title='bbox 245 817 392 880; x_wconf 84' lang='lat' dir='ltr'>Saepe</span> <span class='ocrx_word' id='word_1_47' title='bbox 417 817 558 863; x_wconf 88' lang='lat' dir='ltr'>malis</span> <span class='ocrx_word' id='word_1_48' title='bbox 584 822 788 878; x_wconf 89' lang='lat' dir='ltr'>stupeo:</span> <span class='ocrx_word' id='word_1_49' title='bbox 829 830 1091 877; x_wconf 81' lang='lat' dir='ltr'>rerumque</span> <span class='ocrx_word' id='word_1_50' title='bbox 1117 815 1271 861; x_wconf 88' lang='lat' dir='ltr'>oblita</span> <span class='ocrx_word' id='word_1_51' title='bbox 1294 809 1501 878; x_wconf 60' lang='lat' dir='ltr'>locique⁴</span> 
     </span>
     <span class='ocr_line' id='line_1_12' title="bbox 310 891 1294 956; baseline -0.002 -16"><span class='ocrx_word' id='word_1_52' title='bbox 310 894 490 956; x_wconf 83' lang='lat' dir='ltr'>Ignara</span> <span class='ocrx_word' id='word_1_53' title='bbox 512 893 653 955; x_wconf 85' lang='lat' dir='ltr'>tetigi</span> <span class='ocrx_word' id='word_1_54' title='bbox 683 891 859 955; x_wconf 78' lang='lat' dir='ltr'>Scyria</span> <span class='ocrx_word' id='word_1_55' title='bbox 882 893 1106 939; x_wconf 86' lang='lat' dir='ltr'>membra</span> <span class='ocrx_word' id='word_1_56' title='bbox 1129 909 1294 939; x_wconf 89' lang='lat' dir='ltr'>manu.</span> 
     </span>
    </p>

    <p class='ocr_par' dir='ltr' id='par_1_11' title="bbox 245 970 1599 1112">
     <span class='ocr_line' id='line_1_13' title="bbox 245 970 1599 1034; baseline -0.002 -16"><span class='ocrx_word' id='word_1_57' title='bbox 245 971 415 1034; x_wconf 89' lang='lat' dir='ltr'>thue</span> <span class='ocrx_word' id='word_1_58' title='bbox 440 970 577 1018; x_wconf 86' lang='lat' dir='ltr'>nefas</span> <span class='ocrx_word' id='word_1_59' title='bbox 605 970 764 1026; x_wconf 78' lang='lat' dir='ltr'>sensi3</span> <span class='ocrx_word' id='word_1_60' title='bbox 806 970 933 1017; x_wconf 90' lang='lat' dir='ltr'>male</span> <span class='ocrx_word' id='word_1_61' title='bbox 958 986 1165 1033; x_wconf 78' lang='lat' dir='ltr'>corpora</span> <span class='ocrx_word' id='word_1_62' title='bbox 1189 976 1323 1016; x_wconf 86' lang='lat' dir='ltr'>tacta</span> <span class='ocrx_word' id='word_1_63' title='bbox 1346 970 1599 1032; x_wconf 85' lang='lat' dir='ltr'>relinquo:</span> 
     </span>
     <span class='ocr_line' id='line_1_14' title="bbox 310 1048 1381 1112; baseline -0.002 -17"><span class='ocrx_word' id='word_1_64' title='bbox 310 1049 376 1096; x_wconf 90' lang='lat' dir='ltr'>Et</span> <span class='ocrx_word' id='word_1_65' title='bbox 400 1049 518 1095; x_wconf 90' lang='lat' dir='ltr'>mihi</span> <span class='ocrx_word' id='word_1_66' title='bbox 543 1049 756 1112; x_wconf 88' lang='lat' dir='ltr'>pollutas</span> <span class='ocrx_word' id='word_1_67' title='bbox 782 1048 955 1094; x_wconf 83' lang='lat' dir='ltr'>credor</span> <span class='ocrx_word' id='word_1_68' title='bbox 979 1048 1163 1094; x_wconf 86' lang='lat' dir='ltr'>habere</span> <span class='ocrx_word' id='word_1_69' title='bbox 1188 1063 1381 1093; x_wconf 86' lang='lat' dir='ltr'>manus.</span> 
     </span>
    </p>

    <p class='ocr_par' dir='ltr' id='par_1_12' title="bbox 243 1122 1628 1257">
     <span class='ocr_line' id='line_1_15' title="bbox 243 1122 1628 1190; baseline -0.004 -17"><span class='ocrx_word' id='word_1_70' title='bbox 243 1126 389 1190; x_wconf 82' lang='lat' dir='ltr'>Saepe</span> <span class='ocrx_word' id='word_1_71' title='bbox 416 1125 733 1189; x_wconf 89' lang='lat' dir='ltr'>Neoptolemi</span> <span class='ocrx_word' id='word_1_72' title='bbox 759 1141 846 1188; x_wconf 91' lang='lat' dir='ltr'>pro</span> <span class='ocrx_word' id='word_1_73' title='bbox 873 1124 1086 1179; x_wconf 84' lang='lat' dir='ltr'>nomine,</span> <span class='ocrx_word' id='word_1_74' title='bbox 1115 1140 1293 1170; x_wconf 89' lang='lat' dir='ltr'>nomen</span> <span class='ocrx_word' id='word_1_75' title='bbox 1316 1122 1507 1170; x_wconf 83' lang='lat' dir='ltr'>Orestae</span> <span class='ocrx_word' id='word_1_76' title='bbox 1538 1124 1628 1168; x_wconf 83' lang='lat'>115</span> 
     </span>
     <span class='ocr_line' id='line_1_16' title="bbox 308 1202 1382 1257; baseline -0.004 -7"><span class='ocrx_word' id='word_1_77' title='bbox 308 1202 455 1250; x_wconf 82' lang='lat' dir='ltr'>Exit:</span> <span class='ocrx_word' id='word_1_78' title='bbox 495 1210 546 1249; x_wconf 91' lang='lat' dir='ltr'>et</span> <span class='ocrx_word' id='word_1_79' title='bbox 570 1218 783 1250; x_wconf 88' lang='lat' dir='ltr'>errorem</span> <span class='ocrx_word' id='word_1_80' title='bbox 807 1202 958 1257; x_wconf 84' lang='lat' dir='ltr'>vocis,</span> <span class='ocrx_word' id='word_1_81' title='bbox 985 1209 1040 1248; x_wconf 93' lang='lat' dir='ltr'>ut</span> <span class='ocrx_word' id='word_1_82' title='bbox 1064 1218 1226 1255; x_wconf 89' lang='lat' dir='ltr'>omen,</span> <span class='ocrx_word' id='word_1_83' title='bbox 1255 1217 1382 1247; x_wconf 89' lang='lat' dir='ltr'>amo.</span> 
     </span>
    </p>

    <p class='ocr_par' dir='ltr' id='par_1_13' title="bbox 240 1279 1492 1419">
     <span class='ocr_line' id='line_1_17' title="bbox 240 1279 1468 1342; baseline -0.003 -15"><span class='ocrx_word' id='word_1_84' title='bbox 240 1279 339 1327; x_wconf 84' lang='lat' dir='ltr'>Per</span> <span class='ocrx_word' id='word_1_85' title='bbox 363 1296 519 1342; x_wconf 85' lang='lat' dir='ltr'>genus</span> <span class='ocrx_word' id='word_1_86' title='bbox 544 1279 715 1326; x_wconf 86' lang='lat' dir='ltr'>infelix</span> <span class='ocrx_word' id='word_1_87' title='bbox 734 1281 847 1342; x_wconf 87' lang='lat' dir='ltr'>juro</span> <span class='ocrx_word' id='word_1_88' title='bbox 873 1279 1169 1342; x_wconf 81' lang='lat' dir='ltr'>generisque</span> <span class='ocrx_word' id='word_1_89' title='bbox 1195 1284 1468 1341; x_wconf 81' lang='lat' dir='ltr'>parentem,</span> 
     </span>
     <span class='ocr_line' id='line_1_18' title="bbox 307 1355 1492 1419; baseline -0.002 -16"><span class='ocrx_word' id='word_1_90' title='bbox 307 1356 403 1410; x_wconf 83' lang='lat' dir='ltr'>Qui</span> <span class='ocrx_word' id='word_1_91' title='bbox 428 1356 567 1412; x_wconf 84' lang='lat' dir='ltr'>freta,</span> <span class='ocrx_word' id='word_1_92' title='bbox 595 1356 680 1419; x_wconf 92' lang='lat' dir='ltr'>qui</span> <span class='ocrx_word' id='word_1_93' title='bbox 704 1363 875 1411; x_wconf 86' lang='lat' dir='ltr'>terras,</span> <span class='ocrx_word' id='word_1_94' title='bbox 905 1356 989 1419; x_wconf 91' lang='lat' dir='ltr'>qui</span> <span class='ocrx_word' id='word_1_95' title='bbox 1016 1372 1105 1403; x_wconf 89' lang='lat' dir='ltr'>sua</span> <span class='ocrx_word' id='word_1_96' title='bbox 1129 1371 1281 1418; x_wconf 85' lang='lat' dir='ltr'>regna</span> <span class='ocrx_word' id='word_1_97' title='bbox 1305 1355 1492 1418; x_wconf 85' lang='lat' dir='ltr'>quatit3</span> 
     </span>
    </p>

    <p class='ocr_par' dir='ltr' id='par_1_14' title="bbox 242 1431 1626 1497">
     <span class='ocr_line' id='line_1_19' title="bbox 242 1431 1626 1497; baseline -0.002 -17"><span class='ocrx_word' id='word_1_98' title='bbox 242 1433 340 1481; x_wconf 90' lang='lat' dir='ltr'>Per</span> <span class='ocrx_word' id='word_1_99' title='bbox 364 1434 516 1497; x_wconf 87' lang='lat' dir='ltr'>patris</span> <span class='ocrx_word' id='word_1_100' title='bbox 542 1449 656 1480; x_wconf 88' lang='lat' dir='ltr'>ossa</span> <span class='ocrx_word' id='word_1_101' title='bbox 678 1433 767 1488; x_wconf 89' lang='lat' dir='ltr'>tui,</span> <span class='ocrx_word' id='word_1_102' title='bbox 795 1433 956 1496; x_wconf 83' lang='lat' dir='ltr'>patrui</span> <span class='ocrx_word' id='word_1_103' title='bbox 982 1432 1129 1490; x_wconf 80' lang='lat' dir='ltr'>mihi3</span> <span class='ocrx_word' id='word_1_104' title='bbox 1171 1448 1284 1495; x_wconf 76' lang='lat' dir='ltr'>quae</span> <span class='ocrx_word' id='word_1_105' title='bbox 1309 1432 1400 1478; x_wconf 88' lang='lat' dir='ltr'>tibi</span> <span class='ocrx_word' id='word_1_106' title='bbox 1425 1431 1626 1486; x_wconf 85' lang='lat' dir='ltr'>debent,</span> 
     </span>
    </p>
   </div>
   <div class='ocr_carea' id='block_1_11' title="bbox 308 1510 1419 1573">
    <p class='ocr_par' dir='ltr' id='par_1_15' title="bbox 308 1510 1419 1573">
     <span class='ocr_line' id='line_1_20' title="bbox 308 1510 1419 1573; baseline -0.002 -15"><span class='ocrx_word' id='word_1_107' title='bbox 308 1510 453 1565; x_wconf 82' lang='lat' dir='ltr'>Quod</span> <span class='ocrx_word' id='word_1_108' title='bbox 479 1527 532 1558; x_wconf 89' lang='lat' dir='ltr'>se</span> <span class='ocrx_word' id='word_1_109' title='bbox 558 1511 648 1557; x_wconf 86' lang='lat' dir='ltr'>sub</span> <span class='ocrx_word' id='word_1_110' title='bbox 674 1511 864 1557; x_wconf 89' lang='lat' dir='ltr'>tumulo</span> <span class='ocrx_word' id='word_1_111' title='bbox 889 1510 1077 1557; x_wconf 89' lang='lat' dir='ltr'>fortiter</span> <span class='ocrx_word' id='word_1_112' title='bbox 1102 1511 1205 1557; x_wconf 88' lang='lat' dir='ltr'>ulta</span> <span class='ocrx_word' id='word_1_113' title='bbox 1222 1511 1419 1573; x_wconf 84' lang='lat' dir='ltr'>jacent:</span> 
     </span>
    </p>
   </div>
   <div class='ocr_carea' id='block_1_12' title="bbox 234 1711 900 2821">
    <p class='ocr_par' dir='ltr' id='par_1_16' title="bbox 234 1711 900 2821">
     <span class='ocr_line' id='line_1_21' title="bbox 239 1711 898 1753; baseline -0.002 -11"><span class='ocrx_word' id='word_1_114' title='bbox 239 1712 359 1753; x_wconf 83' lang='lat' dir='ltr'>legunt.</span> <span class='ocrx_word' id='word_1_115' title='bbox 409 1711 448 1742; x_wconf 80' lang='lat' dir='ltr'>Et</span> <span class='ocrx_word' id='word_1_116' title='bbox 475 1713 573 1742; x_wconf 66' lang='lat' dir='ltr'>mnus</span> <span class='ocrx_word' id='word_1_117' title='bbox 603 1712 654 1742; x_wconf 78' lang='lat' dir='ltr'>hoc</span> <span class='ocrx_word' id='word_1_118' title='bbox 684 1713 764 1741; x_wconf 72' lang='lat' dir='ltr'>nobis</span> <span class='ocrx_word' id='word_1_119' title='bbox 793 1712 898 1742; x_wconf 72' lang='lat' dir='ltr'>dirum</span> 
     </span>
     <span class='ocr_line' id='line_1_22' title="bbox 241 1760 899 1801; baseline 0 -11"><span class='ocrx_word' id='word_1_120' title='bbox 241 1761 332 1801; x_wconf 70' lang='lat' dir='ltr'>Trqja</span> <span class='ocrx_word' id='word_1_121' title='bbox 346 1762 440 1791; x_wconf 72' lang='lat' dir='ltr'>dedic.</span> <span class='ocrx_word' id='word_1_122' title='bbox 478 1761 693 1791; x_wconf 71' lang='lat' dir='ltr'>NAUGERws.</span> <span class='ocrx_word' id='word_1_123' title='bbox 741 1760 856 1790; x_wconf 64' lang='lat' dir='ltr'>DIunus</span> <span class='ocrx_word' id='word_1_124' title='bbox 871 1767 899 1790; x_wconf 83' lang='lat' dir='ltr'>et</span> 
     </span>
     <span class='ocr_line' id='line_1_23' title="bbox 239 1809 898 1850; baseline 0 -11"><span class='ocrx_word' id='word_1_125' title='bbox 239 1811 291 1840; x_wconf 82' lang='lat' dir='ltr'>hoc</span> <span class='ocrx_word' id='word_1_126' title='bbox 306 1811 385 1839; x_wconf 76' lang='lat' dir='ltr'>nobis</span> <span class='ocrx_word' id='word_1_127' title='bbox 398 1811 502 1839; x_wconf 71' lang='lat' dir='ltr'>(lirum</span> <span class='ocrx_word' id='word_1_128' title='bbox 517 1809 605 1850; x_wconf 72' lang='lat' dir='ltr'>Trqja</span> <span class='ocrx_word' id='word_1_129' title='bbox 621 1812 713 1845; x_wconf 75' lang='lat' dir='ltr'>dedit,</span> <span class='ocrx_word' id='word_1_130' title='bbox 730 1809 898 1850; x_wconf 80' lang='lat' dir='ltr'>legendum</span> 
     </span>
     <span class='ocr_line' id='line_1_24' title="bbox 237 1858 898 1900; baseline -0.002 -11"><span class='ocrx_word' id='word_1_131' title='bbox 237 1858 339 1900; x_wconf 84' lang='lat' dir='ltr'>potius</span> <span class='ocrx_word' id='word_1_132' title='bbox 353 1869 476 1893; x_wconf 81' lang='lat' dir='ltr'>censeo,</span> <span class='ocrx_word' id='word_1_133' title='bbox 494 1869 587 1899; x_wconf 84' lang='lat' dir='ltr'>quam</span> <span class='ocrx_word' id='word_1_134' title='bbox 604 1864 637 1888; x_wconf 91' lang='lat' dir='ltr'>ut</span> <span class='ocrx_word' id='word_1_135' title='bbox 648 1858 741 1899; x_wconf 81' lang='lat' dir='ltr'>vulgo</span> <span class='ocrx_word' id='word_1_136' title='bbox 756 1858 898 1894; x_wconf 85' lang='lat' dir='ltr'>habetur,</span> 
     </span>
     <span class='ocr_line' id='line_1_25' title="bbox 239 1908 899 1949; baseline 0 -12"><span class='ocrx_word' id='word_1_137' title='bbox 239 1914 266 1937; x_wconf 76' lang='lat' dir='ltr'>et</span> <span class='ocrx_word' id='word_1_138' title='bbox 289 1910 385 1937; x_wconf 65' lang='lat' dir='ltr'>minias</span> <span class='ocrx_word' id='word_1_139' title='bbox 399 1921 417 1938; x_wconf 73' lang='lat' dir='ltr'><strong><em>a</em></strong></span> <span class='ocrx_word' id='word_1_140' title='bbox 442 1910 521 1937; x_wconf 31' lang='lat' dir='ltr'>&#39;nobis</span> <span class='ocrx_word' id='word_1_141' title='bbox 540 1909 642 1937; x_wconf 72' lang='lat' dir='ltr'>diruta</span> <span class='ocrx_word' id='word_1_142' title='bbox 663 1908 750 1947; x_wconf 69' lang='lat' dir='ltr'>Ti‘qjit</span> <span class='ocrx_word' id='word_1_143' title='bbox 767 1908 848 1949; x_wconf 65' lang='lat' dir='ltr'>sitii,</span> <span class='ocrx_word' id='word_1_144' title='bbox 865 1913 899 1937; x_wconf 85' lang='lat' dir='ltr'>ut</span> 
     </span>
     <span class='ocr_line' id='line_1_26' title="bbox 236 1956 898 1998; baseline -0.002 -11"><span class='ocrx_word' id='word_1_145' title='bbox 236 1957 277 1987; x_wconf 81' lang='lat' dir='ltr'>sit</span> <span class='ocrx_word' id='word_1_146' title='bbox 302 1956 416 1988; x_wconf 86' lang='lat' dir='ltr'>ironice</span> <span class='ocrx_word' id='word_1_147' title='bbox 438 1956 557 1987; x_wconf 82' lang='lat' dir='ltr'>dietum</span> <span class='ocrx_word' id='word_1_148' title='bbox 578 1968 632 1998; x_wconf 86' lang='lat' dir='ltr'>pro</span> <span class='ocrx_word' id='word_1_149' title='bbox 657 1967 704 1991; x_wconf 81' lang='lat' dir='ltr'>eo,</span> <span class='ocrx_word' id='word_1_150' title='bbox 731 1956 813 1997; x_wconf 89' lang='lat' dir='ltr'>quod</span> <span class='ocrx_word' id='word_1_151' title='bbox 842 1961 898 1992; x_wconf 82' lang='lat' dir='ltr'>est,</span> 
     </span>
     <span class='ocr_line' id='line_1_27' title="bbox 238 2005 898 2047; baseline -0.003 -10"><span class='ocrx_word' id='word_1_152' title='bbox 238 2006 295 2037; x_wconf 91' lang='lat' dir='ltr'>hoc</span> <span class='ocrx_word' id='word_1_153' title='bbox 318 2017 440 2047; x_wconf 87' lang='lat' dir='ltr'>quoque</span> <span class='ocrx_word' id='word_1_154' title='bbox 468 2016 589 2041; x_wconf 84' lang='lat' dir='ltr'>munus,</span> <span class='ocrx_word' id='word_1_155' title='bbox 614 2006 678 2036; x_wconf 88' lang='lat' dir='ltr'>sive</span> <span class='ocrx_word' id='word_1_156' title='bbox 700 2005 898 2042; x_wconf 77' lang='lat' dir='ltr'>beneficium,</span> 
     </span>
     <span class='ocr_line' id='line_1_28' title="bbox 237 2055 900 2097; baseline -0.002 -11"><span class='ocrx_word' id='word_1_157' title='bbox 237 2066 275 2086; x_wconf 85' lang='lat' dir='ltr'>ex</span> <span class='ocrx_word' id='word_1_158' title='bbox 290 2056 381 2097; x_wconf 79' lang='lat' dir='ltr'>Troja</span> <span class='ocrx_word' id='word_1_159' title='bbox 403 2055 506 2085; x_wconf 83' lang='lat' dir='ltr'>diruta</span> <span class='ocrx_word' id='word_1_160' title='bbox 531 2060 705 2086; x_wconf 64' lang='lat' dir='ltr'>consecutae</span> <span class='ocrx_word' id='word_1_161' title='bbox 730 2066 845 2091; x_wconf 82' lang='lat' dir='ltr'>sumuS,</span> <span class='ocrx_word' id='word_1_162' title='bbox 864 2060 900 2085; x_wconf 83' lang='lat' dir='ltr'>ut</span> 
     </span>
     <span class='ocr_line' id='line_1_29' title="bbox 237 2103 897 2145; baseline -0.003 -9"><span class='ocrx_word' id='word_1_163' title='bbox 237 2115 302 2141; x_wconf 83' lang='lat' dir='ltr'>nos,</span> <span class='ocrx_word' id='word_1_164' title='bbox 339 2115 408 2145; x_wconf 85' lang='lat' dir='ltr'>quae</span> <span class='ocrx_word' id='word_1_165' title='bbox 439 2104 558 2135; x_wconf 77' lang='lat' dir='ltr'>Graecae</span> <span class='ocrx_word' id='word_1_166' title='bbox 595 2115 711 2139; x_wconf 86' lang='lat' dir='ltr'>sumus,</span> <span class='ocrx_word' id='word_1_167' title='bbox 747 2103 897 2134; x_wconf 80' lang='lat' dir='ltr'>deteriore</span> 
     </span>
     <span class='ocr_line' id='line_1_30' title="bbox 237 2152 896 2195; baseline -0.002 -11"><span class='ocrx_word' id='word_1_168' title='bbox 237 2153 412 2184; x_wconf 81' lang='lat' dir='ltr'>conditione</span> <span class='ocrx_word' id='word_1_169' title='bbox 429 2153 534 2189; x_wconf 85' lang='lat' dir='ltr'>simus,</span> <span class='ocrx_word' id='word_1_170' title='bbox 552 2164 645 2194; x_wconf 86' lang='lat' dir='ltr'>quam</span> <span class='ocrx_word' id='word_1_171' title='bbox 667 2152 742 2195; x_wconf 81' lang='lat' dir='ltr'>ipsae</span> <span class='ocrx_word' id='word_1_172' title='bbox 757 2154 896 2183; x_wconf 82' lang='lat' dir='ltr'>barbarae</span> 
     </span>
     <span class='ocr_line' id='line_1_31' title="bbox 236 2202 897 2243; baseline 0 -11"><span class='ocrx_word' id='word_1_173' title='bbox 236 2209 268 2233; x_wconf 86' lang='lat' dir='ltr'>et</span> <span class='ocrx_word' id='word_1_174' title='bbox 296 2202 438 2243; x_wconf 77' lang='lat' dir='ltr'>captivae.</span> <span class='ocrx_word' id='word_1_175' title='bbox 484 2203 674 2233; x_wconf 68' lang='lat' dir='ltr'><strong>MICYLLFS.</strong></span> <span class='ocrx_word' id='word_1_176' title='bbox 724 2202 840 2232; x_wconf 69' lang='lat' dir='ltr'>Munus</span> <span class='ocrx_word' id='word_1_177' title='bbox 869 2209 897 2232; x_wconf 73' lang='lat' dir='ltr'>et</span> 
     </span>
     <span class='ocr_line' id='line_1_32' title="bbox 238 2252 897 2291; baseline 0.002 -10"><span class='ocrx_word' id='word_1_178' title='bbox 238 2253 290 2282; x_wconf 83' lang='lat' dir='ltr'>hoc</span> <span class='ocrx_word' id='word_1_179' title='bbox 307 2253 384 2281; x_wconf 73' lang='lat' dir='ltr'>nobis</span> <span class='ocrx_word' id='word_1_180' title='bbox 399 2253 502 2281; x_wconf 73' lang='lat' dir='ltr'>diruta</span> <span class='ocrx_word' id='word_1_181' title='bbox 518 2252 607 2291; x_wconf 75' lang='lat' dir='ltr'>Trnja</span> <span class='ocrx_word' id='word_1_182' title='bbox 622 2253 714 2282; x_wconf 66' lang='lat' dir='ltr'>[ledit.</span> <span class='ocrx_word' id='word_1_183' title='bbox 743 2252 821 2288; x_wconf 78' lang='lat' dir='ltr'>Quis</span> <span class='ocrx_word' id='word_1_184' title='bbox 837 2263 897 2282; x_wconf 90' lang='lat' dir='ltr'>non</span> 
     </span>
     <span class='ocr_line' id='line_1_33' title="bbox 236 2300 897 2341; baseline 0 -11"><span class='ocrx_word' id='word_1_185' title='bbox 236 2300 322 2330; x_wconf 90' lang='lat' dir='ltr'>videt</span> <span class='ocrx_word' id='word_1_186' title='bbox 345 2300 425 2330; x_wconf 82' lang='lat' dir='ltr'>hanc</span> <span class='ocrx_word' id='word_1_187' title='bbox 454 2300 629 2335; x_wconf 85' lang='lat' dir='ltr'>lectionem,</span> <span class='ocrx_word' id='word_1_188' title='bbox 652 2311 721 2341; x_wconf 83' lang='lat' dir='ltr'>quae</span> <span class='ocrx_word' id='word_1_189' title='bbox 747 2301 897 2341; x_wconf 81' lang='lat' dir='ltr'>optimam</span> 
     </span>
     <span class='ocr_line' id='line_1_34' title="bbox 236 2349 895 2386; baseline 0.002 -7"><span class='ocrx_word' id='word_1_190' title='bbox 236 2350 374 2379; x_wconf 81' lang='lat' dir='ltr'>continet</span> <span class='ocrx_word' id='word_1_191' title='bbox 390 2350 585 2385; x_wconf 77' lang='lat' dir='ltr'>sententiam,</span> <span class='ocrx_word' id='word_1_192' title='bbox 601 2349 699 2380; x_wconf 90' lang='lat' dir='ltr'>multo</span> <span class='ocrx_word' id='word_1_193' title='bbox 720 2349 774 2380; x_wconf 80' lang='lat' dir='ltr'>illa</span> <span class='ocrx_word' id='word_1_194' title='bbox 789 2350 895 2386; x_wconf 80' lang='lat' dir='ltr'>altera,</span> 
     </span>
     <span class='ocr_line' id='line_1_35' title="bbox 237 2398 897 2439; baseline 0.002 -10"><span class='ocrx_word' id='word_1_195' title='bbox 237 2409 332 2439; x_wconf 85' lang='lat' dir='ltr'>quam</span> <span class='ocrx_word' id='word_1_196' title='bbox 355 2398 557 2433; x_wconf 78' lang='lat' dir='ltr'>substituunt,</span> <span class='ocrx_word' id='word_1_197' title='bbox 576 2399 615 2429; x_wconf 79' lang='lat' dir='ltr'>Et</span> <span class='ocrx_word' id='word_1_198' title='bbox 632 2401 730 2428; x_wconf 71' lang='lat' dir='ltr'>mimis</span> <span class='ocrx_word' id='word_1_199' title='bbox 749 2400 802 2429; x_wconf 74' lang='lat' dir='ltr'>hoc</span> <span class='ocrx_word' id='word_1_200' title='bbox 818 2401 897 2430; x_wconf 70' lang='lat' dir='ltr'>nohis</span> 
     </span>
     <span class='ocr_line' id='line_1_36' title="bbox 236 2447 894 2488; baseline 0.002 -11"><span class='ocrx_word' id='word_1_201' title='bbox 236 2449 339 2477; x_wconf 76' lang='lat' dir='ltr'>diruta</span> <span class='ocrx_word' id='word_1_202' title='bbox 351 2447 526 2488; x_wconf 67' lang='lat' dir='ltr'>Tranfnit,</span> <span class='ocrx_word' id='word_1_203' title='bbox 535 2447 758 2488; x_wconf 77' lang='lat' dir='ltr'>elegantiorem</span> <span class='ocrx_word' id='word_1_204' title='bbox 768 2450 778 2477; x_wconf 69' lang='grc' dir='ltr'>’ἒ</span> <span class='ocrx_word' id='word_1_205' title='bbox 790 2449 894 2484; x_wconf 76' lang='lat' dir='ltr'>Quum</span> 
     </span>
     <span class='ocr_line' id='line_1_37' title="bbox 235 2497 895 2538; baseline 0.003 -11"><span class='ocrx_word' id='word_1_206' title='bbox 235 2507 305 2527; x_wconf 81' lang='lat' dir='ltr'>eam</span> <span class='ocrx_word' id='word_1_207' title='bbox 334 2503 364 2527; x_wconf 86' lang='lat' dir='ltr'>et</span> <span class='ocrx_word' id='word_1_208' title='bbox 392 2497 556 2533; x_wconf 72' lang='lat' dir='ltr'>leiudes,</span> <span class='ocrx_word' id='word_1_209' title='bbox 585 2497 678 2538; x_wconf 86' lang='lat' dir='ltr'>idque</span> <span class='ocrx_word' id='word_1_210' title='bbox 709 2497 761 2527; x_wconf 80' lang='lat' dir='ltr'>alii</span> <span class='ocrx_word' id='word_1_211' title='bbox 792 2499 895 2529; x_wconf 70' lang='lat' dir='ltr'>testati</span> 
     </span>
     <span class='ocr_line' id='line_1_38' title="bbox 236 2546 893 2587; baseline 0.003 -12"><span class='ocrx_word' id='word_1_212' title='bbox 236 2551 318 2581; x_wconf 84' lang='lat' dir='ltr'>sunt,</span> <span class='ocrx_word' id='word_1_213' title='bbox 334 2551 492 2587; x_wconf 77' lang='lat' dir='ltr'>agnoscat,</span> <span class='ocrx_word' id='word_1_214' title='bbox 518 2552 548 2576; x_wconf 85' lang='lat' dir='ltr'>et</span> <span class='ocrx_word' id='word_1_215' title='bbox 567 2546 670 2576; x_wconf 78' lang='lat' dir='ltr'>Vatic.</span> <span class='ocrx_word' id='word_1_216' title='bbox 689 2546 746 2576; x_wconf 85' lang='lat' dir='ltr'>lib.</span> <span class='ocrx_word' id='word_1_217' title='bbox 768 2546 893 2577; x_wconf 77' lang='lat' dir='ltr'>habeut.</span> 
     </span>
     <span class='ocr_line' id='line_1_39' title="bbox 236 2594 896 2636; baseline 0.003 -12"><span class='ocrx_word' id='word_1_218' title='bbox 236 2595 349 2635; x_wconf 83' lang='lat' dir='ltr'>ltaque</span> <span class='ocrx_word' id='word_1_219' title='bbox 376 2605 435 2624; x_wconf 86' lang='lat' dir='ltr'>non</span> <span class='ocrx_word' id='word_1_220' title='bbox 458 2595 576 2630; x_wconf 79' lang='lat' dir='ltr'>dubito,</span> <span class='ocrx_word' id='word_1_221' title='bbox 591 2594 665 2635; x_wconf 87' lang='lat' dir='ltr'>quin</span> <span class='ocrx_word' id='word_1_222' title='bbox 687 2606 808 2636; x_wconf 74' lang='lat' dir='ltr'>prorsus</span> <span class='ocrx_word' id='word_1_223' title='bbox 824 2606 896 2626; x_wconf 80' lang='lat' dir='ltr'>vera</span> 
     </span>
     <span class='ocr_line' id='line_1_40' title="bbox 234 2643 893 2684; baseline 0.002 -10"><span class='ocrx_word' id='word_1_224' title='bbox 234 2643 287 2674; x_wconf 89' lang='lat' dir='ltr'>sit.</span> <span class='ocrx_word' id='word_1_225' title='bbox 327 2643 507 2673; x_wconf 63' lang='lat' dir='ltr'>Ciomxi&#39;s.</span> <span class='ocrx_word' id='word_1_226' title='bbox 555 2644 764 2684; x_wconf 79' lang='lat' dir='ltr'>Cogitandum</span> <span class='ocrx_word' id='word_1_227' title='bbox 784 2645 823 2674; x_wconf 87' lang='lat' dir='ltr'>de</span> <span class='ocrx_word' id='word_1_228' title='bbox 847 2656 893 2681; x_wconf 84' lang='lat' dir='ltr'>eo,</span> 
     </span>
     <span class='ocr_line' id='line_1_41' title="bbox 235 2691 892 2734; baseline 0.002 -12"><span class='ocrx_word' id='word_1_229' title='bbox 235 2691 319 2733; x_wconf 90' lang='lat' dir='ltr'>quod</span> <span class='ocrx_word' id='word_1_230' title='bbox 343 2691 396 2722; x_wconf 83' lang='lat' dir='ltr'>alii</span> <span class='ocrx_word' id='word_1_231' title='bbox 418 2691 541 2722; x_wconf 76' lang='lat' dir='ltr'>codices</span> <span class='ocrx_word' id='word_1_232' title='bbox 562 2699 794 2734; x_wconf 68' lang='lat' dir='ltr'>repraesentant,</span> <span class='ocrx_word' id='word_1_233' title='bbox 821 2694 892 2723; x_wconf 74' lang='lat' dir='ltr'>Mu-</span> 
     </span>
     <span class='ocr_line' id='line_1_42' title="bbox 235 2741 893 2781; baseline 0.006 -12"><span class='ocrx_word' id='word_1_234' title='bbox 235 2751 292 2770; x_wconf 79' lang='lat' dir='ltr'>nus</span> <span class='ocrx_word' id='word_1_235' title='bbox 319 2746 345 2770; x_wconf 79' lang='lat' dir='ltr'>et</span> <span class='ocrx_word' id='word_1_236' title='bbox 374 2741 425 2770; x_wconf 78' lang='lat' dir='ltr'>hm·</span> <span class='ocrx_word' id='word_1_237' title='bbox 454 2742 531 2770; x_wconf 80' lang='lat' dir='ltr'>nobis</span> <span class='ocrx_word' id='word_1_238' title='bbox 555 2743 658 2772; x_wconf 74' lang='lat' dir='ltr'>diruta</span> <span class='ocrx_word' id='word_1_239' title='bbox 688 2742 775 2781; x_wconf 71' lang='lat' dir='ltr'>Trqju</span> <span class='ocrx_word' id='word_1_240' title='bbox 800 2745 893 2773; x_wconf 74' lang='lat' dir='ltr'>dedit.</span> 
     </span>
     <span class='ocr_line' id='line_1_43' title="bbox 236 2789 459 2821; baseline 0 -2"><span class='ocrx_word' id='word_1_241' title='bbox 236 2789 325 2821; x_wconf 73' lang='lat' dir='ltr'><strong>DAN.</strong></span> <span class='ocrx_word' id='word_1_242' title='bbox 341 2789 459 2821; x_wconf 64' lang='lat' dir='ltr'>Heme.</span> 
     </span>
    </p>
   </div>
   <div class='ocr_carea' id='block_1_13' title="bbox 1538 1512 1629 1555">
    <p class='ocr_par' dir='ltr' id='par_1_17' title="bbox 1538 1512 1629 1555">
     <span class='ocr_line' id='line_1_44' title="bbox 1538 1512 1629 1555; baseline -0.011 0"><span class='ocrx_word' id='word_1_243' title='bbox 1538 1512 1629 1555; x_wconf 83' lang='lat'>120</span> 
     </span>
    </p>
   </div>
   <div class='ocr_carea' id='block_1_14' title="bbox 961 1711 1631 2823">
    <p class='ocr_par' dir='ltr' id='par_1_18' title="bbox 962 1711 1631 1949">
     <span class='ocr_line' id='line_1_45' title="bbox 1011 1711 1631 1753; baseline -0.003 -11"><span class='ocrx_word' id='word_1_244' title='bbox 1011 1712 1168 1742; x_wconf 81' lang='lat' dir='ltr'>Heuman.</span> <span class='ocrx_word' id='word_1_245' title='bbox 1181 1711 1308 1752; x_wconf 81' lang='lat' dir='ltr'>Parerg.</span> <span class='ocrx_word' id='word_1_246' title='bbox 1323 1711 1402 1742; x_wconf 89' lang='lat' dir='ltr'>Crit.</span> <span class='ocrx_word' id='word_1_247' title='bbox 1420 1722 1452 1753; x_wconf 92' lang='lat' dir='ltr'>p.</span> <span class='ocrx_word' id='word_1_248' title='bbox 1469 1711 1539 1742; x_wconf 86' lang='lat'>119.</span> <span class='ocrx_word' id='word_1_249' title='bbox 1566 1711 1631 1741; x_wconf 83' lang='lat' dir='ltr'>Hoc</span> 
     </span>
     <span class='ocr_line' id='line_1_46' title="bbox 967 1761 1629 1802; baseline -0.002 -11"><span class='ocrx_word' id='word_1_250' title='bbox 967 1773 1076 1792; x_wconf 76' lang='lat' dir='ltr'>mimus</span> <span class='ocrx_word' id='word_1_251' title='bbox 1091 1763 1181 1797; x_wconf 73' lang='lat' dir='ltr'>nobis,</span> <span class='ocrx_word' id='word_1_252' title='bbox 1198 1761 1286 1802; x_wconf 83' lang='lat' dir='ltr'>quasi</span> <span class='ocrx_word' id='word_1_253' title='bbox 1310 1761 1520 1802; x_wconf 78' lang='lat' dir='ltr'>conjecturam</span> <span class='ocrx_word' id='word_1_254' title='bbox 1541 1771 1629 1791; x_wconf 81' lang='lat' dir='ltr'>suam</span> 
     </span>
     <span class='ocr_line' id='line_1_47' title="bbox 967 1808 1630 1841; baseline -0.003 0"><span class='ocrx_word' id='word_1_255' title='bbox 967 1810 1120 1841; x_wconf 80' lang='lat' dir='ltr'>venditat.</span> <span class='ocrx_word' id='word_1_256' title='bbox 1146 1821 1216 1841; x_wconf 85' lang='lat' dir='ltr'>cum</span> <span class='ocrx_word' id='word_1_257' title='bbox 1239 1821 1292 1840; x_wconf 76' lang='lat' dir='ltr'>sex</span> <span class='ocrx_word' id='word_1_258' title='bbox 1308 1809 1433 1840; x_wconf 85' lang='lat' dir='ltr'>codices</span> <span class='ocrx_word' id='word_1_259' title='bbox 1457 1808 1500 1840; x_wconf 82' lang='lat' dir='ltr'>ita</span> <span class='ocrx_word' id='word_1_260' title='bbox 1515 1809 1630 1839; x_wconf 87' lang='lat' dir='ltr'>habere</span> 
     </span>
     <span class='ocr_line' id='line_1_48' title="bbox 962 1857 1629 1900; baseline -0.001 -11"><span class='ocrx_word' id='word_1_261' title='bbox 962 1859 1027 1900; x_wconf 81' lang='lat' dir='ltr'>jam</span> <span class='ocrx_word' id='word_1_262' title='bbox 1065 1858 1212 1889; x_wconf 80' lang='lat' dir='ltr'>Heinsius</span> <span class='ocrx_word' id='word_1_263' title='bbox 1250 1857 1413 1889; x_wconf 84' lang='lat' dir='ltr'>monuerit.</span> <span class='ocrx_word' id='word_1_264' title='bbox 1468 1857 1629 1900; x_wconf 81' lang='lat' dir='ltr'>Crispinus</span> 
     </span>
     <span class='ocr_line' id='line_1_49' title="bbox 966 1908 1097 1949; baseline -0.008 -11"><span class='ocrx_word' id='word_1_265' title='bbox 966 1908 1097 1949; x_wconf 84' lang='lat' dir='ltr'>profert:</span> 
     </span>
    </p>

    <p class='ocr_par' dir='ltr' id='par_1_19' title="bbox 966 1954 1626 2048">
     <span class='ocr_line' id='line_1_50' title="bbox 1012 1954 1626 1996; baseline -0.005 -9"><span class='ocrx_word' id='word_1_266' title='bbox 1012 1958 1052 1987; x_wconf 86' lang='lat' dir='ltr'>Et</span> <span class='ocrx_word' id='word_1_267' title='bbox 1066 1959 1173 1993; x_wconf 83' lang='lat' dir='ltr'>minus,</span> <span class='ocrx_word' id='word_1_268' title='bbox 1185 1957 1234 1993; x_wconf 81' lang='lat' dir='ltr'>ah,</span> <span class='ocrx_word' id='word_1_269' title='bbox 1246 1958 1325 1987; x_wconf 71' lang='lat' dir='ltr'>nobis</span> <span class='ocrx_word' id='word_1_270' title='bbox 1335 1958 1439 1986; x_wconf 72' lang='lat' dir='ltr'>diruta</span> <span class='ocrx_word' id='word_1_271' title='bbox 1451 1954 1626 1996; x_wconf 77' lang='lat' dir='ltr'>Trqjasuit.</span> 
     </span>
     <span class='ocr_line' id='line_1_51' title="bbox 966 2004 1579 2048; baseline -0.007 -10"><span class='ocrx_word' id='word_1_272' title='bbox 966 2007 1011 2038; x_wconf 90' lang='lat' dir='ltr'>Eo</span> <span class='ocrx_word' id='word_1_273' title='bbox 1027 2018 1129 2042; x_wconf 85' lang='lat' dir='ltr'>sensu,</span> <span class='ocrx_word' id='word_1_274' title='bbox 1145 2018 1206 2048; x_wconf 88' lang='lat' dir='ltr'>quo</span> <span class='ocrx_word' id='word_1_275' title='bbox 1221 2007 1377 2048; x_wconf 87' lang='lat' dir='ltr'>Penelope</span> <span class='ocrx_word' id='word_1_276' title='bbox 1391 2005 1470 2036; x_wconf 88' lang='lat' dir='ltr'>dixit</span> <span class='ocrx_word' id='word_1_277' title='bbox 1484 2005 1542 2046; x_wconf 87' lang='lat' dir='ltr'>Ep.</span> <span class='ocrx_word' id='word_1_278' title='bbox 1558 2004 1579 2035; x_wconf 89' lang='lat' dir='ltr'>i.</span> 
     </span>
    </p>

    <p class='ocr_par' dir='ltr' id='par_1_20' title="bbox 1010 2054 1627 2095">
     <span class='ocr_line' id='line_1_52' title="bbox 1010 2054 1627 2095; baseline -0.005 -9"><span class='ocrx_word' id='word_1_279' title='bbox 1010 2057 1126 2086; x_wconf 72' lang='lat' dir='ltr'>Diruta</span> <span class='ocrx_word' id='word_1_280' title='bbox 1140 2062 1210 2085; x_wconf 78' lang='lat' dir='ltr'>sunt</span> <span class='ocrx_word' id='word_1_281' title='bbox 1226 2057 1305 2091; x_wconf 70' lang='lat' dir='ltr'>aliis,</span> <span class='ocrx_word' id='word_1_282' title='bbox 1319 2056 1372 2085; x_wconf 76' lang='lat' dir='ltr'>soli</span> <span class='ocrx_word' id='word_1_283' title='bbox 1388 2055 1460 2084; x_wconf 79' lang='lat' dir='ltr'>mihi</span> <span class='ocrx_word' id='word_1_284' title='bbox 1478 2054 1627 2095; x_wconf 79' lang='lat' dir='ltr'>Pergama</span> 
     </span>
    </p>

    <p class='ocr_par' dir='ltr' id='par_1_21' title="bbox 964 2111 1627 2293">
     <span class='ocr_line' id='line_1_53' title="bbox 1050 2111 1177 2135; baseline 0 0"><span class='ocrx_word' id='word_1_285' title='bbox 1050 2111 1177 2135; x_wconf 66' lang='lat' dir='ltr'>restant.</span> 
     </span>
     <span class='ocr_line' id='line_1_54' title="bbox 965 2152 1626 2195; baseline -0.006 -10"><span class='ocrx_word' id='word_1_286' title='bbox 965 2154 1026 2185; x_wconf 86' lang='lat' dir='ltr'>Sed</span> <span class='ocrx_word' id='word_1_287' title='bbox 1039 2154 1108 2195; x_wconf 82' lang='lat' dir='ltr'>quis</span> <span class='ocrx_word' id='word_1_288' title='bbox 1118 2155 1162 2184; x_wconf 81' lang='lat' dir='ltr'>ita</span> <span class='ocrx_word' id='word_1_289' title='bbox 1173 2154 1351 2184; x_wconf 81' lang='lat' dir='ltr'>Latinorum</span> <span class='ocrx_word' id='word_1_290' title='bbox 1362 2152 1519 2193; x_wconf 56' lang='lat' dir='ltr'>loquitur?</span> <span class='ocrx_word' id='word_1_291' title='bbox 1539 2152 1626 2182; x_wconf 90' lang='lat' dir='ltr'>Dou-</span> 
     </span>
     <span class='ocr_line' id='line_1_55' title="bbox 965 2202 1627 2244; baseline -0.005 -10"><span class='ocrx_word' id='word_1_292' title='bbox 965 2214 1000 2234; x_wconf 87' lang='lat' dir='ltr'>za</span> <span class='ocrx_word' id='word_1_293' title='bbox 1022 2204 1147 2244; x_wconf 83' lang='lat' dir='ltr'>legebat</span> <span class='ocrx_word' id='word_1_294' title='bbox 1172 2214 1210 2233; x_wconf 85' lang='lat' dir='ltr'>ex</span> <span class='ocrx_word' id='word_1_295' title='bbox 1232 2202 1339 2233; x_wconf 85' lang='lat' dir='ltr'>codice</span> <span class='ocrx_word' id='word_1_296' title='bbox 1365 2213 1432 2236; x_wconf 85' lang='lat' dir='ltr'>suo,</span> <span class='ocrx_word' id='word_1_297' title='bbox 1460 2202 1575 2232; x_wconf 75' lang='lat' dir='ltr'>Munus</span> <span class='ocrx_word' id='word_1_298' title='bbox 1599 2208 1627 2231; x_wconf 83' lang='lat' dir='ltr'>et</span> 
     </span>
     <span class='ocr_line' id='line_1_56' title="bbox 964 2251 1486 2293; baseline -0.006 -11"><span class='ocrx_word' id='word_1_299' title='bbox 964 2253 1015 2283; x_wconf 80' lang='lat' dir='ltr'>hoc</span> <span class='ocrx_word' id='word_1_300' title='bbox 1032 2253 1152 2293; x_wconf 70' lang='lat' dir='ltr'>Pyrrho</span> <span class='ocrx_word' id='word_1_301' title='bbox 1167 2254 1272 2282; x_wconf 74' lang='lat' dir='ltr'>diruta</span> <span class='ocrx_word' id='word_1_302' title='bbox 1289 2251 1378 2290; x_wconf 76' lang='lat' dir='ltr'>Trqja</span> <span class='ocrx_word' id='word_1_303' title='bbox 1393 2252 1486 2280; x_wconf 76' lang='lat' dir='ltr'>dedit.</span> 
     </span>
    </p>

    <p class='ocr_par' dir='ltr' id='par_1_22' title="bbox 963 2298 1626 2391">
     <span class='ocr_line' id='line_1_57' title="bbox 1010 2298 1626 2339; baseline -0.005 -8"><span class='ocrx_word' id='word_1_304' title='bbox 1010 2302 1081 2331; x_wconf 82' lang='lat'>114.</span> <span class='ocrx_word' id='word_1_305' title='bbox 1107 2302 1218 2331; x_wconf 68' lang='lat' dir='ltr'>Credin·</span> <span class='ocrx_word' id='word_1_306' title='bbox 1242 2300 1376 2339; x_wconf 56' lang='lat' dir='ltr'>luthera]</span> <span class='ocrx_word' id='word_1_307' title='bbox 1404 2299 1441 2329; x_wconf 81' lang='lat' dir='ltr'>Id</span> <span class='ocrx_word' id='word_1_308' title='bbox 1458 2304 1505 2329; x_wconf 79' lang='lat' dir='ltr'>est</span> <span class='ocrx_word' id='word_1_309' title='bbox 1520 2298 1626 2329; x_wconf 85' lang='lat' dir='ltr'>videor</span> 
     </span>
     <span class='ocr_line' id='line_1_58' title="bbox 963 2351 1209 2391; baseline -0.004 -11"><span class='ocrx_word' id='word_1_310' title='bbox 963 2351 1050 2382; x_wconf 87' lang='lat' dir='ltr'>mihi.</span> <span class='ocrx_word' id='word_1_311' title='bbox 1074 2351 1117 2381; x_wconf 78' lang='lat' dir='ltr'>sic</span> <span class='ocrx_word' id='word_1_312' title='bbox 1133 2361 1190 2391; x_wconf 72' lang='lat' dir='ltr'>ego</span> <span class='ocrx_word' id='word_1_313' title='bbox 1204 2362 1209 2379; x_wconf 72' lang='grc' dir='ltr'>ε</span> 
     </span>
    </p>

    <p class='ocr_par' dir='ltr' id='par_1_23' title="bbox 964 2398 1610 2478">
     <span class='ocr_line' id='line_1_59' title="bbox 1008 2398 1610 2429; baseline -0.003 0"><span class='ocrx_word' id='word_1_314' title='bbox 1008 2399 1049 2428; x_wconf 81' lang='lat' dir='ltr'>Et</span> <span class='ocrx_word' id='word_1_315' title='bbox 1063 2401 1134 2429; x_wconf 76' lang='lat' dir='ltr'>mihi</span> <span class='ocrx_word' id='word_1_316' title='bbox 1156 2400 1264 2428; x_wconf 72' lang='lat' dir='ltr'>I’ii7r1‘is</span> <span class='ocrx_word' id='word_1_317' title='bbox 1279 2400 1382 2428; x_wconf 69' lang='lat' dir='ltr'>credar</span> <span class='ocrx_word' id='word_1_318' title='bbox 1398 2399 1487 2427; x_wconf 69' lang='lat' dir='ltr'>inesse</span> <span class='ocrx_word' id='word_1_319' title='bbox 1502 2398 1610 2427; x_wconf 71' lang='lat' dir='ltr'>choris.</span> 
     </span>
     <span class='ocr_line' id='line_1_60' title="bbox 964 2448 1406 2478; baseline -0.002 -1"><span class='ocrx_word' id='word_1_320' title='bbox 964 2448 1000 2478; x_wconf 77' lang='lat' dir='ltr'>Id</span> <span class='ocrx_word' id='word_1_321' title='bbox 1017 2453 1063 2478; x_wconf 82' lang='lat' dir='ltr'>est</span> <span class='ocrx_word' id='word_1_322' title='bbox 1079 2450 1226 2478; x_wconf 71' lang='lat' dir='ltr'>Interesse.</span> <span class='ocrx_word' id='word_1_323' title='bbox 1274 2448 1406 2477; x_wconf 58' lang='lat' dir='ltr'>Domi.</span> 
     </span>
    </p>

    <p class='ocr_par' dir='ltr' id='par_1_24' title="bbox 961 2495 1625 2823">
     <span class='ocr_line' id='line_1_61' title="bbox 1010 2495 1625 2537; baseline -0.007 -10"><span class='ocrx_word' id='word_1_324' title='bbox 1010 2498 1079 2527; x_wconf 91' lang='grc'>117.</span> <span class='ocrx_word' id='word_1_325' title='bbox 1108 2498 1165 2527; x_wconf 74' lang='lat' dir='ltr'>I&#39;ri·</span> <span class='ocrx_word' id='word_1_326' title='bbox 1186 2508 1280 2537; x_wconf 63' lang='lat' dir='ltr'>gemis</span> <span class='ocrx_word' id='word_1_327' title='bbox 1304 2495 1411 2536; x_wconf 60' lang='lat' dir='ltr'>iigs&#39;elii·</span> <span class='ocrx_word' id='word_1_328' title='bbox 1425 2495 1503 2534; x_wconf 65' lang='lat' dir='ltr'>nrm]</span> <span class='ocrx_word' id='word_1_329' title='bbox 1532 2496 1625 2535; x_wconf 70' lang='lat' dir='ltr'>Lego,</span> 
     </span>
     <span class='ocr_line' id='line_1_62' title="bbox 969 2544 1625 2587; baseline -0.003 -12"><span class='ocrx_word' id='word_1_330' title='bbox 969 2547 1026 2576; x_wconf 79' lang='lat' dir='ltr'>Per</span> <span class='ocrx_word' id='word_1_331' title='bbox 1048 2558 1142 2586; x_wconf 65' lang='lat' dir='ltr'>genus</span> <span class='ocrx_word' id='word_1_332' title='bbox 1165 2546 1266 2587; x_wconf 59' lang='lat' dir='ltr'>f&#39;ffl’lil</span> <span class='ocrx_word' id='word_1_333' title='bbox 1281 2548 1368 2584; x_wconf 68' lang='lat' dir='ltr'>jum,</span> <span class='ocrx_word' id='word_1_334' title='bbox 1383 2545 1441 2574; x_wconf 56' lang='grc' dir='ltr'>ἂν.</span> <span class='ocrx_word' id='word_1_335' title='bbox 1486 2544 1625 2574; x_wconf 72' lang='lat' dir='ltr'>Attcsta-</span> 
     </span>
     <span class='ocr_line' id='line_1_63' title="bbox 964 2593 1624 2636; baseline -0.005 -11"><span class='ocrx_word' id='word_1_336' title='bbox 964 2595 1046 2625; x_wconf 74' lang='lat' dir='ltr'>tione</span> <span class='ocrx_word' id='word_1_337' title='bbox 1064 2595 1145 2625; x_wconf 83' lang='lat' dir='ltr'>enim</span> <span class='ocrx_word' id='word_1_338' title='bbox 1157 2594 1291 2636; x_wconf 75' lang='lat' dir='ltr'>quadam</span> <span class='ocrx_word' id='word_1_339' title='bbox 1308 2594 1486 2623; x_wconf 69' lang='lat' dir='ltr'>confirmare</span> <span class='ocrx_word' id='word_1_340' title='bbox 1504 2593 1579 2627; x_wconf 80' lang='lat' dir='ltr'>vuli,</span> <span class='ocrx_word' id='word_1_341' title='bbox 1592 2604 1624 2622; x_wconf 85' lang='lat' dir='ltr'>se</span> 
     </span>
     <span class='ocr_line' id='line_1_64' title="bbox 962 2641 1623 2685; baseline -0.006 -10"><span class='ocrx_word' id='word_1_342' title='bbox 962 2650 1016 2675; x_wconf 84' lang='lat' dir='ltr'>aut</span> <span class='ocrx_word' id='word_1_343' title='bbox 1032 2644 1135 2675; x_wconf 77' lang='lat' dir='ltr'>statim</span> <span class='ocrx_word' id='word_1_344' title='bbox 1153 2644 1249 2685; x_wconf 77' lang='lat' dir='ltr'>prima</span> <span class='ocrx_word' id='word_1_345' title='bbox 1265 2643 1322 2673; x_wconf 74' lang='lat' dir='ltr'>hac</span> <span class='ocrx_word' id='word_1_346' title='bbox 1339 2647 1429 2672; x_wconf 78' lang='lat' dir='ltr'>aetate</span> <span class='ocrx_word' id='word_1_347' title='bbox 1447 2641 1623 2672; x_wconf 83' lang='lat' dir='ltr'>morituram</span> 
     </span>
     <span class='ocr_line' id='line_1_65' title="bbox 962 2689 1621 2732; baseline -0.006 -8"><span class='ocrx_word' id='word_1_348' title='bbox 962 2704 1039 2728; x_wconf 84' lang='lat' dir='ltr'>esse,</span> <span class='ocrx_word' id='word_1_349' title='bbox 1052 2698 1105 2724; x_wconf 82' lang='lat' dir='ltr'>aut.</span> <span class='ocrx_word' id='word_1_350' title='bbox 1119 2692 1234 2726; x_wconf 76' lang='lat' dir='ltr'>Oresti,</span> <span class='ocrx_word' id='word_1_351' title='bbox 1246 2702 1300 2722; x_wconf 85' lang='lat' dir='ltr'>suo</span> <span class='ocrx_word' id='word_1_352' title='bbox 1315 2690 1407 2732; x_wconf 81' lang='lat' dir='ltr'>priori</span> <span class='ocrx_word' id='word_1_353' title='bbox 1419 2689 1621 2731; x_wconf 71' lang='lat' dir='ltr'>legitimoque</span> 
     </span>
     <span class='ocr_line' id='line_1_66' title="bbox 961 2739 1621 2778; baseline -0.008 -6"><span class='ocrx_word' id='word_1_354' title='bbox 961 2741 1080 2778; x_wconf 81' lang='lat' dir='ltr'>marito,</span> <span class='ocrx_word' id='word_1_355' title='bbox 1104 2752 1229 2772; x_wconf 82' lang='lat' dir='ltr'>uxorem</span> <span class='ocrx_word' id='word_1_356' title='bbox 1251 2740 1397 2770; x_wconf 80' lang='lat' dir='ltr'>futuram.</span> <span class='ocrx_word' id='word_1_357' title='bbox 1430 2739 1621 2768; x_wconf 66' lang='lat' dir='ltr'>Mlm&#39;mws.</span> 
     </span>
     <span class='ocr_line' id='line_1_67' title="bbox 964 2787 1623 2823; baseline -0.006 -2"><span class='ocrx_word' id='word_1_358' title='bbox 964 2792 1022 2821; x_wconf 72' lang='lat' dir='ltr'>Oro</span> <span class='ocrx_word' id='word_1_359' title='bbox 1039 2792 1218 2823; x_wconf 79' lang='lat' dir='ltr'>l‘uteaneus</span> <span class='ocrx_word' id='word_1_360' title='bbox 1232 2796 1261 2820; x_wconf 83' lang='lat' dir='ltr'>et</span> <span class='ocrx_word' id='word_1_361' title='bbox 1283 2788 1334 2820; x_wconf 83' lang='lat' dir='ltr'>alii</span> <span class='ocrx_word' id='word_1_362' title='bbox 1359 2787 1459 2823; x_wconf 85' lang='lat' dir='ltr'>multi,</span> <span class='ocrx_word' id='word_1_363' title='bbox 1475 2788 1529 2819; x_wconf 83' lang='lat' dir='ltr'>sed</span> <span class='ocrx_word' id='word_1_364' title='bbox 1546 2788 1623 2818; x_wconf 87' lang='lat' dir='ltr'>frus-</span> 
     </span>
    </p>
   </div>
  </div>
 </body>
</html>
