1849 3198
610 237 956 282 HEROIDES.
987 238 1081 282 ΕΡ.
1112 237 1172 282 V.

1522 240 1580 282 53

197 353 414 411 Xanthe‚
451 359 580 403 retro
617 369 849 419 propera3
887 369 1144 417 versaeque
1180 354 1417 403 recurrite
1451 354 1578 419 lym-

264 431 489 480 Sustinet
512 431 743 479 OEnonen
766 429 1045 479 deseruisse
1070 429 1230 478 Paris.

1417 431 1552 496 [phae
1564 450 1576 491 3

198 507 292 555 Illa
314 508 420 555 dies
445 508 599 557 fatum
623 508 815 555 miserae
839 507 960 554 mihi
984 506 1140 555 dixit:
1179 507 1242 555 ab
1267 507 1351 556 illa

265 583 492 633 Pessima
514 585 691 633 mutati
715 584 865 649 coepit
889 583 1068 632 amoris
1092 583 1280 632 hiems:

200 661 311 716 Qua
342 662 512 710 Venus
545 669 595 710 et
623 662 770 718 Juno,
799 661 1111 725 sumptisque
1135 661 1390 709 decentior
1415 662 1579 718 armis,

264 739 415 787 Venit
438 740 488 786 in
512 739 766 787 arbitrium
791 739 925 786 nuda
949 737 1177 786 Minerva
1199 745 1356 785 tuum.

1517 743 1579 786 36

198 815 409 864 Attoniti
434 817 649 865 micuere
674 818 828 873 sinus,
856 815 1151 880 gelidusque
1175 815 1407 871 cucurrit,

267 894 338 941 Ut
361 894 480 942 mihi
505 896 728 953 narrasti,
755 897 878 944 dura
901 908 990 958 per
1013 908 1128 940 ossa
1149 899 1348 940 tremor.

244 1067 346 1099 Prona
358 1076 467 1109 petunt
481 1070 757 1112 retrofluvz’ijuga.

201 1117 251 1148 Ita
265 1117 347 1148 enim
362 1128 434 1149 cum
448 1119 628 1151 melioribus
643 1120 734 1151 MSS.
749 1118 856 1162 legen-

199 1165 285 1197 dum.
328 1167 446 1198 mes.

242 1216 297 1247 31.
332 1216 481 1257 Versaeque
516 1220 665 1249 recurrite
701 1218 853 1259 lymphan]

202 1265 346 1306 Nymphae
374 1266 554 1298 Puteaneus
582 1274 615 1299 et
641 1273 760 1310 septem
788 1267 854 1298 alii.

199 1314 254 1345 lib.
270 1315 313 1345 iv.
336 1315 469 1346 Metam.
484 1317 558 1347 297.

376 1365 461 1395 Videt
489 1367 538 1397 hic
563 1372 704 1407 stagnum
731 1366 858 1397 lucentis

328 1415 368 1443 ad
384 1415 475 1444 imum

248 1459 345 1501 Usque
357 1463 450 1493 solum
466 1462 622 1503 Nymphae.

202 1509 252 1540 Ita
262 1510 367 1552 scn'pti
382 1511 524 1542 nonnulli
536 1523 542 1541 z
560 1511 677 1543 Statius
688 1511 774 1544 Villa
785 1513 857 1544 Sur-

202 1559 327 1596 rentini,
342 1559 375 1591 ii.
388 1559 466 1591 Silv.
481 1561 516 1591 ii.
536 1561 588 1592 18.

418 1609 560 1641 Occurrit
572 1612 669 1642 dulcis
683 1623 783 1642 amaro

246 1657 386 1699 Nympha
400 1660 489 1689 mari.

202 1708 243 1739 Et
256 1707 356 1739 Theb.
370 1719 402 1738 v.
418 1708 492 1739 519.

341 1756 530 1798 Trepidaeque
558 1758 654 1788 latent
681 1759 713 1788 in
738 1757 862 1797 pulvere

288 1805 443 1846 Nympha.

204 1854 344 1887 Rutilius
358 1855 531 1892 Itinerario,
546 1855 621 1887 265.

249 1905 378 1935 Elio-itas
420 1906 512 1935 simili
554 1906 709 1935 credamus
745 1906 864 1947 virgine

293 1953 457 1994 Nymphas.

206 2001 270 2033 Ubi
286 2003 418 2043 lymphas
430 2013 590 2045 perperam
604 2008 765 2045 reponunt.
788 2003 863 2034 Pro-

205 2058 284 2094 pert.
297 2051 353 2082 lib.
364 2051 409 2083 iii.
423 2052 485 2083 xiv.
500 2053 530 2083 4.
547 2062 585 2083 ex
602 2052 699 2083 veteri
713 2051 819 2084 codice
833 2065 840 2082 :

251 2101 292 2132 Et
307 2103 389 2132 cadit
411 2104 444 2132 in
463 2102 583 2142 patulos
597 2102 735 2143 Nympha
748 2103 867 2133 Aniena

293 2151 388 2181 lacus.

208 2198 271 2230 Ubi
289 2200 408 2239 patulos
430 2210 530 2238 specus
547 2198 727 2240 legendum.
754 2199 787 2230 in
810 2210 864 2231 ca-

207 2253 295 2278 vatas
308 2248 390 2278 enim
404 2258 496 2290 rupes
510 2258 575 2278 sese
587 2248 669 2279 Anio
682 2248 865 2291 praecipitat.

206 2297 258 2328 Ita
281 2296 401 2328 Graecis
416 2297 658 2339 νυμφολήπτοι,
673 2297 727 2339 qui
747 2298 866 2329 Latinis

208 2347 363 2389 lymphati.

251 2397 304 2427 33.
336 2395 398 2426 Illa
425 2397 486 2427 dies
509 2395 618 2438 sutum
649 2396 760 2426 misera:
793 2398 866 2427 mihi

207 2446 322 2487 du1it.]
350 2446 437 2477 Dixit
452 2446 641 2481 Puteaneus,
655 2445 863 2486 Argentinen-

207 2495 260 2532 sis,
271 2500 302 2526 et
314 2500 446 2537 quatuor
461 2494 524 2526 alii.
538 2496 630 2531 bene,
646 2499 718 2536 apto
729 2495 768 2526 ad
783 2496 864 2527 hanc

208 2555 273 2576 rem
288 2545 394 2575 verbo.
439 2544 548 2575 Horat.
567 2543 623 2574 lib.
639 2543 684 2574 iii.
702 2543 764 2575 Od.
778 2544 821 2576 iii.

252 2594 309 2625 Sed
324 2594 465 2624 bellicosis
467 2593 545 2635 fata
560 2593 730 2628 Quiritibus

254 2642 323 2673 Huc
339 2643 402 2684 lege
415 2644 490 2674 dico.

210 2691 324 2733 Virgil.
337 2692 405 2723 Ecl.
421 2692 442 2723 i.

254 2742 333 2781 δεῖρε
355 2743 468 2772 malum
490 2741 542 2772 hoc
564 2743 655 2779 nobis,
670 2743 694 2773 .ςὶ
709 2751 787 2773 mens
808 2751 867 2771 non

298 2791 500 2832 laevafuisset,

974 1067 1021 1098 De
1047 1067 1118 1098 coelo
1143 1073 1239 1098 tactas
1271 1068 1392 1098 memini
1423 1068 1585 1107 praedicere

1008 1127 1145 1157 quercu&

967 1165 1047 1205 Soepe
1071 1167 1196 1197 sinistra
1219 1175 1294 1195 cava
1316 1166 1432 1196 dicebat
1457 1167 1494 1196 ab
1515 1166 1585 1196 ilice

1009 1215 1123 1245 cornix.

923 1263 974 1294 Ita
996 1263 1121 1294 codices
1144 1261 1331 1305 complures,
1349 1273 1410 1293 non
1433 1265 1586 1303 praedirit,

924 1312 1010 1343 Gell.
1029 1312 1176 1343 lemmate
1198 1311 1310 1354 capitis
1330 1311 1421 1354 primi
1442 1312 1498 1343 lib.
1522 1312 1586 1344 xiv.

926 1361 974 1392 De
995 1363 1032 1392 iis
1049 1363 1101 1403 qui
1114 1373 1148 1392 er
1160 1368 1238 1393 caetu
1249 1363 1430 1403 motibusque
1443 1363 1585 1399 siderum,

914 1410 991 1451 fata
1013 1422 1042 1441 se
1064 1411 1216 1441 hominum
1238 1411 1371 1441 dicturos
1390 1412 1586 1452 pollicentur.

924 1460 1050 1502 Proper.
1065 1460 1121 1490 lib.
1135 1460 1179 1491 iv.
1195 1460 1286 1501 Eleg.
1300 1459 1322 1491 i.

968 1510 1001 1540 Si
1024 1511 1107 1540 modo
1131 1510 1292 1540 Avernalis
1313 1510 1446 1540 tremulae
1469 1511 1587 1540 cortina

1052 1559 1175 1600 Sibyllae

1004 1607 1092 1639 Dixit
1108 1609 1257 1639 Aventino
1269 1619 1344 1638 rura
1353 1609 1467 1648 pianda
1482 1609 1584 1639 Remo.

927 1658 968 1688 Et
989 1657 1095 1688 Tibul.
1112 1657 1133 1689 i.
1148 1657 1241 1699 Eleg.
1256 1656 1299 1688 vi.
1322 1657 1361 1688 de
1377 1657 1516 1688 Bellonae
1531 1658 1587 1689 Sa-

927 1706 1069 1737 cerdote:

972 1755 1013 1786 Et
1038 1757 1092 1787 tibi
1114 1757 1208 1786 nescio
1223 1765 1294 1795 quas
1314 1754 1391 1784 diaz’t
1410 1765 1474 1785 mea
1496 1755 1588 1786 Delia

1011 1816 1124 1845 poenas.

929 1855 1043 1886 Noster
1058 1854 1148 1885 Ibide
1163 1864 1194 1884 v.
1209 1854 1284 1885 245.
1309 1853 1464 1893 Praesagia
1478 1854 1588 1884 dicere.

929 1903 1002 1934 hinc
1016 1903 1150 1944 fi1tidici
1172 1909 1265 1933 vates.
1291 1907 1323 1932 et
1346 1903 1437 1932 dictio
1451 1912 1505 1943 pro
1520 1912 1587 1932 ora-

930 1952 1001 1983 culo
1015 1951 1170 1994 Apollinis
1193 1951 1276 1992 apud
1294 1950 1427 1981 Accium
1442 1956 1473 1980 et
1488 1950 1589 1982 Pacu-

931 2001 1015 2032 vium
1025 2013 1033 2039 3
1047 2007 1079 2031 et
1089 2001 1238 2032 Plautum
1248 1999 1465 2036 Menaechmis,
1475 2001 1590 2030 dictum

932 2051 1091 2091 Apollinis.
1115 2049 1198 2090 apud
1220 2048 1371 2079 Solinum.
1393 2058 1464 2090 cap.
1489 2049 1534 2079 ix.
1557 2049 1589 2080 in

932 2099 1055 2142 optimis
1076 2098 1236 2130 codicibus
1256 2098 1295 2129 de
1317 2096 1517 2136 Macedonia,
1538 2110 1587 2130 re·

932 2161 1067 2189 sponsum
1081 2150 1196 2179 dictum
1212 2148 1286 2183 Deo,
1302 2157 1362 2177 non
1377 2148 1493 2178 datum.

976 2200 1028 2230 35.
1054 2198 1122 2233 Qua
1143 2198 1248 2233 Venus,
1265 2203 1292 2227 et
1307 2196 1392 2226 Juno
1412 2198 1592 2237 sumptisque

933 2250 1083 2279 decentior
1111 2249 1211 2283 armis,
1244 2246 1333 2276 Venit
1360 2247 1393 2276 in
1428 2247 1591 2276 arbitrium

934 2299 1016 2328 nuda
1039 2297 1180 2327 Minerva
1204 2295 1318 2336 uranu]
1344 2294 1482 2336 Attingit
1496 2294 1591 2326 etiam

934 2346 1054 2377 Paridis
1063 2345 1217 2388 judicium
1232 2344 1321 2380 infra,
1334 2345 1423 2386 cujus
1438 2351 1510 2374 ante
1526 2355 1590 2375 me-

931 2395 1086 2427 minerunt
1110 2394 1303 2438 Lycophron,
1327 2393 1504 2436 Euripides,
1526 2394 1588 2425 Co—

930 2445 1046 2481 luthus,
1077 2444 1242 2480 Lucianus,
1271 2449 1302 2475 et
1330 2442 1493 2484 Virgilius.
1539 2443 1590 2473 De

931 2494 989 2524 hoc
1000 2494 1119 2536 judicio
1139 2493 1237 2523 multa
1256 2491 1405 2534 praeclasa
1417 2501 1454 2522 ex
1471 2491 1592 2522 Graecis

932 2543 1108 2574 auctoribus
1133 2541 1261 2582 collegit
1286 2540 1366 2572 Lud.
1390 2539 1510 2571 Coelius
1536 2539 1591 2571 lib.

932 2597 964 2624 et
979 2602 1050 2634 cap.
1067 2591 1132 2623 xix.
1148 2591 1259 2632 Antiq.
1275 2590 1471 2622 Lectionum.
1494 2588 1590 2620 CroP.

977 2642 1029 2673 37.
1063 2642 1196 2672 Attoniti
1223 2642 1352 2672 micuere
1379 2638 1490 2679 sinus-J
1530 2638 1592 2670 Cor

934 2690 1009 2721 mihi
1038 2696 1164 2721 exercet
1191 2694 1289 2721 artem
1317 2687 1482 2724 ludricam,
1514 2687 1591 2718 dicit

934 2739 1076 2775 Plautus,
1091 2749 1162 2770 cum
1177 2738 1260 2770 illius
1277 2737 1514 2780 trepidationem
1537 2746 1589 2768 cx-

934 2793 1051 2830 primit.

979 2840 1038 2871 133
