1849 3198
580 193 792 225 BENTLEII
819 191 1189 224 EMENDATIONES.
1545 193 1579 222 17

171 281 234 312 228
260 281 393 321 Aspicias
408 291 527 323 sponsa:

169 335 234 366 229
258 334 376 366 Durius
391 340 423 366 et
437 334 516 365 ferro
531 335 590 365 nisi
604 336 629 365 si
645 333 701 364 tibi

168 389 234 419 234
539 390 616 420 vocis
628 388 745 419 habere
760 386 867 418 fidem.
893 386 999 428 [Fast.
1014 385 1057 417 iv.
1072 386 1125 417 58.
1138 385 1228 426 141.]

169 445 234 474 235
257 444 328 474 Hoc
345 444 445 481 Deus,
462 444 513 474 hoc
528 449 627 479 vates,
644 442 702 474 hoc
715 443 797 473 edita
813 440 953 472 carmina
967 439 1097 471 dicunt:

126 525 128 527 ,
168 497 233 528 239
535 503 637 537 partes
652 507 764 539 sequor
779 496 848 538 ipsa
862 496 1003 527 Deorum
1016 507 1022 525 :

169 551 234 581 240
407 551 504 582 victas
518 550 551 582 in
567 553 708 591 tuajura
722 561 847 581 manus·
865 551 957 591 (Am.
969 549 990 580 i.
1005 550 1036 580 2.
1051 549 1105 580 20.
1120 548 1170 580 vel
1185 547 1286 578 victas
1301 548 1440 578 utilitate
1454 557 1578 586 manus.

257 604 351 636 Trist.
366 604 387 637 i.
403 606 433 637 3.
449 606 503 636 88.

256 658 442 700 Abjudicari
465 605 612 690 vigentur
632 670 682 690 vv.
703 659 778 695 247,
794 659 869 689 248.
914 657 1072 694 Bentleio,
1089 657 1171 688 sicut
1192 662 1225 688 et
1249 657 1442 692 Burmanno,
1458 654 1578 686 ullimae

298 712 369 743 duae
385 713 524 754 epistolae
539 713 579 744 ab
596 711 756 744 Ovidiana
771 722 852 743 vena
867 722 928 742 non
944 711 1071 742 fluxisse
1087 710 1285 742 videbantur.

756 847 987 854 ——-—-

508 950 804 993 AMORUM
838 949 1014 992 LIBRI
1046 948 1233 991 PRIMI

734 1092 953 1131 ELEGIA
983 1093 1015 1129 I.

214 1189 233 1219 7
259 1189 367 1227 Quid?
391 1189 417 1220 si
434 1189 593 1232 praeripiat
608 1200 686 1220 ¹ravoe
704 1189 814 1220 Venus
831 1199 919 1220 arma
933 1188 1101 1223 Minervae,

215 1246 234 1274 8
499 1255 570 1274 rava
586 1242 734 1274 Minerva
751 1243 855 1274 faces‘!

196 1298 234 1328 13
258 1298 310 1328 Sat
328 1297 383 1329 tibi

197 1353 234 1382 18
537 1353 689 1392 proximus
704 1351 758 1382 ille
774 1362 850 1381 suos.

192 1406 233 1435 22
539 1405 661 1447 spicula
676 1411 748 1435 nata
766 1414 886 1435 meum:

725 1521 944 1560 ELEGIA
974 1521 1029 1558 Π.

217 1621 236 1650 3
260 1620 301 1650 Et
315 1631 442 1651 vacuam

198 1675 236 1704 12
259 1674 300 1705 Et
314 1685 420 1705 rursus
436 1673 522 1705 nullo

198 1729 235 1759 13
540 1738 619 1770 quos
634 1729 719 1760 habet
736 1738 810 1758 usus
828 1726 932 1762 aratri,

198 1783 235 1812 14
261 1783 448 1814 Detrectant
462 1783 563 1822 prensi

196 1837 239 1867 20
544 1836 584 1866 ad
601 1842 654 1866 tua
670 1846 761 1866 crura
778 1844 901 1865 manus.
921 1833 997 1875 [Ep.
1014 1843 1066 1862 xx.
1083 1831 1151 1871 78.]

194 1892 237 1922 25
498 1889 613 1932 populo
630 1891 791 1920 comitante
807 1888 1013 1930 triumphum,

196 1945 237 1975 48
543 1944 675 1985 tigribus
690 1943 742 1974 ille
758 1945 831 1974 suis.

196 1999 236 2029 52
260 1998 331 2036 Qu&
348 1999 431 2034 vicit,

309 2051 537 2094 Abjudicentur
553 2062 660 2082 versus
675 2052 728 2087 25,
744 2051 800 2082 26.

721 2168 939 2207 ELEGIA
968 2169 1042 2206 IV.

221 2269 240 2297 5
264 2265 466 2307 Alteriusque
481 2268 550 2296 sinu
566 2267 699 2295 deaii-am
716 2264 857 2306 subjectu

221 2321 239 2351 7
267 2321 377 2351 Desino
393 2319 508 2355 mirari,

202 2377 240 2407 15
264 2375 345 2406 Cum
361 2374 474 2417 premit
487 2374 542 2405 ille
557 2380 669 2410 torum,
685 2379 712 2403 ει
729 2372 817 2404 vultu

198 2431 240 2461 36
267 2429 348 2459 Tolle
363 2439 421 2460 nec
437 2427 468 2459 in
484 2427 583 2470 rigido

199 2485 240 2515 38
548 2481 635 2513 nulla
649 2480 772 2512 dedisse
787 2482 886 2512 velim.

728 2598 945 2636 ELEGIA
973 2598 1025 2635 V.

227 2698 238 2726 l
269 2698 376 2727 :iistus
393 2701 469 2732 erat,
483 2703 657 2736 senatuque

205 2751 214 2780 l
228 2753 238 2780 l
493 2749 612 2789 sumam
629 2748 807 2779 Semiramis
820 2748 878 2778 isse
