1849 3198
218 233 302 275 100

606 231 657 274 Ρ.
690 230 903 274 OVIDII
936 231 1215 275 NASONIS

222 347 331 396 Nec
356 348 411 396 tu
434 347 568 396 mille
592 354 726 396 rates
751 348 1051 412 sinuosaque
1076 349 1185 396 vela
1207 347 1422 412 pa1·aris;

289 425 337 473 N
342 442 398 473 ec
423 442 653 474 numeros
680 426 841 473 Danai
865 425 1060 474 militis:
1100 425 1207 489 ipse
1230 424 1358 472 veni.

224 503 308 551 Sic
351 520 555 567 quoque
601 520 734 551 eram
782 504 1052 567 repetenda
1090 510 1256 550 tamen
1279 520 1288 550 :
1329 516 1420 548 nec
1460 506 1606 562 turpe

289 581 483 646 Aspera
505 598 594 646 pro
620 598 732 629 caro
757 582 890 629 bella
911 581 1084 627 tulisse
1108 587 1232 627 toro.

1410 576 1606 639 [marito

224 658 394 713 Quid?
432 661 567 723 quod
592 676 710 707 avus
736 659 878 706 nobis
903 658 1035 705 idem
1060 657 1328 720 Pelopeius
1355 653 1536 701 Atreus
1557 671 1568 709 ;

290 735 356 783 Et
380 736 420 782 si
446 753 543 783 non
569 753 704 784 esses
729 737 800 782 vir
824 735 959 790 mihi,
986 734 1134 781 frater
1158 750 1282 781 eras.

222 811 326 868 Vir,
353 829 542 876 precor,
570 813 727 868 uxori,
753 812 901 859 frater
925 827 1156 858 succurre
1181 810 1360 858 sorori:

290 888 485 936 Instant
509 890 667 936 officio
694 889 892 936 nomina
914 888 1032 935 bina
1054 894 1157 934 tuo.

1543 889 1607 933 30

225 965 312 1013 Me
335 966 425 1013 tibi
450 965 755 1030 Tyndareos,
782 965 882 1012 vita
906 965 1064 1027 gravis
1091 971 1260 1012 auctor
1285 971 1335 1012 et
1359 963 1515 1018 annis,

290 1041 540 1090 Tradidit:
580 1042 834 1090 arbitrium
859 1041 1022 1106 neptis
1047 1042 1264 1090 habebat
1288 1058 1421 1089 avus.

223 1251 306 1281 enim
321 1250 442 1292 proprie
458 1258 505 1281 est
526 1251 642 1281 desidis
662 1257 693 1282 et
712 1250 830 1286 inertis,
848 1256 882 1281 ut

223 1299 317 1341 vulgo
332 1299 538 1331 notissimum.
562 1306 594 1331 et
617 1300 661 1331 ita
676 1299 828 1341 Virgilius
850 1300 883 1330 in

224 1349 318 1379 nostri
334 1348 439 1379 Ovidii
455 1360 578 1380 sensum
593 1349 690 1380 utitur
705 1349 750 1380 iii.
768 1349 882 1390 Georg.

225 1398 300 1428 456.

355 1446 395 1477 Et
425 1449 549 1478 meliora
577 1447 654 1478 Deos
679 1449 757 1478 sedet
786 1449 883 1478 omnia

304 1508 435 1536 poscens,

224 1546 338 1587 Neque
363 1546 465 1577 minus
485 1551 649 1577 venustate
672 1557 727 1577 sua
746 1557 778 1577 se
801 1556 884 1577 com-

224 1595 352 1626 mendat
366 1595 460 1637 Regii
475 1596 566 1626 unius
580 1602 612 1627 et
627 1595 791 1627 Heinsiani
807 1595 884 1626 alte-

225 1645 287 1676 rius
301 1645 410 1675 lectio:

269 1694 301 1723 Si
323 1705 401 1724 socer
421 1696 547 1736 ignarus
573 1695 663 1724 sidua
686 1695 829 1734 plorasset
853 1696 884 1724 in

310 1743 396 1773 aula.

226 1792 283 1821 Est
312 1797 416 1821 autem
445 1791 588 1822 adlusum
618 1791 657 1822 ad
682 1791 771 1827 illud,
803 1791 886 1833 quod

226 1840 361 1881 graviter
372 1840 537 1871 Sallustius
552 1841 676 1871 extulit.
716 1841 812 1872 Catil.
830 1843 883 1872 52.

232 1890 294 1920 Nori
314 1892 385 1921 votis
407 1901 499 1930 neque
521 1892 673 1930 suppliciis
695 1892 887 1921 muliebribus

225 1941 341 1969 nmilia
376 1941 497 1970 deorum
524 1946 689 1979 parantur,
722 1941 885 1981 vigilando,

226 1990 351 2030 agendo,
365 1990 434 2018 bene
446 1989 626 2018 consulendo
639 2000 774 2028 prospere
789 1992 885 2020 omnia

226 2040 348 2074 cedunt,
364 2038 424 2068 ἃς.
452 2037 528 2068 Vid.
544 2043 573 2068 et
589 2037 657 2069 Liv.
674 2050 748 2069 xxv.
765 2039 817 2070 37.
841 2039 884 2069 sie

227 2092 258 2118 et
272 2087 385 2118 Noster
400 2086 442 2117 vi.
459 2087 543 2117 Fast.
559 2088 632 2117 444.

272 2136 339 2167 Non
354 2143 395 2167 est
406 2138 651 2178 auxiliumflere,
665 2137 816 2173 Metellus,
828 2139 884 2167 uit.

228 2185 268 2215 Et
290 2196 358 2226 quae
374 2185 488 2227 passim
504 2186 571 2227 ejus
584 2185 705 2226 generis
721 2186 803 2228 apud
820 2197 885 2216 om-

228 2244 282 2265 nes
293 2234 433 2265 cordatos
444 2234 606 2276 scriptores
617 2241 791 2266 occurrunt.
802 2235 886 2266 idem

228 2294 336 2314 sensus
351 2284 489 2314 eveniret
504 2289 598 2319 certe,
614 2283 639 2314 si
662 2286 801 2315 stertisset
818 2296 886 2325 pos-

228 2337 275 2362 set
295 2338 387 2362 stare.
421 2342 494 2362 nam
517 2332 643 2363 Terent.
668 2332 763 2363 Adel.
789 2333 831 2364 iv.
856 2336 887 2365 5.

228 2381 325 2411 dixit:
345 2381 488 2411 Credebas
503 2383 661 2411 dormienti
676 2383 735 2412 haee
752 2384 804 2412 tibi
819 2394 887 2413 con-

218 2430 358 2472 fecturos
374 2430 462 2460 Deos.
487 2429 541 2460 sed
563 2429 713 2461 muliebre
729 2431 827 2472 magis
842 2438 889 2462 est

227 2478 360 2521 plorare.
400 2478 554 2515 Quinctil.
571 2478 666 2509 Decl.
681 2480 756 2510 343.
794 2479 887 2511 Frus-

229 2534 276 2558 tra
305 2528 486 2567 plorabimus
512 2529 593 2566 apud
611 2530 746 2567 judices.
793 2529 885 2559 Βυκ-

229 2587 378 2608 MANNUS.

272 2627 325 2656 23.
367 2625 436 2656 Non
467 2632 501 2656 tu
529 2628 611 2657 mille
639 2627 746 2667 rates]
786 2627 886 2659 Valde

228 2674 388 2706 blanditur
409 2674 554 2706 Vossiani
577 2675 693 2706 codicis
716 2676 818 2713 lectio,
834 2688 887 2708 nec

229 2725 302 2755 mihi
315 2725 397 2754 mille
411 2730 502 2760 rates,
523 2725 582 2756 Sec.
607 2730 654 2755 est
676 2725 757 2756 enim
774 2736 885 2757 venus-

231 2779 278 2805 tas
301 2773 445 2815 quaedam
471 2773 502 2806 in
521 2773 574 2805 illo
594 2774 781 2815 praenomine
803 2777 885 2811 mihi,

950 1249 1034 1291 quod
1056 1251 1105 1281 vel
1130 1249 1295 1292 παρέλκει,
1310 1255 1345 1281 ut
1368 1259 1452 1291 saepe
1474 1248 1562 1285 solet,
1579 1254 1610 1279 et

950 1298 1062 1330 millies
1078 1310 1096 1330 a
1119 1299 1191 1330 viris
1214 1299 1313 1330 doctis
1336 1298 1536 1337 adnotatum3
1560 1297 1610 1329 vel

950 1347 1001 1378 hic
1030 1347 1093 1379 vim
1122 1359 1210 1379 suam
1239 1349 1343 1385 habet,
1371 1353 1405 1378 ut
1435 1348 1548 1384 valeat,
1577 1347 1610 1378 in

950 1408 1052 1428 meam
1069 1398 1212 1439 gratiam,
1227 1403 1262 1428 ut
1282 1409 1331 1429 me
1352 1397 1492 1428 vindices
1506 1408 1525 1428 a
1538 1408 1609 1439 rap-

951 1453 1025 1483 tore,
1056 1447 1319 1489 quemadmodum
1350 1447 1516 1478 Menelaus
1541 1447 1608 1477 He-

951 1496 1029 1526 lenae
1045 1507 1154 1527 caussa
1169 1496 1255 1527 fecit.
1301 1496 1419 1526 Bunm.

995 1547 1049 1576 24.
1077 1546 1140 1576 Nec
1163 1557 1320 1576 'nzmierunz
1345 1546 1448 1576 Danai
1472 1544 1607 1585 militis]

954 1595 1100 1625 Numeros
1113 1595 1301 1630 Puteaneus‚
1318 1594 1564 1636 Gottorphianus
1580 1600 1611 1625 et

951 1643 1187 1675 Ambrosianus.
1232 1644 1276 1675 sic
1313 1646 1430 1675 numeri
1469 1646 1613 1675 militares

951 1694 1077 1736 passim.
1128 1694 1257 1735 ⁴Numeri
1301 1692 1420 1725 Graecis
1465 1695 1610 1736 σπεῖραι.

951 1743 1203 1785 Theophylactus
1225 1742 1257 1773 in
1275 1743 1358 1774 Acta
1372 1742 1610 1785 Apostolorum:

955 1793 1079 1835 Σπεῖρά
1103 1793 1192 1824 ἐστιν
1207 1794 1224 1823 ὃ
1247 1794 1412 1834 καλοῦμεν
1435 1794 1498 1824 νῦν
1521 1791 1609 1823 Νού-

952 1855 1062 1885 μερον.
1092 1842 1239 1884 Sequenti
1253 1853 1343 1873 versu
1356 1843 1399 1873 Τὸ
1415 1848 1457 1872 est
1472 1841 1613 1872 meliores

954 1903 1013 1923 non
1028 1897 1210 1933 agnoscunt.
1236 1892 1410 1922 Hfflxsrus.
1441 1891 1523 1921 Vide
1540 1891 1612 1921 Lin-

953 1941 1061 1972 denbr.
1077 1941 1116 1971 ad
1132 1940 1290 1971 Ammian.
1306 1940 1439 1971 Marcel.
1456 1940 1518 1971 xiv.
1534 1941 1564 1971 7.
1581 1947 1612 1972 et

952 1990 1095 2021 Torrent.
1113 1990 1151 2021 ad
1167 1990 1252 2021 Suet.
1268 1991 1400 2031 Vespas.
1419 1990 1461 2020 vi.
1486 2000 1524 2020 ne
1540 2000 1612 2021 vero

954 2039 1024 2080 quis
1039 2039 1161 2070 dubitet
1186 2039 1244 2070 hoc
1267 2050 1358 2070 sensu
1375 2039 1442 2080 jam
1462 2049 1529 2069 aevo
1544 2039 1611 2069 Na-

952 2088 1033 2119 sonis
1070 2100 1203 2119 uumeros
1238 2088 1337 2119 dictos
1369 2098 1446 2124 esse,
1484 2087 1528 2119 ita
1563 2087 1610 2119 iii.

952 2137 1026 2168 Am.
1043 2139 1076 2168 9.

997 2187 1115 2217 Auriisti
1130 2198 1266 2217 numeros
1282 2188 1362 2217 culte
1377 2186 1494 2217 Tibulle
1508 2189 1578 2227 pios.

953 2235 1014 2265 Sed
1030 2241 1060 2265 et
1075 2247 1127 2277 pro
1142 2235 1342 2266 multitudine
1358 2246 1446 2277 posse
1461 2236 1530 2277 capi
1550 2246 1611 2266 non

954 2295 1043 2325 nego,
1061 2291 1094 2315 ut
1110 2287 1225 2315 numeri
1241 2286 1385 2315 laborum.
1402 2284 1454 2315 vii.
1478 2285 1559 2315 Met.
1577 2287 1610 2316 8.

954 2333 1007 2364 ubi
1022 2333 1104 2363 vide.
1150 2334 1268 2363 Burin.

997 2383 1048 2413 28.
1068 2383 1206 2423 Frater]
1234 2382 1270 2412 Id
1287 2387 1346 2418 est,
1361 2383 1521 2424 patruelis·
1540 2393 1611 2413 nam

954 2430 986 2461 in
996 2431 1053 2462 hoc
1065 2431 1238 2472 significatu
1251 2442 1332 2473 saepe
1344 2431 1467 2473 ponitur
1479 2438 1510 2462 et
1521 2431 1613 2462 frater

954 2485 985 2510 et
1000 2491 1091 2510 soror.
1137 2479 1186 2510 Sic
1202 2479 1298 2522 Ajax.
1318 2481 1368 2510 13.
1393 2481 1527 2511 Metam.
1544 2492 1610 2513 ver.

955 2530 1007 2559 31.

1085 2577 1195 2608 Frater
1210 2584 1285 2614 erut,
1287 2577 1435 2619 fraterna
1447 2585 1525 2619 peto.

954 2628 994 2659 Et
1008 2627 1120 2658 deinde
1136 2638 1199 2658 ver.
1217 2628 1271 2658 41.

998 2677 1059 2708 Nos
1074 2677 1255 2714 inhonorati,
1271 2666 1298 2707 et
1321 2679 1404 2708 donis
1424 2679 1611 2718 patruelibus

1038 2727 1113 2757 orbi.
