1849 3198
633 232 978 275 HEROIDES.
1011 230 1104 274 ΕΡ.
1137 232 1220 275 IV.
1562 234 1620 275 43

229 350 391 398 Arcus
417 350 491 413 (et
515 364 651 397 arma
673 355 772 395 tuae
796 347 888 397 tibi
913 354 1029 395 sunt
1052 348 1293 396 imitanda
1317 348 1536 411 Dianae,)

299 427 355 474 Si
379 442 652 490 numquam
677 441 846 473 cesses
869 425 1092 482 tendere,
1118 426 1280 472 mollis
1306 425 1414 473 erit.

234 506 413 554 Clarus
439 512 545 553 erat
568 505 702 552 silvis
725 503 998 568 Cephalus,
1018 503 1289 566 multaeque
1306 519 1395 566 per
1418 503 1625 552 herbam

301 582 651 639 Conciderant,
678 582 761 629 illo
785 581 1113 646 percutiente,
1140 580 1273 628 ferae.

233 659 344 708 Nec
369 668 536 708 tamen
561 660 764 708 Aurorae
790 661 919 708 male
945 676 999 708 se
1024 659 1282 724 praebebat
1306 659 1589 706 amandum.

300 737 415 785 Ibat
440 738 503 785 ad
527 738 659 785 hunc
685 738 884 802 sapiens
912 753 940 785 a
964 754 1083 785 sene
1110 736 1238 784 Diva
1260 736 1379 783 viro.

1563 739 1624 783 96

236 814 384 879 Saepe
409 816 501 863 sub
527 815 723 862 ilicibus
748 814 1012 870 Venerem,
1041 814 1331 878 Cinyraque
1353 819 1592 870 creatum,

302 892 550 940 Sustinuit
572 892 761 957 positos
788 892 1027 957 quaelibet
1050 892 1205 939 herba
1228 891 1370 938 duos.

232 1010 380 1041 Revoluta
402 1013 532 1054 pignora
561 1023 668 1042 novare
693 1018 750 1048 est,
776 1011 802 1043 si
823 1022 895 1042 cum

231 1059 296 1090 filio
311 1070 367 1091 suo
382 1070 549 1102 congressa
569 1066 668 1092 mater
683 1061 799 1092 liberos
821 1060 895 1092 inde

230 1109 345 1151 pariat.
370 1110 455 1141 Nam
463 1116 494 1141 et
502 1110 593 1141 liberi
603 1110 765 1152 utriusque
777 1111 799 1141 ii
812 1117 894 1147 sunt,

232 1158 307 1200 quia
322 1169 360 1190 ex
384 1165 516 1201 utroque
532 1159 642 1201 geniti,
659 1165 690 1190 et
706 1160 814 1191 fratres
836 1160 896 1191 Pa-

231 1207 288 1238 tris
302 1207 350 1239 sui
365 1213 448 1244 sunt,
461 1208 536 1250 quia
548 1214 580 1239 et
592 1208 642 1239 hic
655 1214 686 1239 et
702 1208 748 1238 illi
764 1209 898 1240 eandem

231 1262 364 1288 matrem
375 1264 558 1299 agnoscunt,
569 1258 706 1300 denique
723 1263 753 1289 et
768 1264 899 1301 nepotes

231 1306 340 1338 matris
369 1317 432 1338 suae
462 1312 545 1343 sunt,
571 1307 647 1349 quia
678 1317 716 1337 ex
743 1307 810 1349 ejus
836 1306 899 1337 filio

232 1356 390 1398 concepti.
429 1356 480 1386 Ita
500 1355 556 1387 illa
576 1362 685 1387 contra
695 1357 748 1398 jus
770 1362 899 1392 naturae‚

234 1415 306 1436 cum
318 1405 432 1436 liberos
443 1410 566 1436 tantum
581 1416 689 1447 parere
700 1405 807 1447 possit,
819 1405 901 1447 parit

234 1454 330 1485 etiam
346 1460 488 1497 nepotes.
505 1465 567 1485 non
583 1454 772 1485 dubitabunt
787 1454 826 1484 de
842 1455 900 1485 hac

233 1502 380 1539 lectione,
394 1503 447 1544 qui
459 1503 634 1534 Statianu.·.1
649 1502 776 1544 genium
784 1502 901 1533 intelli-

233 1558 324 1593 gunt.
350 1564 422 1584 nam
445 1560 475 1584 et
499 1553 699 1584 confirmatur
725 1563 763 1583 ex
787 1554 900 1583 Senec.

236 1601 345 1644 OEdip.
362 1603 456 1633 1940.
474 1608 505 1633 et
526 1613 617 1644 seqq.
641 1602 726 1633 idem
748 1614 779 1633 v.
797 1602 899 1633 Theb.

235 1652 310 1683 475.
337 1651 451 1682 Nomen
467 1653 516 1682 avi
534 1663 648 1682 renovo.
694 1651 814 1682 mes.

279 1701 334 1731 94.
361 1701 593 1741 Conciderant]
612 1700 703 1731 Alter
717 1700 835 1731 Moreti
852 1702 900 1731 in-

234 1752 385 1781 ciderant.
429 1761 509 1782 unus
551 1750 674 1781 Heinsii
719 1752 900 1782 ceciderant.

236 1799 376 1841 proxime
392 1799 431 1830 ad
446 1810 552 1831 veram
573 1799 751 1835 lectionem,
769 1810 838 1841 quae
855 1804 903 1830 est

236 1849 268 1879 in
288 1849 475 1880 Lovaniensi
495 1849 616 1885 codice,
633 1851 819 1880 deciderant.
837 1849 902 1880 ele-

236 1904 357 1940 ganter.
375 1898 420 1929 ita
434 1899 553 1929 Statius
570 1898 638 1929 viii.
650 1899 752 1929 Theb.
772 1899 845 1930 124.

285 1948 327 1979 Ut
343 1948 402 1978 Leo
418 1949 555 1989 DIossyIi,
571 1960 639 1979 cum
660 1949 711 1979 lux
726 1950 805 1979 stetit
821 1950 903 1979 obvia

313 1996 411 2039 ferri,

283 2045 368 2078 Tunc
382 2049 453 2083 iras,
470 2053 543 2078 tunc
561 2058 645 2077 arma
663 2048 761 2084 citat3
785 2048 809 2077 si-
824 2047 903 2077 deci-

324 2098 370 2126 dit
385 2097 482 2132 hostis,

281 2144 332 2176 Ire
356 2156 443 2186 super
466 2146 537 2175 satis
562 2151 614 2181 est,
637 2146 782 2186 vitamque
808 2146 902 2176 relin-

323 2205 411 2235 quere
426 2196 513 2225 victo.

239 2243 328 2274 Idem
344 2243 401 2275 lib.
419 2243 463 2275 ix.
482 2245 557 2275 755.

326 2292 438 2323 Fusnm
453 2294 544 2323 donec
555 2293 707 2333 prolapsus
723 2295 754 2323 in
771 2292 857 2324 Idam

285 2342 421 2372 Decidit.

242 2391 410 2422 Claudian.
425 2392 552 2423 Praefat.
566 2391 589 2422 i.
602 2391 634 2422 in
649 2391 728 2422 Rus.

286 2441 407 2472 Phoebeo
426 2443 553 2472 domitus
570 2441 689 2482 Python
705 2453 772 2472 cnm
793 2443 904 2474 decidit

327 2501 414 2520 arcu.

241 2539 283 2570 Et
297 2538 342 2569 ita
355 2549 438 2581 saepe
455 2540 492 2571 τὸ
505 2540 613 2570 occidit
623 2539 789 2582 occupavit
803 2538 907 2570 locum

241 2591 300 2621 τοῦ
322 2591 445 2620 decidit.
466 2589 548 2620 wad
571 2601 603 2620 x.
620 2591 704 2620 Met.
725 2591 775 2620 10.
792 2595 823 2620 et
847 2589 910 2619 xiv.

243 2639 319 2670 805.
336 2638 380 2669 sic
397 2643 428 2668 et
442 2639 568 2677 dejicere
580 2638 738 2680 proprium
754 2637 786 2668 in
801 2638 859 2669 hac
875 2648 908 2669 re

241 2688 372 2718 verbum
388 2686 504 2718 Claud.
521 2686 556 2719 ii.
572 2688 671 2729 Rapt.
690 2688 778 2718 Pros.
794 2689 848 2719 39.

288 2736 511 2778 Tergeminicpie
525 2738 609 2768 ducis
630 2747 794 2768 numerosos
808 2738 910 2778 dejicis

331 2791 429 2816 artus.

962 1011 1055 1043 V.ad
1065 1010 1191 1042 Phaedr.
1207 1010 1243 1041 ii.
1260 1012 1293 1041 2.
1304 1015 1336 1041 et
1347 1009 1454 1041 Vorst.
1466 1009 1506 1040 ad
1517 1010 1627 1041 Valer.

962 1062 1055 1092 Max.
1079 1061 1123 1092 iv.
1145 1072 1176 1092 v.
1199 1061 1230 1091 1.
1250 1059 1361 1091 eadem
1382 1060 1478 1090 verba
1497 1061 1631 1090 decidere

965 1119 996 1143 et
1013 1113 1138 1151 dejicere
1154 1110 1194 1141 de
1221 1109 1357 1141 victimis
1378 1109 1522 1140 mactatis
1545 1120 1628 1155 saepe

964 1165 1142 1192 occurrunt.
1155 1166 1191 1190 ut
1211 1159 1252 1190 ad
1272 1158 1383 1190 Valet.
1403 1158 1491 1189 Flac.
1511 1158 1534 1188 i.
1554 1160 1627 1190 191.

966 1210 1156 1242 notabimus.
1198 1208 1388 1240 Prudentius
1417 1213 1523 1239 tamen
1552 1208 1630 1250 Psy-

967 1260 1071 1290 chom.
1111 1260 1186 1291 539.
1232 1257 1314 1288 dixit
1353 1259 1483 1288 concidit
1519 1259 1629 1288 Aelius.

968 1309 1110 1340 similiter
1143 1310 1295 1340 concidere
1325 1313 1356 1338 et
1385 1309 1528 1343 decidere,
1560 1318 1630 1348 per-

968 1364 1091 1389 mutant
1113 1357 1185 1388 libri
1213 1356 1321 1399 scripti
1357 1356 1392 1387 ii.
1425 1355 1521 1387 Trist.
1553 1357 1630 1387 317.

968 1403 1090 1432 Eunu.

1011 1452 1065 1483 96.
1091 1450 1243 1490 Sapiens]
1263 1449 1402 1491 Priapej.
1418 1459 1482 1480 car.
1498 1448 1555 1480 vii.

1056 1500 1210 1530 Nimirum
1225 1501 1347 1539 sapiunt
1362 1505 1515 1529 matronae.

969 1549 1069 1592 Epist.
1085 1549 1159 1580 xvii.
1172 1550 1247 1580 275.

1144 1606 1247 1629 utetur
1260 1599 1285 1629 si
1296 1609 1354 1638 qua
1364 1598 1468 1637 puella
1483 1599 1570 1637 sapit.

969 1649 1029 1679 Pro
1052 1662 1070 1679 a
1091 1660 1167 1684 sene,
1182 1650 1218 1679 de
1243 1648 1360 1678 habent
1386 1646 1528 1677 Francof.
1550 1648 1631 1677 Scri-

969 1698 1113 1729 verianus
1136 1704 1166 1728 et
1183 1697 1321 1738 quinque
1345 1696 1409 1726 alii.
1431 1696 1486 1732 sic,
1503 1698 1538 1726 de
1563 1708 1632 1727 con-

969 1748 1199 1789 spectnfugere,
1216 1745 1368 1777 Phaedrus
1383 1745 1438 1776 lib.
1450 1745 1472 1776 i.
1490 1746 1566 1776 Fab.
1582 1747 1633 1777 17.

970 1797 1023 1828 ubi
1041 1796 1109 1827 vide
1125 1796 1274 1827 Scheffer.
1320 1796 1439 1826 Eunu.

1016 1847 1188 1887 Cinyraque
1211 1846 1376 1886 creatum]
1409 1845 1554 1876 Adonem
1580 1847 1633 1878 Ci-

971 1907 1054 1939 nyrae
1092 1895 1191 1926 filium
1228 1906 1265 1925 ex
1303 1895 1435 1936 Myrrha
1467 1895 1634 1936 significat,

971 1957 1065 1987 quem
1080 1946 1189 1976 Venus
1201 1955 1320 1976 amasse
1336 1945 1483 1975 traditur:
1508 1956 1634 1986 percus-

971 2007 1022 2026 sus
1046 2006 1119 2037 apro
1142 1994 1271 2025 interiit.
1319 1994 1401 2025 Vide
1418 1994 1513 2025 Ovid.
1528 1994 1583 2026 lib.
1600 2007 1632 2026 v.

971 2046 1106 2076 Metam.
1152 2044 1240 2074 Axr.

1015 2095 1068 2125 98.
1095 2094 1245 2124 Sustinuit
1266 2095 1372 2133 positos
1387 2094 1519 2133 quaelibet
1545 2094 1633 2123 herba

971 2144 1071 2184 duos]
1105 2142 1228 2180 Malim,
1258 2142 1283 2173 si
1320 2154 1374 2185 per
1406 2142 1500 2174 libros
1530 2143 1635 2179 liceat,

971 2195 1152 2234 quamlibet5
1177 2202 1211 2223 ut
1234 2192 1374 2235 Epistola
1389 2193 1546 2223 Canaces:

1020 2243 1162 2283 Urnaque
1176 2255 1226 2274 nos
1244 2244 1349 2273 habeat
1363 2244 1524 2283 quamlibet
1547 2250 1635 2273 arcta

1058 2295 1143 2324 duos.

973 2343 1069 2374 Plura
1083 2343 1122 2374 de
1138 2343 1196 2373 hoc
1219 2341 1368 2383 loquendi
1387 2342 1478 2373 modo
1493 2353 1563 2372 mox
1581 2354 1634 2373 no-

973 2392 1109 2423 tabimus
1131 2392 1190 2433 Ep.
1215 2391 1256 2421 vi.
1281 2392 1456 2422 Hmssrus.
1502 2392 1568 2433 Ego
1592 2391 1634 2422 nil

974 2447 1104 2472 mutem.
1131 2442 1277 2481 quislibet,
1301 2446 1348 2471 est
1372 2440 1463 2471 obvia
1489 2451 1634 2481 quaeque,

973 2490 1047 2521 licet
1069 2489 1216 2521 vilissima
1240 2495 1271 2520 et
1293 2500 1354 2520 non
1377 2489 1524 2520 delicata.
1541 2490 1635 2520 etiam

973 2551 1112 2581 gramen,
1136 2546 1170 2571 ut
1193 2539 1334 2570 solebant
1360 2550 1426 2570 aevo
1449 2538 1582 2581 simplici
1606 2545 1638 2570 et

970 2599 1074 2620 aureo.
1118 2589 1259 2631 Propert.
1276 2587 1299 2618 i.
1318 2587 1382 2619 viii.
1400 2589 1433 2618 4.

1020 2638 1061 2668 Et
1075 2639 1137 2668 sine
1150 2649 1193 2668 me
1205 2644 1291 2668 vento
1304 2638 1433 2677 quolibet
1445 2639 1488 2667 ire
1500 2649 1602 2677 parus.

976 2686 1100 2717 Petron.
1120 2687 1192 2717 127.
1240 2685 1279 2717 In
1298 2687 1350 2717 hoc
1371 2688 1508 2728 gramine
1521 2689 1637 2726 pariter

977 2737 1136 2777 compositi.
1149 2735 1225 2767 Vid.
1242 2735 1343 2778 Epist.
1360 2747 1390 2767 v.
1400 2723 1454 2767 14.
1500 2737 1618 2767 Burni.
