<?xml version="1.0" encoding="UTF-8"?>
<!DOCTYPE html PUBLIC "-//W3C//DTD XHTML 1.0 Transitional//EN"
    "http://www.w3.org/TR/xhtml1/DTD/xhtml1-transitional.dtd">
<html xmlns="http://www.w3.org/1999/xhtml" xml:lang="en" lang="en">
 <head>
  <title>
</title>
<meta http-equiv="Content-Type" content="text/html;charset=utf-8" />
  <meta name='ocr-system' content='tesseract 3.04.00' />
  <meta name='ocr-capabilities' content='ocr_page ocr_carea ocr_par ocr_line ocrx_word'/>
</head>
<body>
  <div class='ocr_page' id='page_1' title='image "./povidiinasonisop01oviduoft_0037.png"; bbox 0 0 1849 3198; ppageno 0'>
   <div class='ocr_carea' id='block_1_1' title="bbox 544 202 1143 238">
    <p class='ocr_par' dir='ltr' id='par_1_1' title="bbox 544 202 1143 238">
     <span class='ocr_line' id='line_1_1' title="bbox 544 202 1143 238; baseline -0.01 0"><span class='ocrx_word' id='word_1_1' title='bbox 544 205 754 238; x_wconf 91' lang='lat' dir='ltr'><strong>BENTLEII</strong></span> <span class='ocrx_word' id='word_1_2' title='bbox 777 202 1143 236; x_wconf 90' lang='lat' dir='ltr'><strong>EMENDATIONES.</strong></span> 
     </span>
    </p>
   </div>
   <div class='ocr_carea' id='block_1_2' title="bbox 147 291 1072 755">
    <p class='ocr_par' dir='ltr' id='par_1_2' title="bbox 165 291 563 333">
     <span class='ocr_line' id='line_1_2' title="bbox 165 291 563 333; baseline 0.005 -12"><span class='ocrx_word' id='word_1_3' title='bbox 165 291 207 322; x_wconf 91' lang='lat'>60</span> <span class='ocrx_word' id='word_1_4' title='bbox 229 291 395 333; x_wconf 84' lang='lat' dir='ltr'>Sanguinis</span> <span class='ocrx_word' id='word_1_5' title='bbox 411 297 443 323; x_wconf 88' lang='lat' dir='ltr'>et</span> <span class='ocrx_word' id='word_1_6' title='bbox 457 293 563 323; x_wconf 80' lang='lat' dir='ltr'>auimae</span> 
     </span>
    </p>

    <p class='ocr_par' dir='ltr' id='par_1_3' title="bbox 165 343 920 386">
     <span class='ocr_line' id='line_1_3' title="bbox 165 343 920 386; baseline 0.001 -12"><span class='ocrx_word' id='word_1_7' title='bbox 165 344 202 374; x_wconf 89' lang='lat'>61</span> <span class='ocrx_word' id='word_1_8' title='bbox 444 345 495 376; x_wconf 84' lang='lat' dir='ltr'>cui</span> <span class='ocrx_word' id='word_1_9' title='bbox 510 355 560 376; x_wconf 87' lang='lat' dir='ltr'>me</span> <span class='ocrx_word' id='word_1_10' title='bbox 576 352 620 381; x_wconf 82' lang='lat' dir='ltr'>tu,</span> <span class='ocrx_word' id='word_1_11' title='bbox 637 346 726 382; x_wconf 74' lang='lat' dir='ltr'>lente,</span> <span class='ocrx_word' id='word_1_12' title='bbox 742 343 920 386; x_wconf 67' lang='lat' dir='ltr'>relinques?</span> 
     </span>
    </p>

    <p class='ocr_par' dir='ltr' id='par_1_4' title="bbox 165 397 543 429">
     <span class='ocr_line' id='line_1_4' title="bbox 165 397 543 429; baseline 0 0"><span class='ocrx_word' id='word_1_13' title='bbox 165 398 205 429; x_wconf 90' lang='lat'>67</span> <span class='ocrx_word' id='word_1_14' title='bbox 228 397 261 428; x_wconf 89' lang='lat' dir='ltr'>Si</span> <span class='ocrx_word' id='word_1_15' title='bbox 277 397 334 429; x_wconf 89' lang='lat' dir='ltr'>tibi</span> <span class='ocrx_word' id='word_1_16' title='bbox 350 405 410 429; x_wconf 84' lang='lat' dir='ltr'>tam</span> <span class='ocrx_word' id='word_1_17' title='bbox 424 398 543 429; x_wconf 89' lang='lat' dir='ltr'>reditus</span> 
     </span>
    </p>

    <p class='ocr_par' dir='ltr' id='par_1_5' title="bbox 164 449 979 493">
     <span class='ocr_line' id='line_1_5' title="bbox 164 449 979 493; baseline 0 -13"><span class='ocrx_word' id='word_1_18' title='bbox 164 451 204 481; x_wconf 92' lang='grc'>78</span> <span class='ocrx_word' id='word_1_19' title='bbox 229 451 308 488; x_wconf 83' lang='lat' dir='ltr'>Quae</span> <span class='ocrx_word' id='word_1_20' title='bbox 323 451 401 482; x_wconf 83' lang='lat' dir='ltr'>mihi</span> <span class='ocrx_word' id='word_1_21' title='bbox 415 451 521 482; x_wconf 86' lang='lat' dir='ltr'>nescio</span> <span class='ocrx_word' id='word_1_22' title='bbox 536 461 598 493; x_wconf 90' lang='lat' dir='ltr'>quo</span> <span class='ocrx_word' id='word_1_23' title='bbox 613 460 675 482; x_wconf 89' lang='lat' dir='ltr'>non</span> <span class='ocrx_word' id='word_1_24' title='bbox 690 452 748 481; x_wconf 86' lang='lat' dir='ltr'>erit</span> <span class='ocrx_word' id='word_1_25' title='bbox 763 460 856 492; x_wconf 80' lang='lat' dir='ltr'>aequa</span> <span class='ocrx_word' id='word_1_26' title='bbox 871 449 979 480; x_wconf 81' lang='lat' dir='ltr'>modo.</span> 
     </span>
    </p>

    <p class='ocr_par' dir='ltr' id='par_1_6' title="bbox 165 503 534 535">
     <span class='ocr_line' id='line_1_6' title="bbox 165 503 534 535; baseline 0 -1"><span class='ocrx_word' id='word_1_27' title='bbox 165 504 207 534; x_wconf 87' lang='lat'>80</span> <span class='ocrx_word' id='word_1_28' title='bbox 230 504 287 535; x_wconf 85' lang='lat' dir='ltr'>Sed</span> <span class='ocrx_word' id='word_1_29' title='bbox 303 503 414 535; x_wconf 86' lang='lat' dir='ltr'>leviter</span> <span class='ocrx_word' id='word_1_30' title='bbox 428 504 534 535; x_wconf 91' lang='lat' dir='ltr'>dicas:</span> 
     </span>
    </p>

    <p class='ocr_par' dir='ltr' id='par_1_7' title="bbox 164 555 880 600">
     <span class='ocr_line' id='line_1_7' title="bbox 164 555 880 600; baseline -0.01 -8"><span class='ocrx_word' id='word_1_31' title='bbox 164 556 207 587; x_wconf 89' lang='lat'>95</span> <span class='ocrx_word' id='word_1_32' title='bbox 487 557 594 600; x_wconf 88' lang='lat' dir='ltr'>positis</span> <span class='ocrx_word' id='word_1_33' title='bbox 607 564 759 589; x_wconf 83' lang='lat' dir='ltr'>secesserat</span> <span class='ocrx_word' id='word_1_34' title='bbox 775 555 880 591; x_wconf 85' lang='lat' dir='ltr'>armis,</span> 
     </span>
    </p>

    <p class='ocr_par' dir='ltr' id='par_1_8' title="bbox 163 609 853 653">
     <span class='ocr_line' id='line_1_8' title="bbox 163 609 853 653; baseline -0.001 -13"><span class='ocrx_word' id='word_1_35' title='bbox 163 609 207 640; x_wconf 90' lang='lat'>96</span> <span class='ocrx_word' id='word_1_36' title='bbox 485 616 588 642; x_wconf 88' lang='lat' dir='ltr'>mente</span> <span class='ocrx_word' id='word_1_37' title='bbox 604 611 732 653; x_wconf 73' lang='lat' dir='ltr'>negdrat</span> <span class='ocrx_word' id='word_1_38' title='bbox 747 620 853 651; x_wconf 89' lang='lat' dir='ltr'>opem.</span> 
     </span>
    </p>

    <p class='ocr_par' dir='ltr' id='par_1_9' title="bbox 147 659 1072 755">
     <span class='ocr_line' id='line_1_9' title="bbox 164 659 1072 706; baseline -0.002 -13"><span class='ocrx_word' id='word_1_39' title='bbox 164 662 206 693; x_wconf 88' lang='grc'>98</span> <span class='ocrx_word' id='word_1_40' title='bbox 229 662 275 694; x_wconf 86' lang='lat' dir='ltr'>At</span> <span class='ocrx_word' id='word_1_41' title='bbox 288 674 360 695; x_wconf 81' lang='lat' dir='ltr'>mea</span> <span class='ocrx_word' id='word_1_42' title='bbox 371 665 506 704; x_wconf 80' lang='lat' dir='ltr'>pollicito</span> <span class='ocrx_word' id='word_1_43' title='bbox 518 664 656 706; x_wconf 88' lang='lat' dir='ltr'>pondere</span> <span class='ocrx_word' id='word_1_44' title='bbox 672 664 767 694; x_wconf 87' lang='lat' dir='ltr'>verba</span> <span class='ocrx_word' id='word_1_45' title='bbox 781 667 897 693; x_wconf 81' lang='lat' dir='ltr'><em>carent.</em></span> <span class='ocrx_word' id='word_1_46' title='bbox 916 659 974 701; x_wconf 82' lang='lat' dir='ltr'><strong>[vi.</strong></span> <span class='ocrx_word' id='word_1_47' title='bbox 987 660 1072 700; x_wconf 90' lang='lat' dir='ltr'>llO.]</span> 
     </span>
     <span class='ocr_line' id='line_1_10' title="bbox 147 716 541 755; baseline 0.005 -9"><span class='ocrx_word' id='word_1_48' title='bbox 147 716 208 747; x_wconf 93' lang='grc'>100</span> <span class='ocrx_word' id='word_1_49' title='bbox 229 717 352 755; x_wconf 64' lang='lat' dir='ltr'>Scilicet</span> <span class='ocrx_word' id='word_1_50' title='bbox 366 717 400 748; x_wconf 91' lang='lat' dir='ltr'>in</span> <span class='ocrx_word' id='word_1_51' title='bbox 416 718 541 749; x_wconf 83' lang='lat' dir='ltr'><em>Domini</em></span> 
     </span>
    </p>
   </div>
   <div class='ocr_carea' id='block_1_3' title="bbox 147 770 1028 919">
    <p class='ocr_par' dir='ltr' id='par_1_10' title="bbox 147 770 1028 919">
     <span class='ocr_line' id='line_1_11' title="bbox 148 770 749 813; baseline 0.002 -14"><span class='ocrx_word' id='word_1_52' title='bbox 148 770 208 800; x_wconf 86' lang='lat'>112</span> <span class='ocrx_word' id='word_1_53' title='bbox 510 771 627 813; x_wconf 81' lang='lat' dir='ltr'>gaudia</span> <span class='ocrx_word' id='word_1_54' title='bbox 641 777 731 811; x_wconf 83' lang='lat' dir='ltr'><strong><em>capta</em></strong></span> <span class='ocrx_word' id='word_1_55' title='bbox 740 783 749 800; x_wconf 89' lang='lat'><em>:</em></span> 
     </span>
     <span class='ocr_line' id='line_1_12' title="bbox 147 822 1028 866; baseline 0.002 -14"><span class='ocrx_word' id='word_1_56' title='bbox 147 823 208 853; x_wconf 85' lang='lat'>115</span> <span class='ocrx_word' id='word_1_57' title='bbox 231 823 263 854; x_wconf 85' lang='lat' dir='ltr'>Si</span> <span class='ocrx_word' id='word_1_58' title='bbox 278 823 348 865; x_wconf 88' lang='lat' dir='ltr'>quis</span> <span class='ocrx_word' id='word_1_59' title='bbox 351 824 440 866; x_wconf 82' lang='lat' dir='ltr'>forte</span> <span class='ocrx_word' id='word_1_60' title='bbox 455 831 540 866; x_wconf 78' lang='lat' dir='ltr'>roget</span> <span class='ocrx_word' id='word_1_61' title='bbox 555 824 636 862; x_wconf 90' lang='lat' dir='ltr'>(vel,</span> <span class='ocrx_word' id='word_1_62' title='bbox 652 824 678 855; x_wconf 85' lang='lat' dir='ltr'>si</span> <span class='ocrx_word' id='word_1_63' title='bbox 695 823 766 865; x_wconf 88' lang='lat' dir='ltr'>quis</span> <span class='ocrx_word' id='word_1_64' title='bbox 781 835 864 854; x_wconf 77' lang='lat' dir='ltr'>nunc</span> <span class='ocrx_word' id='word_1_65' title='bbox 880 822 1028 865; x_wconf 64' lang='lat' dir='ltr'>quaerat.)</span> 
     </span>
     <span class='ocr_line' id='line_1_13' title="bbox 150 876 957 919; baseline 0 -13"><span class='ocrx_word' id='word_1_66' title='bbox 150 876 211 906; x_wconf 84' lang='lat'>124</span> <span class='ocrx_word' id='word_1_67' title='bbox 596 877 667 908; x_wconf 88' lang='lat' dir='ltr'>laus</span> <span class='ocrx_word' id='word_1_68' title='bbox 682 879 737 908; x_wconf 80' lang='lat' dir='ltr'><strong><em>tibi</em></strong></span> <span class='ocrx_word' id='word_1_69' title='bbox 752 876 835 908; x_wconf 84' lang='lat' dir='ltr'>victa</span> <span class='ocrx_word' id='word_1_70' title='bbox 847 877 933 919; x_wconf 84' lang='lat' dir='ltr'>jacet</span> <span class='ocrx_word' id='word_1_71' title='bbox 944 878 957 906; x_wconf 68' lang='grc' dir='ltr'>’ἱ</span> 
     </span>
    </p>
   </div>
   <div class='ocr_carea' id='block_1_4' title="bbox 150 931 762 1025">
    <p class='ocr_par' dir='ltr' id='par_1_11' title="bbox 150 931 762 1025">
     <span class='ocr_line' id='line_1_14' title="bbox 150 931 578 979; baseline 0.005 -19"><span class='ocrx_word' id='word_1_72' title='bbox 150 931 211 961; x_wconf 84' lang='lat'>132</span> <span class='ocrx_word' id='word_1_73' title='bbox 236 931 457 972; x_wconf 78' lang='lat' dir='ltr'>Praesentesque</span> <span class='ocrx_word' id='word_1_74' title='bbox 471 931 578 979; x_wconf 83' lang='lat' dir='ltr'>oculos</span> 
     </span>
     <span class='ocr_line' id='line_1_15' title="bbox 275 983 762 1025; baseline -0.002 -11"><span class='ocrx_word' id='word_1_75' title='bbox 275 984 507 1025; x_wconf 86' lang='lat' dir='ltr'>Abjudieentur</span> <span class='ocrx_word' id='word_1_76' title='bbox 521 994 628 1015; x_wconf 89' lang='lat' dir='ltr'>versus</span> <span class='ocrx_word' id='word_1_77' title='bbox 644 983 696 1020; x_wconf 87' lang='lat'>61,</span> <span class='ocrx_word' id='word_1_78' title='bbox 711 984 762 1014; x_wconf 84' lang='lat'>62.</span> 
     </span>
    </p>
   </div>
   <div class='ocr_carea' id='block_1_5' title="bbox 171 1058 1047 1279">
    <p class='ocr_par' dir='ltr' id='par_1_12' title="bbox 171 1058 1047 1279">
     <span class='ocr_line' id='line_1_16' title="bbox 701 1058 987 1096; baseline -0.007 0"><span class='ocrx_word' id='word_1_79' title='bbox 701 1058 881 1096; x_wconf 86' lang='lat' dir='ltr'>EPIST.</span> <span class='ocrx_word' id='word_1_80' title='bbox 913 1058 987 1095; x_wconf 90' lang='lat' dir='ltr'>IV.</span> 
     </span>
     <span class='ocr_line' id='line_1_17' title="bbox 191 1130 873 1174; baseline -0.001 -12"><span class='ocrx_word' id='word_1_81' title='bbox 191 1133 211 1162; x_wconf 91' lang='lat'><strong>3</strong></span> <span class='ocrx_word' id='word_1_82' title='bbox 234 1131 365 1174; x_wconf 87' lang='lat' dir='ltr'>Perlege</span> <span class='ocrx_word' id='word_1_83' title='bbox 381 1133 523 1173; x_wconf 83' lang='lat' dir='ltr'>quicquid</span> <span class='ocrx_word' id='word_1_84' title='bbox 538 1133 571 1163; x_wconf 80' lang='lat' dir='ltr'>id</span> <span class='ocrx_word' id='word_1_85' title='bbox 585 1138 640 1162; x_wconf 79' lang='lat' dir='ltr'>est.</span> <span class='ocrx_word' id='word_1_86' title='bbox 661 1131 750 1172; x_wconf 88' lang='lat' dir='ltr'>[MS.</span> <span class='ocrx_word' id='word_1_87' title='bbox 765 1130 873 1171; x_wconf 86' lang='lat' dir='ltr'>Dun.]</span> 
     </span>
     <span class='ocr_line' id='line_1_18' title="bbox 192 1185 771 1216; baseline 0.002 -1"><span class='ocrx_word' id='word_1_88' title='bbox 192 1185 212 1215; x_wconf 82' lang='lat'>8</span> <span class='ocrx_word' id='word_1_89' title='bbox 471 1187 584 1216; x_wconf 78' lang='lat' dir='ltr'>restitit</span> <span class='ocrx_word' id='word_1_90' title='bbox 598 1195 650 1215; x_wconf 87' lang='lat' dir='ltr'>ore</span> <span class='ocrx_word' id='word_1_91' title='bbox 666 1194 771 1216; x_wconf 88' lang='lat' dir='ltr'>sonus.</span> 
     </span>
     <span class='ocr_line' id='line_1_19' title="bbox 171 1235 1047 1279; baseline -0.003 -11"><span class='ocrx_word' id='word_1_92' title='bbox 171 1239 212 1269; x_wconf 90' lang='lat'>15</span> <span class='ocrx_word' id='word_1_93' title='bbox 470 1244 556 1269; x_wconf 83' lang='lat' dir='ltr'><strong><em>vorat</em></strong></span> <span class='ocrx_word' id='word_1_94' title='bbox 570 1238 641 1279; x_wconf 84' lang='lat' dir='ltr'>igne</span> <span class='ocrx_word' id='word_1_95' title='bbox 656 1237 825 1272; x_wconf 84' lang='lat' dir='ltr'>medullas,</span> <span class='ocrx_word' id='word_1_96' title='bbox 847 1235 935 1277; x_wconf 81' lang='lat' dir='ltr'>[Liv.</span> <span class='ocrx_word' id='word_1_97' title='bbox 955 1235 1047 1276; x_wconf 82' lang='lat'>134.]</span> 
     </span>
    </p>
   </div>
   <div class='ocr_carea' id='block_1_6' title="bbox 164 1290 1369 2777">
    <p class='ocr_par' dir='ltr' id='par_1_13' title="bbox 173 1290 869 1334">
     <span class='ocr_line' id='line_1_20' title="bbox 173 1290 869 1334; baseline -0.001 -13"><span class='ocrx_word' id='word_1_98' title='bbox 173 1292 213 1322; x_wconf 91' lang='lat'>16</span> <span class='ocrx_word' id='word_1_99' title='bbox 236 1292 376 1334; x_wconf 81' lang='lat' dir='ltr'><strong><em>Frangat</em></strong></span> <span class='ocrx_word' id='word_1_100' title='bbox 391 1292 436 1323; x_wconf 86' lang='lat' dir='ltr'>sic</span> <span class='ocrx_word' id='word_1_101' title='bbox 452 1292 571 1323; x_wconf 82' lang='lat' dir='ltr'>animos</span> <span class='ocrx_word' id='word_1_102' title='bbox 587 1291 685 1332; x_wconf 86' lang='lat' dir='ltr'>[Met.</span> <span class='ocrx_word' id='word_1_103' title='bbox 698 1290 763 1321; x_wconf 76' lang='lat' dir='ltr'>viii,</span> <span class='ocrx_word' id='word_1_104' title='bbox 778 1290 869 1330; x_wconf 83' lang='lat'>508.]</span> 
     </span>
    </p>

    <p class='ocr_par' dir='ltr' id='par_1_14' title="bbox 171 1343 841 1387">
     <span class='ocr_line' id='line_1_21' title="bbox 171 1343 841 1387; baseline -0.003 -11"><span class='ocrx_word' id='word_1_105' title='bbox 171 1346 214 1376; x_wconf 85' lang='lat'>24</span> <span class='ocrx_word' id='word_1_106' title='bbox 236 1345 428 1387; x_wconf 86' lang='lat' dir='ltr'>Sarcinaque</span> <span class='ocrx_word' id='word_1_107' title='bbox 443 1345 510 1376; x_wconf 91' lang='lat' dir='ltr'>haec</span> <span class='ocrx_word' id='word_1_108' title='bbox 526 1346 648 1375; x_wconf 83' lang='lat' dir='ltr'>humero</span> <span class='ocrx_word' id='word_1_109' title='bbox 663 1344 731 1386; x_wconf 91' lang='lat' dir='ltr'>(vel</span> <span class='ocrx_word' id='word_1_110' title='bbox 746 1343 841 1383; x_wconf 84' lang='lat' dir='ltr'>collo)</span> 
     </span>
    </p>

    <p class='ocr_par' dir='ltr' id='par_1_15' title="bbox 172 1397 705 1440">
     <span class='ocr_line' id='line_1_22' title="bbox 172 1397 705 1440; baseline -0.004 -11"><span class='ocrx_word' id='word_1_111' title='bbox 172 1399 215 1430; x_wconf 85' lang='lat'>25</span> <span class='ocrx_word' id='word_1_112' title='bbox 237 1398 299 1430; x_wconf 85' lang='lat' dir='ltr'>Ars</span> <span class='ocrx_word' id='word_1_113' title='bbox 313 1399 348 1429; x_wconf 87' lang='lat' dir='ltr'>fit</span> <span class='ocrx_word' id='word_1_114' title='bbox 362 1404 397 1429; x_wconf 90' lang='lat' dir='ltr'>ut</span> <span class='ocrx_word' id='word_1_115' title='bbox 412 1409 431 1429; x_wconf 91' lang='lat' dir='ltr'>a</span> <span class='ocrx_word' id='word_1_116' title='bbox 444 1397 558 1430; x_wconf 84' lang='lat' dir='ltr'>teneris</span> <span class='ocrx_word' id='word_1_117' title='bbox 572 1399 705 1440; x_wconf 76' lang='lat' dir='ltr'>regimen</span> 
     </span>
    </p>

    <p class='ocr_par' dir='ltr' id='par_1_16' title="bbox 174 1452 692 1493">
     <span class='ocr_line' id='line_1_23' title="bbox 174 1452 692 1493; baseline -0.004 -9"><span class='ocrx_word' id='word_1_118' title='bbox 174 1453 216 1484; x_wconf 82' lang='lat'>26</span> <span class='ocrx_word' id='word_1_119' title='bbox 241 1453 300 1483; x_wconf 83' lang='lat' dir='ltr'>Cui</span> <span class='ocrx_word' id='word_1_120' title='bbox 315 1452 402 1483; x_wconf 87' lang='lat' dir='ltr'>venit</span> <span class='ocrx_word' id='word_1_121' title='bbox 416 1457 527 1483; x_wconf 77' lang='lat' dir='ltr'>exacto</span> <span class='ocrx_word' id='word_1_122' title='bbox 541 1457 692 1493; x_wconf 89' lang='lat' dir='ltr'>tempore,</span> 
     </span>
    </p>

    <p class='ocr_par' dir='ltr' id='par_1_17' title="bbox 175 1503 922 1548">
     <span class='ocr_line' id='line_1_24' title="bbox 175 1503 922 1548; baseline -0.005 -11"><span class='ocrx_word' id='word_1_123' title='bbox 175 1507 215 1537; x_wconf 83' lang='lat'>38</span> <span class='ocrx_word' id='word_1_124' title='bbox 241 1505 293 1537; x_wconf 88' lang='lat' dir='ltr'>Cf.</span> <span class='ocrx_word' id='word_1_125' title='bbox 309 1507 369 1548; x_wconf 88' lang='lat' dir='ltr'>Ep.</span> <span class='ocrx_word' id='word_1_126' title='bbox 385 1506 439 1537; x_wconf 89' lang='lat' dir='ltr'><strong>vii.</strong></span> <span class='ocrx_word' id='word_1_127' title='bbox 455 1506 510 1536; x_wconf 89' lang='grc'>38.</span> <span class='ocrx_word' id='word_1_128' title='bbox 525 1506 609 1536; x_wconf 85' lang='lat' dir='ltr'>Met.</span> <span class='ocrx_word' id='word_1_129' title='bbox 624 1505 668 1536; x_wconf 92' lang='lat' dir='ltr'>iv.</span> <span class='ocrx_word' id='word_1_130' title='bbox 685 1505 759 1535; x_wconf 82' lang='lat'><strong>404.</strong></span> <span class='ocrx_word' id='word_1_131' title='bbox 776 1503 831 1534; x_wconf 79' lang='lat' dir='ltr'><strong>vii.</strong></span> <span class='ocrx_word' id='word_1_132' title='bbox 847 1504 922 1534; x_wconf 79' lang='lat'>387.</span> 
     </span>
    </p>

    <p class='ocr_par' dir='ltr' id='par_1_18' title="bbox 176 1559 554 1601">
     <span class='ocr_line' id='line_1_25' title="bbox 176 1559 554 1601; baseline -0.003 -10"><span class='ocrx_word' id='word_1_133' title='bbox 176 1562 216 1591; x_wconf 87' lang='grc'>48</span> <span class='ocrx_word' id='word_1_134' title='bbox 243 1561 381 1601; x_wconf 78' lang='lat' dir='ltr'>Quasque</span> <span class='ocrx_word' id='word_1_135' title='bbox 395 1560 452 1591; x_wconf 91' lang='lat' dir='ltr'>sub</span> <span class='ocrx_word' id='word_1_136' title='bbox 467 1559 554 1590; x_wconf 88' lang='lat' dir='ltr'>Idaeo</span> 
     </span>
    </p>

    <p class='ocr_par' dir='ltr' id='par_1_19' title="bbox 176 1612 892 1650">
     <span class='ocr_line' id='line_1_26' title="bbox 176 1612 892 1650; baseline -0.007 -4"><span class='ocrx_word' id='word_1_137' title='bbox 176 1615 218 1646; x_wconf 89' lang='grc'>53</span> <span class='ocrx_word' id='word_1_138' title='bbox 543 1612 716 1643; x_wconf 84' lang='lat' dir='ltr'>Pendamus</span> <span class='ocrx_word' id='word_1_139' title='bbox 731 1621 870 1642; x_wconf 78' lang='lat' dir='ltr'>amorem</span> <span class='ocrx_word' id='word_1_140' title='bbox 883 1622 892 1650; x_wconf 87' lang='lat'>;</span> 
     </span>
    </p>

    <p class='ocr_par' dir='ltr' id='par_1_20' title="bbox 177 1665 791 1708">
     <span class='ocr_line' id='line_1_27' title="bbox 177 1665 791 1708; baseline -0.007 -9"><span class='ocrx_word' id='word_1_141' title='bbox 177 1669 218 1699; x_wconf 85' lang='lat'>59</span> <span class='ocrx_word' id='word_1_142' title='bbox 244 1667 364 1698; x_wconf 75' lang='lat' dir='ltr'>Tertius</span> <span class='ocrx_word' id='word_1_143' title='bbox 378 1666 511 1708; x_wconf 83' lang='lat' dir='ltr'>AEgides</span> <span class='ocrx_word' id='word_1_144' title='bbox 527 1666 605 1708; x_wconf 89' lang='lat' dir='ltr'>[Ep.</span> <span class='ocrx_word' id='word_1_145' title='bbox 621 1665 685 1696; x_wconf 84' lang='lat' dir='ltr'>xvi.</span> <span class='ocrx_word' id='word_1_146' title='bbox 700 1665 791 1704; x_wconf 63' lang='lat'><strong>328]</strong></span> 
     </span>
    </p>

    <p class='ocr_par' dir='ltr' id='par_1_21' title="bbox 177 1720 580 1761">
     <span class='ocr_line' id='line_1_28' title="bbox 177 1720 580 1761; baseline -0.005 -10"><span class='ocrx_word' id='word_1_147' title='bbox 177 1721 217 1751; x_wconf 88' lang='lat'>67</span> <span class='ocrx_word' id='word_1_148' title='bbox 240 1721 406 1761; x_wconf 85' lang='lat' dir='ltr'>Tempore,</span> <span class='ocrx_word' id='word_1_149' title='bbox 421 1729 483 1760; x_wconf 94' lang='lat' dir='ltr'>quo</span> <span class='ocrx_word' id='word_1_150' title='bbox 498 1720 580 1750; x_wconf 79' lang='lat' dir='ltr'>nobis</span> 
     </span>
    </p>

    <p class='ocr_par' dir='ltr' id='par_1_22' title="bbox 179 1772 881 1815">
     <span class='ocr_line' id='line_1_29' title="bbox 179 1772 881 1815; baseline -0.007 -9"><span class='ocrx_word' id='word_1_151' title='bbox 179 1776 219 1806; x_wconf 85' lang='lat'>78</span> <span class='ocrx_word' id='word_1_152' title='bbox 248 1774 290 1805; x_wconf 88' lang='lat' dir='ltr'>Ut</span> <span class='ocrx_word' id='word_1_153' title='bbox 304 1774 384 1806; x_wconf 78' lang='lat' dir='ltr'>levis</span> <span class='ocrx_word' id='word_1_154' title='bbox 399 1772 524 1815; x_wconf 86' lang='lat' dir='ltr'>egregio</span> <span class='ocrx_word' id='word_1_155' title='bbox 539 1784 637 1804; x_wconf 79' lang='lat' dir='ltr'>naevus</span> <span class='ocrx_word' id='word_1_156' title='bbox 652 1772 685 1803; x_wconf 85' lang='lat' dir='ltr'>in</span> <span class='ocrx_word' id='word_1_157' title='bbox 700 1782 751 1803; x_wconf 88' lang='lat' dir='ltr'>ore</span> <span class='ocrx_word' id='word_1_158' title='bbox 767 1774 881 1802; x_wconf 82' lang='lat' dir='ltr'>decent.</span> 
     </span>
    </p>

    <p class='ocr_par' dir='ltr' id='par_1_23' title="bbox 179 1825 535 1868">
     <span class='ocr_line' id='line_1_30' title="bbox 179 1825 535 1868; baseline -0.011 -8"><span class='ocrx_word' id='word_1_159' title='bbox 179 1830 220 1860; x_wconf 89' lang='lat'>79</span> <span class='ocrx_word' id='word_1_160' title='bbox 243 1827 315 1858; x_wconf 91' lang='lat' dir='ltr'>Sive</span> <span class='ocrx_word' id='word_1_161' title='bbox 319 1826 446 1868; x_wconf 80' lang='lat' dir='ltr'>sagacis</span> <span class='ocrx_word' id='word_1_162' title='bbox 461 1825 535 1867; x_wconf 84' lang='lat' dir='ltr'>equi</span> 
     </span>
    </p>

    <p class='ocr_par' dir='ltr' id='par_1_24' title="bbox 180 1882 435 1913">
     <span class='ocr_line' id='line_1_31' title="bbox 180 1882 435 1913; baseline -0.012 0"><span class='ocrx_word' id='word_1_163' title='bbox 180 1884 217 1913; x_wconf 88' lang='grc'>81</span> <span class='ocrx_word' id='word_1_164' title='bbox 244 1882 306 1912; x_wconf 88' lang='lat' dir='ltr'>Seu</span> <span class='ocrx_word' id='word_1_165' title='bbox 321 1882 435 1911; x_wconf 79' lang='lat' dir='ltr'>lentum</span> 
     </span>
    </p>

    <p class='ocr_par' dir='ltr' id='par_1_25' title="bbox 164 1930 1103 2081">
     <span class='ocr_line' id='line_1_32' title="bbox 179 1930 1103 1974; baseline -0.005 -7"><span class='ocrx_word' id='word_1_166' title='bbox 179 1937 222 1967; x_wconf 90' lang='lat'>86</span> <span class='ocrx_word' id='word_1_167' title='bbox 245 1935 319 1966; x_wconf 91' lang='lat' dir='ltr'>Non</span> <span class='ocrx_word' id='word_1_168' title='bbox 333 1944 402 1965; x_wconf 89' lang='lat' dir='ltr'>sum</span> <span class='ocrx_word' id='word_1_169' title='bbox 418 1935 553 1964; x_wconf 79' lang='lat' dir='ltr'>materies</span> <span class='ocrx_word' id='word_1_170' title='bbox 568 1933 665 1974; x_wconf 82' lang='lat' dir='ltr'>digna</span> <span class='ocrx_word' id='word_1_171' title='bbox 682 1934 779 1974; x_wconf 77' lang='lat' dir='ltr'>vigore</span> <span class='ocrx_word' id='word_1_172' title='bbox 795 1939 856 1962; x_wconf 75' lang='lat' dir='ltr'>tuo.</span> <span class='ocrx_word' id='word_1_173' title='bbox 876 1931 954 1973; x_wconf 89' lang='lat' dir='ltr'><strong>[Ep.</strong></span> <span class='ocrx_word' id='word_1_174' title='bbox 969 1930 1021 1962; x_wconf 78' lang='lat' dir='ltr'>vii.</span> <span class='ocrx_word' id='word_1_175' title='bbox 1036 1931 1103 1970; x_wconf 59' lang='lat'>34]</span> 
     </span>
     <span class='ocr_line' id='line_1_33' title="bbox 164 1989 645 2029; baseline -0.008 -9"><span class='ocrx_word' id='word_1_176' title='bbox 164 1991 221 2020; x_wconf 87' lang='lat'>101</span> <span class='ocrx_word' id='word_1_177' title='bbox 248 1989 314 2019; x_wconf 92' lang='lat' dir='ltr'>Nos</span> <span class='ocrx_word' id='word_1_178' title='bbox 328 1998 452 2029; x_wconf 90' lang='lat' dir='ltr'>quoque</span> <span class='ocrx_word' id='word_1_179' title='bbox 457 1989 645 2027; x_wconf 81' lang='lat' dir='ltr'>jampridem</span> 
     </span>
     <span class='ocr_line' id='line_1_34' title="bbox 165 2040 855 2081; baseline -0.012 -6"><span class='ocrx_word' id='word_1_180' title='bbox 165 2045 226 2075; x_wconf 80' lang='lat'>123</span> <span class='ocrx_word' id='word_1_181' title='bbox 573 2050 651 2081; x_wconf 91' lang='lat' dir='ltr'>quos</span> <span class='ocrx_word' id='word_1_182' title='bbox 666 2045 770 2070; x_wconf 87' lang='lat' dir='ltr'>tamen</span> <span class='ocrx_word' id='word_1_183' title='bbox 786 2040 855 2069; x_wconf 83' lang='lat' dir='ltr'>olim</span> 
     </span>
    </p>

    <p class='ocr_par' dir='ltr' id='par_1_26' title="bbox 166 2095 463 2136">
     <span class='ocr_line' id='line_1_35' title="bbox 166 2095 463 2136; baseline -0.017 -7"><span class='ocrx_word' id='word_1_184' title='bbox 166 2099 226 2129; x_wconf 83' lang='lat'>128</span> <span class='ocrx_word' id='word_1_185' title='bbox 250 2095 463 2136; x_wconf 84' lang='lat' dir='ltr'>Quemfugat</span> 
     </span>
    </p>

    <p class='ocr_par' dir='ltr' id='par_1_27' title="bbox 167 2142 1369 2242">
     <span class='ocr_line' id='line_1_36' title="bbox 167 2142 1369 2187; baseline -0.006 -6"><span class='ocrx_word' id='word_1_186' title='bbox 167 2151 227 2182; x_wconf 84' lang='lat'>137</span> <span class='ocrx_word' id='word_1_187' title='bbox 252 2150 320 2181; x_wconf 87' lang='lat' dir='ltr'>Nec</span> <span class='ocrx_word' id='word_1_188' title='bbox 335 2149 422 2180; x_wconf 86' lang='lat' dir='ltr'>labor</span> <span class='ocrx_word' id='word_1_189' title='bbox 435 2153 482 2179; x_wconf 83' lang='lat' dir='ltr'>est</span> <span class='ocrx_word' id='word_1_190' title='bbox 497 2147 599 2178; x_wconf 84' lang='lat' dir='ltr'>celare</span> <span class='ocrx_word' id='word_1_191' title='bbox 614 2148 729 2177; x_wconf 77' lang='lat' dir='ltr'>virum.-</span> <span class='ocrx_word' id='word_1_192' title='bbox 754 2152 825 2187; x_wconf 87' lang='lat' dir='ltr'>pete</span> <span class='ocrx_word' id='word_1_193' title='bbox 841 2155 953 2175; x_wconf 84' lang='lat' dir='ltr'>munus</span> <span class='ocrx_word' id='word_1_194' title='bbox 969 2145 1008 2175; x_wconf 82' lang='lat' dir='ltr'>ab</span> <span class='ocrx_word' id='word_1_195' title='bbox 1025 2144 1086 2174; x_wconf 73' lang='lat' dir='ltr'>illo.</span> <span class='ocrx_word' id='word_1_196' title='bbox 1106 2143 1207 2184; x_wconf 82' lang='lat' dir='ltr'>[Fa-st.</span> <span class='ocrx_word' id='word_1_197' title='bbox 1221 2142 1262 2174; x_wconf 86' lang='lat' dir='ltr'>iv.</span> <span class='ocrx_word' id='word_1_198' title='bbox 1282 2144 1369 2183; x_wconf 84' lang='lat'>149.]</span> 
     </span>
     <span class='ocr_line' id='line_1_37' title="bbox 169 2200 877 2242; baseline -0.008 -6"><span class='ocrx_word' id='word_1_199' title='bbox 169 2207 226 2236; x_wconf 86' lang='lat'>141</span> <span class='ocrx_word' id='word_1_200' title='bbox 574 2212 628 2242; x_wconf 85' lang='lat' dir='ltr'>per</span> <span class='ocrx_word' id='word_1_201' title='bbox 644 2200 789 2231; x_wconf 86' lang='lat' dir='ltr'>tenebras</span> <span class='ocrx_word' id='word_1_202' title='bbox 804 2201 877 2230; x_wconf 76' lang='lat' dir='ltr'>duri</span> 
     </span>
    </p>

    <p class='ocr_par' dir='ltr' id='par_1_28' title="bbox 170 2253 931 2294">
     <span class='ocr_line' id='line_1_38' title="bbox 170 2253 931 2294; baseline -0.011 -4"><span class='ocrx_word' id='word_1_203' title='bbox 170 2260 230 2290; x_wconf 87' lang='grc'>149</span> <span class='ocrx_word' id='word_1_204' title='bbox 618 2253 805 2294; x_wconf 79' lang='lat' dir='ltr'>humilisque</span> <span class='ocrx_word' id='word_1_205' title='bbox 820 2254 931 2283; x_wconf 80' lang='lat' dir='ltr'>vocari.</span> 
     </span>
    </p>

    <p class='ocr_par' dir='ltr' id='par_1_29' title="bbox 170 2306 1054 2406">
     <span class='ocr_line' id='line_1_39' title="bbox 170 2306 1054 2350; baseline -0.01 -6"><span class='ocrx_word' id='word_1_206' title='bbox 170 2314 230 2344; x_wconf 85' lang='lat'>150</span> <span class='ocrx_word' id='word_1_207' title='bbox 253 2311 341 2342; x_wconf 88' lang='lat' dir='ltr'>Heu!</span> <span class='ocrx_word' id='word_1_208' title='bbox 368 2309 421 2340; x_wconf 86' lang='lat' dir='ltr'>ubi</span> <span class='ocrx_word' id='word_1_209' title='bbox 437 2309 637 2350; x_wconf 79' lang='lat' dir='ltr'>nuncflatus,</span> <span class='ocrx_word' id='word_1_210' title='bbox 654 2307 780 2348; x_wconf 82' lang='lat' dir='ltr'>altaque</span> <span class='ocrx_word' id='word_1_211' title='bbox 799 2306 914 2338; x_wconf 65' lang='lat' dir='ltr'>verba?</span> <span class='ocrx_word' id='word_1_212' title='bbox 935 2306 1054 2347; x_wconf 84' lang='lat' dir='ltr'>jacent.</span> 
     </span>
     <span class='ocr_line' id='line_1_40' title="bbox 172 2366 450 2406; baseline -0.014 -9"><span class='ocrx_word' id='word_1_213' title='bbox 172 2367 228 2397; x_wconf 87' lang='grc'>151</span> <span class='ocrx_word' id='word_1_214' title='bbox 257 2366 296 2395; x_wconf 85' lang='lat' dir='ltr'>At</span> <span class='ocrx_word' id='word_1_215' title='bbox 311 2373 450 2406; x_wconf 85' lang='lat' dir='ltr'>pugnare</span> 
     </span>
    </p>

    <p class='ocr_par' dir='ltr' id='par_1_30' title="bbox 171 2412 1087 2511">
     <span class='ocr_line' id='line_1_41' title="bbox 171 2412 1087 2458; baseline -0.009 -8"><span class='ocrx_word' id='word_1_216' title='bbox 171 2421 231 2450; x_wconf 81' lang='lat'>155</span> <span class='ocrx_word' id='word_1_217' title='bbox 256 2418 410 2458; x_wconf 74' lang='lat' dir='ltr'>Depudii3</span> <span class='ocrx_word' id='word_1_218' title='bbox 433 2415 646 2458; x_wconf 85' lang='lat' dir='ltr'>profugusque</span> <span class='ocrx_word' id='word_1_219' title='bbox 662 2413 761 2455; x_wconf 88' lang='lat' dir='ltr'>pudor</span> <span class='ocrx_word' id='word_1_220' title='bbox 776 2423 833 2444; x_wconf 89' lang='lat' dir='ltr'>sua</span> <span class='ocrx_word' id='word_1_221' title='bbox 847 2412 936 2454; x_wconf 86' lang='lat' dir='ltr'>signa</span> <span class='ocrx_word' id='word_1_222' title='bbox 952 2414 1087 2453; x_wconf 77' lang='lat' dir='ltr'>reliquie.</span> 
     </span>
     <span class='ocr_line' id='line_1_42' title="bbox 172 2466 915 2511; baseline -0.008 -8"><span class='ocrx_word' id='word_1_223' title='bbox 172 2473 232 2503; x_wconf 89' lang='lat'>160</span> <span class='ocrx_word' id='word_1_224' title='bbox 257 2472 452 2511; x_wconf 79' lang='lat' dir='ltr'>Purpureum</span> <span class='ocrx_word' id='word_1_225' title='bbox 465 2469 570 2509; x_wconf 82' lang='lat' dir='ltr'>rapido</span> <span class='ocrx_word' id='word_1_226' title='bbox 585 2467 638 2509; x_wconf 90' lang='lat' dir='ltr'>qui</span> <span class='ocrx_word' id='word_1_227' title='bbox 654 2468 720 2498; x_wconf 74' lang='lat' dir='ltr'>vehi</span> <span class='ocrx_word' id='word_1_228' title='bbox 735 2477 792 2498; x_wconf 85' lang='lat' dir='ltr'>axe</span> <span class='ocrx_word' id='word_1_229' title='bbox 810 2466 915 2497; x_wconf 61' lang='lat' dir='ltr'>diem?</span> 
     </span>
    </p>

    <p class='ocr_par' dir='ltr' id='par_1_31' title="bbox 173 2519 748 2564">
     <span class='ocr_line' id='line_1_43' title="bbox 173 2519 748 2564; baseline -0.014 -7"><span class='ocrx_word' id='word_1_230' title='bbox 173 2526 233 2557; x_wconf 86' lang='grc'>169</span> <span class='ocrx_word' id='word_1_231' title='bbox 256 2524 307 2555; x_wconf 82' lang='lat' dir='ltr'>Sic</span> <span class='ocrx_word' id='word_1_232' title='bbox 324 2522 381 2554; x_wconf 83' lang='lat' dir='ltr'>tibi</span> <span class='ocrx_word' id='word_1_233' title='bbox 397 2522 536 2564; x_wconf 77' lang='lat' dir='ltr'>(venanti</span> <span class='ocrx_word' id='word_1_234' title='bbox 555 2519 707 2561; x_wconf 86' lang='lat' dir='ltr'>[subaudi</span> <span class='ocrx_word' id='word_1_235' title='bbox 718 2520 748 2560; x_wconf 60' lang='lat'>3]</span> 
     </span>
    </p>

    <p class='ocr_par' dir='ltr' id='par_1_32' title="bbox 174 2576 595 2617">
     <span class='ocr_line' id='line_1_44' title="bbox 174 2576 595 2617; baseline -0.007 -9"><span class='ocrx_word' id='word_1_236' title='bbox 174 2579 235 2610; x_wconf 90' lang='lat'>170</span> <span class='ocrx_word' id='word_1_237' title='bbox 257 2577 406 2617; x_wconf 86' lang='lat' dir='ltr'>Silvaque</span> <span class='ocrx_word' id='word_1_238' title='bbox 419 2576 595 2615; x_wconf 79' lang='lat' dir='ltr'>praedendas</span> 
     </span>
    </p>

    <p class='ocr_par' dir='ltr' id='par_1_33' title="bbox 177 2627 964 2667">
     <span class='ocr_line' id='line_1_45' title="bbox 177 2627 964 2667; baseline -0.009 -6"><span class='ocrx_word' id='word_1_239' title='bbox 177 2633 236 2663; x_wconf 83' lang='grc'>175</span> <span class='ocrx_word' id='word_1_240' title='bbox 263 2630 416 2661; x_wconf 82' lang='lat' dir='ltr'>Addimus</span> <span class='ocrx_word' id='word_1_241' title='bbox 431 2628 479 2658; x_wconf 84' lang='lat' dir='ltr'>his</span> <span class='ocrx_word' id='word_1_242' title='bbox 493 2629 628 2667; x_wconf 80' lang='lat' dir='ltr'>precibus</span> <span class='ocrx_word' id='word_1_243' title='bbox 645 2627 804 2666; x_wconf 79' lang='lat' dir='ltr'>lachrymis</span> <span class='ocrx_word' id='word_1_244' title='bbox 820 2635 944 2666; x_wconf 86' lang='lat' dir='ltr'>quoque</span> <span class='ocrx_word' id='word_1_245' title='bbox 959 2638 964 2654; x_wconf 85' lang='lat'>:</span> 
     </span>
    </p>

    <p class='ocr_par' dir='ltr' id='par_1_34' title="bbox 180 2680 669 2725">
     <span class='ocr_line' id='line_1_46' title="bbox 180 2680 669 2725; baseline -0.01 -10"><span class='ocrx_word' id='word_1_246' title='bbox 180 2686 238 2716; x_wconf 90' lang='grc'>176</span> <span class='ocrx_word' id='word_1_247' title='bbox 267 2684 410 2725; x_wconf 79' lang='lat' dir='ltr'>I’erlege;</span> <span class='ocrx_word' id='word_1_248' title='bbox 431 2684 480 2713; x_wconf 80' lang='lat' dir='ltr'>sed</span> <span class='ocrx_word' id='word_1_249' title='bbox 495 2680 669 2722; x_wconf 77' lang='lat' dir='ltr'>lachrymas</span> 
     </span>
    </p>

    <p class='ocr_par' dir='ltr' id='par_1_35' title="bbox 307 2732 839 2777">
     <span class='ocr_line' id='line_1_47' title="bbox 307 2732 839 2777; baseline -0.011 -10"><span class='ocrx_word' id='word_1_250' title='bbox 307 2736 536 2777; x_wconf 73' lang='lat' dir='ltr'>Abjudicentur</span> <span class='ocrx_word' id='word_1_251' title='bbox 555 2744 659 2766; x_wconf 87' lang='lat' dir='ltr'>versus</span> <span class='ocrx_word' id='word_1_252' title='bbox 679 2732 748 2769; x_wconf 81' lang='lat'>175,</span> <span class='ocrx_word' id='word_1_253' title='bbox 770 2732 839 2762; x_wconf 83' lang='grc'>176.</span> 
     </span>
    </p>
   </div>
  </div>
 </body>
</html>
