1883 3246
495 661 556 709 P.
598 659 898 709 OVIDII
952 658 1343 709 NASONIS

789 832 835 878 V
852 832 874 879 I
893 831 934 879 T
951 833 996 880 A
1011 848 1041 879 ³.

219 1010 295 1066 F&
327 1033 374 1066 ⁵1
557 1043 602 1067 ,πε
634 1025 950 1067 Sulmonensis:
991 1027 1109 1081 quod
1139 1027 1232 1082 ipse
1267 1027 1327 1068 sie
1362 1034 1544 1069 testatur
1578 1028 1622 1069 in

217 1093 449 1144 Tristibus,
471 1101 544 1135 nb.
568 1094 619 1135 ῖς.
645 1093 772 1149 Eleg.
796 1108 848 1134 x:

373 1229 507 1267 Sulmo
525 1229 620 1267 mihi
638 1229 762 1280 patria
781 1236 852 1274 est,
873 1228 1009 1279 gelidis
1029 1228 1244 1276 uberrimus
1263 1229 1393 1276 undis,

426 1292 557 1330 Millia
576 1293 642 1343 qui
661 1292 792 1330 novies
811 1291 929 1330 distat
948 1292 995 1329 ab
1014 1292 1109 1330 urbe
1130 1291 1273 1330 decem.

218 1432 278 1474 Et
298 1434 341 1474 in
361 1432 515 1483 Fastis,
537 1433 611 1474 ubi
633 1435 760 1474 etiam
781 1448 806 1474 a
828 1432 1002 1487 Solymo
1029 1432 1277 1475 Suhnonem
1301 1433 1621 1475 denominatum

216 1501 333 1552 dicit,
355 1500 428 1542 lib.
452 1501 517 1541 iv:

321 1646 454 1697 Hujus
474 1652 554 1684 erat
576 1645 755 1696 Solymus
775 1645 946 1696 Phrygia
966 1660 1088 1685 eomes
1108 1660 1208 1685 unus
1223 1648 1271 1686 ab
1291 1646 1376 1691 Ida,

373 1708 412 1745 A
431 1721 506 1758 quo
524 1707 721 1745 Sulmonis
741 1708 884 1745 moenia
903 1721 1042 1747 nomen
1060 1709 1206 1747 habent
1221 1725 1232 1753 3

321 1770 516 1809 Sulmonis
535 1770 666 1821 gelidi,
686 1771 833 1821 patriae,
855 1771 1096 1815 Germanice,
1116 1779 1275 1810 nostrae:

371 1834 442 1872 Me
461 1834 655 1879 miserum,
678 1833 858 1885 Scythico
876 1848 991 1885 quam
1010 1834 1143 1885 procul
1162 1834 1229 1872 illa
1248 1834 1326 1873 solo
1345 1842 1402 1872 est
1420 1835 1428 1871 !

215 1975 298 2017 Est
324 1982 467 2017 autem
495 1975 641 2017 Sulmo
668 1976 712 2016 in
743 1975 948 2031 Pelignis‚
979 1976 1097 2030 quod
1124 1976 1217 2030 ipse
1247 1976 1305 2017 sic
1330 1976 1374 2017 in
1400 1976 1442 2018 ii.
1465 1974 1615 2017 Amor.

215 2042 341 2098 Eleg.
368 2043 405 2084 i:

318 2177 416 2216 Haec
433 2190 583 2228 quoque
602 2178 806 2228 composui,
828 2178 1001 2229 Pelignis
1020 2187 1135 2217 natus
1154 2178 1316 2230 aquosis,

370 2240 444 2279 Ille
459 2253 528 2291 ego
546 2240 728 2291 nequitiae
748 2240 854 2280 Naso
872 2244 985 2292 po'e'ta
1003 2254 1109 2279 meae.

215 2379 275 2421 Et
295 2380 338 2421 in
359 2381 499 2431 tertio,
523 2379 649 2436 Eleg.
675 2394 756 2421 xv:

318 2514 484 2553 Mantua
504 2514 669 2566 Virgilio
686 2514 843 2565 gaudet,
864 2514 1018 2552 Verona
1037 2514 1213 2554 Catullo:

371 2577 542 2628 Pelignae
560 2578 686 2628 gentis
705 2578 822 2628 gloria
841 2577 944 2615 dicar
965 2591 1046 2628 ego.

472 2743 485 2759 ἲ·
509 2740 555 2770 Ex
571 2740 638 2781 ejus
653 2740 773 2782 scriptis
789 2741 828 2772 ab
844 2740 927 2772 Aldo
943 2739 1000 2772 Pio
1014 2739 1161 2772 Manutio
1176 2739 1345 2781 descripta.
