1849 3198
617 188 915 232 AMORUM.

980 190 1100 231 LIB.
1136 189 1201 231 ΙΙ.
1232 190 1273 232 2.
1556 194 1639 235 351

247 305 323 351 Tu
349 312 522 352 contra
545 305 803 368 objiciens,
832 321 942 367 quae
968 312 1076 352 tuto
1101 306 1259 353 diluat
1284 306 1381 362 illa,

316 382 375 428 In
399 398 567 429 verum
592 381 716 429 falso
742 382 947 429 crimine
972 382 1117 429 deme
1142 382 1309 430 fidem.

250 460 334 506 Sic
359 460 449 506 tibi
476 475 674 523 semper
699 460 872 514 honOS,
901 459 971 505 sic
998 466 1138 506 curta
1163 461 1361 523 peculia
1384 469 1639 511 crescent:

316 535 439 583 Haec
465 536 588 592 face,
617 543 666 584 et
691 537 873 598 exiguo
897 544 1121 600 tempore
1146 537 1270 584 liber
1295 537 1407 584 eris.
1579 542 1644 586 40

249 613 483 677 Adspicis
509 613 757 661 indicibus
784 631 943 661 nexas
970 630 1058 678 per
1082 614 1211 660 colla
1235 621 1465 663 catenas:

319 691 588 754 Squalidus
614 692 735 738 orba
758 691 856 738 fide
882 698 1085 755 pectora
1110 706 1278 737 carcer
1303 691 1470 738 habet.

252 767 442 822 Quaerit
467 785 623 831 aquas
649 769 698 814 in
724 769 883 831 aquis,
912 776 961 815 et
985 784 1134 831 poma
1156 768 1354 830 fugacia
1378 775 1548 832 captat

319 844 588 893 Tantalus:
628 847 721 893 hoc
748 846 816 892 illi
843 847 1038 908 garrula
1061 846 1232 908 lingua
1256 846 1410 893 dedit.

255 921 387 968 Dum
414 923 619 969 nimium
645 931 808 970 servat
831 931 1000 971 custos
1025 923 1272 970 Junonius
1301 923 1372 979 Ιὸ,
1584 926 1647 970 45

319 999 451 1046 Ante
477 1017 592 1047 suos
618 1017 772 1047 annos
799 1001 1007 1057 occidit3
1048 1001 1132 1047 illa
1158 1001 1269 1047 Dea
1292 1008 1385 1048 est.

253 1075 369 1122 Vidi
395 1093 487 1138 ego
513 1079 842 1141 compedibus
861 1079 1063 1125 liventia
1087 1095 1229 1125 crura
1253 1085 1525 1141 gerentem,

323 1152 470 1200 Unde
495 1154 567 1199 vir
591 1155 835 1201 incestum
861 1156 986 1202 scire
1008 1162 1211 1202 coactus
1237 1162 1357 1202 erat.

255 1230 414 1277 Poena
437 1231 597 1277 minor
622 1231 815 1278 merito.
855 1232 1023 1278 nocuit
1048 1233 1177 1278 mala
1202 1232 1372 1294 lingua
1395 1232 1609 1278 duobus.

323 1307 411 1353 Vir
435 1308 621 1362 doluit3
663 1308 806 1355 famae
832 1310 1015 1356 damna
1040 1311 1206 1373 puella
1229 1310 1358 1356 tulit.
1588 1312 1651 1355 50

259 1384 423 1432 Crede
449 1384 597 1440 mihi;
639 1387 758 1432 nulli
785 1394 900 1434 sunt
924 1388 1130 1434 crimina
1155 1394 1295 1450 grata
1320 1387 1523 1434 marito:

326 1460 435 1508 Nec
463 1478 783 1525 quemquam,
813 1465 1039 1526 quamvis
1065 1464 1234 1511 audiat
1258 1464 1356 1519 illa,
1378 1464 1571 1525 juvant.

262 1538 363 1585 Seu
389 1545 542 1602 tepet,
571 1539 807 1586 indicium
835 1557 1033 1588 securas
1060 1541 1226 1604 perdis
1254 1541 1316 1587 ad
1345 1556 1516 1596 aures3

329 1616 443 1663 Sive
470 1623 618 1672 amat,
646 1619 805 1665 officio
830 1618 888 1665 fit
913 1619 1061 1667 miser
1085 1619 1166 1665 ille
1192 1625 1293 1665 tuo.

262 1693 428 1756 Culpa
452 1709 543 1740 nec
570 1710 633 1740 ex
658 1694 805 1751 facili,
834 1695 1059 1758 quamvis
1094 1694 1372 1749 manifesta,
1399 1694 1654 1757 probatur.

328 1770 521 1817 ,Iudicis
543 1771 626 1818 illa
651 1773 726 1818 sui
751 1779 859 1819 tuta
882 1772 1047 1819 favore
1071 1772 1221 1819 venit.
1594 1773 1655 1817 56

263 1846 458 1894 Viderit
483 1847 589 1910 ipse
615 1849 752 1905 licet;
793 1850 964 1896 credet
988 1857 1156 1896 tamen
1181 1848 1288 1911 ipse
1315 1847 1544 1909 neganti:

332 1924 706 1988 Damnabitque
732 1926 927 1982 oculos;
970 1933 1019 1973 et
1044 1926 1137 1972 sibi
1163 1925 1314 1971 verba
1338 1924 1493 1970 dabit.

308 2047 359 2076 39.
384 2046 433 2075 Sic
461 2048 514 2076 tibi
539 2057 650 2084 semper
676 2048 773 2083 honos,
797 2049 838 2077 sic
864 2049 927 2078 alta

262 2097 390 2134 pecunia
406 2095 543 2135 crescet]
573 2095 621 2125 Sic
636 2097 700 2125 alta
713 2098 833 2136 peculia
849 2108 924 2128 cres-

265 2150 330 2174 cent
347 2143 463 2184 optime
485 2144 675 2180 Puteaneus‚
695 2155 765 2175 cum
789 2145 929 2187 ejusdem

266 2192 442 2234 Excerpffis,
455 2198 485 2223 et
501 2193 639 2234 quinque
656 2193 707 2223 alii
721 2193 854 2225 codices.
871 2195 929 2225 nisi

267 2242 348 2283 quod
365 2241 465 2272 Jureti
481 2242 648 2284 Excerpta,
665 2244 705 2273 sic
726 2250 790 2274 arra
810 2246 929 2283 peculia

268 2298 412 2321 crescent.
453 2292 547 2331 Lego,
564 2293 605 2321 sic
620 2299 708 2322 curta
720 2295 837 2331 peculia
853 2305 929 2323 cres-

266 2345 346 2370 cent.
376 2339 530 2380 quomodo
545 2347 639 2370 σιω-ιω
662 2351 708 2371 res
733 2341 816 2382 apud
833 2343 931 2372 Hora-

267 2388 345 2418 tium
360 2387 402 2419 iii.
420 2388 482 2419 Od.
501 2389 555 2418 24.

314 2438 416 2467 Curtae
431 2439 526 2467 nescio
541 2440 613 2477 quid
628 2449 738 2478 semper
755 2440 831 2468 abest
848 2440 904 2469 rei.

773 2487 890 2518 Ilmxs.

271 2536 317 2566 Ex
338 2534 478 2575 vestigiis
496 2534 647 2565 Puteauei
673 2540 705 2565 et
724 2536 837 2571 Jureti,
863 2547 933 2567 cum

271 2594 333 2626 quo
357 2583 431 2614 facit
454 2584 730 2619 Francofurtensis,
753 2584 864 2615 melius
888 2585 931 2615 le-

271 2638 405 2673 geretur,
419 2640 486 2662 arta
502 2634 633 2672 peculia,
651 2639 684 2663 ut
700 2640 820 2664 veteres
837 2634 932 2675 scrip-

272 2683 358 2718 sisse,
374 2693 434 2713 non
458 2689 541 2712 areta
563 2682 655 2712 docet
670 2683 808 2712 Broukh.
827 2683 864 2713 ad
880 2683 932 2712 'si-

273 2731 336 2760 bul.
355 2730 408 2760 lib.
427 2731 448 2761 i.
466 2731 554 2770 Eleg.
572 2742 599 2761 v.
617 2731 670 2761 ⁵3.
719 2731 833 2761 Burni.

1040 2049 1093 2078 45.
1122 2047 1232 2087 Dum]
1259 2046 1336 2087 Argi
1352 2046 1496 2087 exemplo
1508 2045 1585 2076 dicit
1598 2056 1660 2076 non

998 2104 1059 2128 tam
1076 2107 1191 2127 saevam
1206 2107 1273 2127 esse
1287 2095 1399 2126 debere
1416 2095 1580 2126 custodum
1591 2095 1661 2125 dili-

997 2146 1148 2187 gentiam.

1041 2196 1093 2226 53.
1120 2194 1258 2234 Prndis]
1288 2195 1394 2225 Perdis
1417 2194 1607 2229 Puteaneus‚
1631 2199 1663 2224 et

999 2243 1051 2274 alii
1081 2243 1184 2274 multi.
1237 2244 1338 2274 Jureti
1362 2243 1528 2284 Excerpta,
1548 2245 1662 2284 pergit.

1000 2293 1077 2322 nihil
1101 2299 1216 2323 temere
1242 2292 1439 2323 mutandum.
1462 2291 1528 2322 vid.
1555 2292 1612 2323 lib.
1643 2292 1663 2323 i.

1000 2341 1088 2382 Eleg.
1105 2341 1145 2372 vi.
1162 2342 1214 2371 41.
1244 2341 1416 2371 mesms.
1462 2340 1543 2370 Mihi
1565 2343 1665 2380 perdis

1000 2390 1140 2432 impense
1156 2391 1271 2431 placet.
1287 2390 1319 2420 id
1333 2395 1380 2420 est
1395 2389 1508 2420 frustra
1524 2389 1665 2427 indicas3

1001 2438 1121 2469 nullam
1142 2450 1179 2469 ex
1204 2438 1319 2469 indicio
1335 2438 1501 2469 utilitatem
1517 2440 1566 2469 vel
1584 2439 1664 2469 fruc-

1003 2493 1068 2517 tum
1085 2488 1182 2529 capis.
1208 2494 1242 2518 ut
1257 2490 1342 2518 verba
1355 2489 1479 2527 perdere
1495 2488 1595 2529 Epist.
1612 2488 1665 2518 vii.

1003 2537 1033 2566 6.
1060 2543 1091 2566 et
1115 2536 1159 2567 iii.
1186 2537 1293 2567 Amor.
1318 2536 1352 2567 ii.
1375 2538 1427 2567 71.
1448 2544 1525 2567 vota.
1550 2543 1580 2567 et
1602 2548 1664 2578 quo

1003 2596 1094 2616 sensu
1111 2586 1201 2616 toties
1220 2589 1333 2618 Noster
1349 2587 1395 2627 τῷ
1416 2588 1539 2625 perdere
1554 2586 1664 2616 utitur.

1004 2634 1068 2664 vid.
1086 2635 1123 2665 ml
1141 2635 1348 2672 Quinctilian.
1368 2635 1512 2665 Declam.
1531 2633 1549 2665 i.
1573 2636 1617 2665 10.
1634 2641 1665 2664 et

1004 2683 1042 2714 iv.
1061 2685 1090 2714 7.
1142 2686 1257 2715 Bmm.
