1849 3198
658 199 1002 242 HEROIDES.
1038 200 1129 240 ΕΡ.
1156 200 1273 240 ΧΧ.
1579 201 1664 242 275

274 317 502 365 Maceror
529 317 793 371 interdum,
821 315 955 377 quod
990 314 1081 360 sim
1109 316 1198 362 tibi
1227 330 1405 361 caussa
1429 313 1657 361 dolendi:

337 394 508 458 Teque
534 395 647 442 mea
674 393 787 440 laedi
813 392 1084 439 calliditate
1109 399 1246 455 puto.

1569 393 1659 437 126

272 472 330 519 In
355 479 506 535 caput
530 473 636 519 haec
662 477 885 517 nostrum
911 469 1124 516 dominae
1144 470 1376 531 perjuria,
1405 484 1592 531 quaeso,

338 548 609 596 Eveniant:
649 549 799 612 poena
824 554 934 594 tuta
959 546 1023 593 sit
1047 546 1131 593 illa
1154 546 1286 593 mea.

274 625 351 673 Ne
375 633 543 673 tamen
568 627 807 689 ignorem,
836 625 958 688 quid
985 640 1131 686 agas3
1173 623 1236 670 ad
1260 622 1431 669 limina
1454 621 1627 669 crebro

336 703 547 759 Anxius,
574 704 670 750 huc
696 704 828 759 illuc,
857 702 1228 750 dissimulanter
1253 717 1328 747 eo.

1570 701 1662 744 130

274 780 567 844 Subsequor
592 780 823 827 ancillam
849 779 1017 826 furtim
1043 778 1360 831 famulumve,
1384 775 1641 838 requirens

338 856 620 904 Profuerint
645 857 804 904 somni
831 856 952 919 quid
977 855 1084 911 tibi,
1114 855 1297 918 quidve
1322 853 1437 900 cibi.

272 933 358 981 Me
379 934 635 981 miserum!
664 934 798 997 quod
820 949 917 980 non
938 932 1244 979 medicorum
1260 933 1403 994 jussa
1421 929 1662 982 ministro,

338 1010 635 1074 Effingoque
660 1027 851 1066 manus,
880 1009 1173 1072 insideoque
1205 1015 1328 1055 toro.

274 1086 338 1134 Et
362 1103 529 1134 rursus
555 1088 812 1135 miserum!
841 1088 993 1150 quod,
1017 1103 1097 1134 me
1122 1087 1298 1150 procul
1323 1085 1438 1132 inde
1458 1088 1662 1135 remoto,

339 1164 501 1218 Quem
527 1165 729 1212 minime
753 1165 948 1220 vellem,
976 1164 1181 1210 forsitan
1207 1165 1330 1211 alter
1354 1162 1512 1209 adest.

1572 1160 1662 1205 136

273 1240 364 1288 Ille
389 1258 564 1289 manus
590 1243 710 1290 istas
737 1243 940 1304 effingit,
969 1249 1019 1289 et
1044 1241 1239 1288 adsidet
1259 1256 1419 1303 aegrae,

342 1317 536 1365 Invisus
566 1320 790 1382 Superis,
818 1335 932 1366 cum
962 1319 1272 1382 Superisque
1298 1317 1435 1364 mihi.

277 1394 512 1457 Dumque
538 1412 626 1442 suo
652 1403 815 1443 tentat
838 1396 1097 1442 salientem
1122 1395 1303 1458 pollice
1328 1408 1528 1447 venam3

341 1472 570 1519 Candida
594 1488 683 1535 per
708 1488 938 1519 caussam
963 1471 1169 1519 brachia
1194 1486 1327 1533 saepe
1353 1476 1519 1516 tenet:
1574 1470 1666 1513 140

318 1611 390 1641 125.
418 1610 556 1640 Maceror
572 1610 753 1651 interdum]
780 1610 884 1647 Hunc,
901 1616 935 1641 ut

273 1659 394 1690 Horatii
419 1670 551 1695 versum,
567 1659 666 1690 citant
689 1660 878 1690 membranae
902 1670 934 1691 a·

272 1709 336 1750 pud
360 1709 471 1739 Barth.
488 1708 606 1740 xxxvii.
622 1710 695 1740 adv.
716 1710 767 1740 13.
792 1709 850 1740 nisi
874 1709 933 1740 du-

271 1758 343 1799 plex
357 1758 400 1788 ibi
411 1758 591 1799 exemplum
607 1758 755 1790 adtulerit
769 1758 933 1799 glossator:

272 1807 405 1848 primum
432 1817 470 1837 ex
497 1807 628 1837 Horatio
649 1807 670 1839 i.
694 1807 757 1838 Od.
778 1808 829 1837 13.
853 1807 935 1838 unde

272 1855 399 1896 collegit
422 1854 474 1885 ille
498 1855 626 1896 produci
653 1855 797 1897 primam.
822 1855 936 1886 deinde

273 1905 405 1935 alterum
429 1915 468 1934 ex
495 1904 610 1934 Ovidio
635 1905 827 1946 produxerit,
854 1904 936 1935 unde

272 1953 383 1994 corripi
398 1952 540 1994 probavit
553 1965 559 1982 :

318 2001 477 2033 Interdum
514 2013 646 2033 maceror
683 2005 758 2044 quod
796 2004 850 2032 sim
885 2004 938 2033 tibi

359 2062 462 2081 caussa
475 2052 594 2082 dolori&
774 2051 894 2082 anm.

275 2101 313 2131 Et
336 2099 387 2130 hic
402 2101 517 2131 Noster
532 2100 764 2131 Callimachum
788 2100 937 2142 sequitur,

273 2149 362 2190 cujus
377 2150 488 2189 fragm.
506 2149 586 2179 inter
609 2149 789 2180 Bentleian.
806 2150 935 2180 ccxxix:

318 2200 415 2240 Λῖρος
439 2197 513 2240 ἐγὼ,
539 2200 569 2229 τὶ
585 2197 616 2229 δὲ
631 2209 680 2229 σοι
696 2197 782 2230 τόνδ’
798 2197 937 2237 ἐπέθηκα

358 2247 462 2288 φόβον
474 2260 481 2285 ;

275 2299 379 2334 Quem
392 2297 543 2328 verbatim
553 2296 705 2339 expressit
716 2296 935 2328 Aristenaetus:

269 2346 311 2378 ’Ὠ
335 2344 499 2387 δυστυχὴς
523 2345 596 2388 ἐγὼ·
628 2347 659 2376 τὶ
688 2344 719 2376 δὲ
749 2357 798 2377 σοι
822 2348 939 2378 τοῦτον

276 2395 404 2437 ἐπῆγον
420 2397 479 2426 τὸν
493 2395 617 2436 φόβον;
776 2395 895 2426 ΑΜΑη.

324 2445 395 2475 127.
424 2444 517 2485 Inque
531 2452 621 2484 capnt
640 2445 799 2485 nostrum]
828 2446 940 2475 Graeca

277 2494 468 2535 imprecatiO,
487 2494 570 2535 apud
587 2504 665 2535 quos
687 2494 866 2535 frequenter
888 2504 939 2523 oc-

277 2542 384 2577 currit,
417 2542 657 2583 Aristophanem
688 2542 868 2584 praesertim‚
897 2542 940 2579 εἰς

275 2591 423 2632 κεφαλήν
442 2602 504 2621 σοι.
529 2591 584 2627 sic,
604 2592 782 2632 Trunsserrc
803 2592 940 2630 pericula

279 2643 308 2671 in
332 2648 420 2679 capue
450 2652 549 2671 snum.
582 2640 664 2682 apud
695 2641 802 2671 Valer.
836 2640 939 2670 Maxi-

281 2700 364 2720 mum
380 2690 435 2720 lib.
454 2689 487 2719 ii.
505 2701 575 2731 cap.
589 2690 630 2719 iv.
650 2696 753 2731 posset
765 2696 795 2719 et
812 2689 942 2723 restitui,

283 2739 324 2769 Di
341 2741 431 2780 cupiri
451 2746 558 2769 'costr-0.
586 2739 668 2780 quod
685 2739 778 2769 malo.
828 2739 943 2768 llmxs.

1050 1611 1121 1641 130.
1147 1608 1410 1648 Dissimulanter]
1438 1607 1488 1637 Ita
1510 1612 1541 1637 et
1556 1605 1578 1636 i.
1597 1605 1666 1635 Art.

1004 1659 1077 1690 Am.
1093 1660 1167 1690 488.

1048 1708 1198 1738 Lecticam
1215 1709 1340 1738 ‹lominoe
1355 1706 1580 1737 dissimulanter
1594 1706 1657 1734 adi.

1007 1757 1077 1787 Huc
1090 1758 1166 1787 illuc
1182 1767 1254 1787 vero
1269 1761 1357 1787 notat
1371 1754 1669 1789 deambulationem,

1005 1817 1074 1848 quae
1091 1816 1152 1837 non
1167 1806 1207 1837 ad
1222 1811 1341 1837 certum
1364 1806 1467 1836 locum
1487 1803 1669 1839 instituitur,

1005 1855 1060 1886 sed
1082 1866 1154 1886 cum
1177 1866 1259 1897 saepe
1280 1855 1390 1885 eadem
1413 1853 1514 1896 spatia
1528 1852 1669 1887 facimus,

1006 1911 1036 1934 et
1060 1904 1154 1935 animi
1178 1914 1289 1935 caussa
1314 1909 1437 1933 tantum
1460 1901 1668 1936 ambulamus,

1007 1958 1040 1984 ut
1059 1954 1268 1984 ambulemus.
1294 1959 1329 1983 ut
1351 1952 1435 1994 apud
1455 1952 1580 1983 Terent.
1604 1951 1668 1981 He—

1007 2008 1073 2033 aut.
1098 2002 1144 2033 iii.
1174 2003 1248 2032 111.
1273 2003 1329 2032 Abi
1354 2002 1576 2032 deambulatum
1601 2011 1670 2030 saue

1005 2053 1091 2088 istac,
1106 2054 1254 2087 istor-sum,
1270 2052 1380 2091 quovis.
1424 2050 1542 2081 Bunm.

1052 2102 1123 2132 134.
1149 2102 1349 2142 Astringoque
1372 2099 1506 2139 manus]
1536 2098 1669 2141 Effingu-

1006 2161 1059 2189 que
1074 2150 1253 2180 Puteaneus
1268 2154 1299 2179 et
1323 2147 1377 2179 alii
1400 2157 1513 2188 magno
1531 2157 1670 2182 numero.

1006 2209 1077 2229 cum
1094 2199 1194 2240 prima
1208 2198 1357 2235 editione,
1381 2197 1555 2238 eleganter.
1578 2202 1610 2228 et
1626 2196 1669 2228 sic

1006 2248 1112 2290 paullo
1134 2254 1215 2290 post,
1241 2247 1300 2278 Ille
1325 2258 1432 2278 manus
1454 2248 1525 2278 istas
1542 2246 1671 2288 effingit.

1007 2308 1077 2328 cum
1093 2297 1204 2328 iisdem
1222 2296 1384 2328 codicibus
1398 2301 1446 2328 est
1460 2302 1566 2328 autem
1580 2296 1668 2337 effin-

1005 2357 1085 2388 gere,
1112 2347 1302 2382 demulcere,
1331 2345 1441 2377 leviter
1471 2351 1605 2386 tergere.
1636 2350 1670 2376 ut

1007 2396 1093 2438 apud
1103 2396 1258 2427 Catonem
1271 2395 1311 2426 de
1321 2395 1412 2426 R.R.
1423 2394 1529 2426 clxvii.
1552 2395 1671 2426 Ili-‚ms-

1055 2445 1127 2475 140.
1155 2444 1293 2474 Candida
1314 2455 1367 2484 per
1390 2454 1523 2474 caussam
1550 2444 1669 2474 brachia

1009 2505 1079 2535 soepe
1096 2493 1204 2533 tenet]
1229 2493 1323 2524 Trist.
1341 2493 1363 2524 i.
1380 2493 1434 2524 vii.

1056 2543 1114 2573 Per
1129 2554 1262 2573 caussam
1277 2544 1410 2573 meminit
1424 2554 1452 2573 se
1467 2544 1595 2583 tetigisse
1609 2553 1668 2571 mu·

1095 2603 1179 2622 uum.
1510 2592 1627 2621 mes.

1012 2641 1212 2672 illustrarunt
1240 2641 1357 2671 bellam
1387 2640 1468 2672 hanc
1492 2646 1523 2670 et
1548 2639 1671 2681 optimis

1011 2689 1210 2732 scriptoribus
1225 2690 1465 2731 perfamiliarem
1485 2688 1670 2720 locutionem

1013 2739 1188 2770 Broukhus.
1206 2739 1247 2769 ad
1261 2739 1293 2768 d.
1311 2739 1333 2768 l.
1350 2739 1477 2773 Tibulli,
1495 2744 1525 2767 et
1539 2737 1673 2770 'rennul-

1140 2792 1165 2822 Τ
1184 2794 1203 2823 2
