1849 3198
193 168 277 209 302

585 166 636 208 Ρ.
659 167 885 209 OVIDII
919 169 1199 212 NASONIS

195 284 415 346 Adspice
441 283 638 345 cognati
665 282 828 332 felicia
853 284 1069 333 Caesaris
1095 302 1258 343 arma3

261 359 374 414 Qua
399 360 567 416 vincit,
594 360 750 407 victos
775 362 991 425 protegit
1015 363 1113 419 ille,
1140 379 1306 411 manu.

661 644 960 695 ELEGIA
1017 648 1118 697 ΙΙΙ,

192 747 220 793 J
228 754 340 794 usta
363 763 559 810 precor:
600 763 713 809 quae
740 763 818 794 me
844 764 1003 812 nuper
1027 748 1250 812 praedata
1275 750 1442 813 puella
1466 758 1557 806 est,

258 825 360 872 Aut
380 832 529 880 amet,
557 832 642 871 aut
666 824 831 880 faciat,
859 842 948 872 cur
973 842 1066 888 ego
1091 842 1289 891 semper
1314 843 1491 875 amem.

193 903 271 949 Ah
298 903 503 950 nimium
528 903 680 950 volui!
718 910 911 950 tantum
933 904 1151 967 patiatur
1175 905 1355 961 amari3

260 981 488 1029 Audierit
512 988 706 1028 nostras
731 988 807 1028 tot
833 981 1086 1045 Cytherea
1110 996 1302 1045 preces.

192 1058 399 1122 Accipe,
425 1075 514 1122 per
538 1060 712 1122 longos
738 1059 828 1106 tibi
854 1059 940 1122 qui
965 1058 1213 1106 deserviat
1236 1075 1391 1106 annos
1413 1076 1422 1106 ε
1553 1061 1581 1105 5

258 1137 464 1201 Accipe,
493 1138 578 1200 qui
605 1138 727 1201 pura
752 1136 881 1184 norit
905 1152 1071 1184 amare
1096 1136 1221 1183 fides

194 1215 246 1262 Si
273 1231 353 1262 me
380 1232 477 1262 non
496 1223 719 1263 veterum
741 1215 1094 1262 commendant
1113 1229 1295 1276 magna
1319 1219 1581 1277 parentum

259 1292 477 1340 Nomina
493 1312 510 1358 ;,Β
544 1294 584 1339 si
611 1293 763 1340 nostri
790 1291 1045 1354 sanguinis
1071 1297 1242 1338 auctor
1267 1306 1422 1353 eques
1445 1309 1455 1347 ;

193 1367 301 1417 Nec
327 1386 467 1417 meus
494 1370 765 1417 innumeris
792 1375 1054 1417 renovatur
1079 1384 1287 1432 campus
1313 1367 1515 1424 aratris3

257 1447 525 1511 Temperat
550 1456 599 1495 et
625 1455 817 1495 sumtus
844 1462 1023 1511 parcus
1049 1453 1260 1509 uterque
1285 1461 1487 1509 parens3
1522 1447 1581 1490 lo

191 1523 258 1570 At
282 1523 522 1580 PhoebuS‚
550 1525 860 1589 comitesque
887 1539 1079 1578 novem,
1100 1522 1317 1585 vitisque
1342 1527 1578 1585 repertor,

257 1599 366 1647 Hoc
393 1600 575 1648 faciant
593 1598 708 1658 et,
736 1618 815 1649 me
841 1601 925 1663 qui
952 1601 1041 1647 tibi
1067 1601 1234 1656 donat,
1262 1599 1444 1646 Amor:

231 1724 285 1754 51.
313 1724 442 1765 Cognati
461 1723 610 1765 Caesaris]
638 1724 768 1766 Propter
785 1724 848 1754 Ve-

188 1783 304 1810 nerem,
327 1779 458 1804 matrem
478 1779 574 1810 tuam,
591 1784 609 1804 a
627 1784 689 1815 qua
714 1773 849 1804 Romani

187 1821 337 1862 originem
354 1822 520 1853 duxerunt.
566 1822 660 1853 Cior.

231 1873 283 1902 52.
309 1872 376 1906 Qua
407 1874 489 1909 vicit,
523 1875 612 1903 victos
638 1874 768 1913 protegit
799 1872 850 1902 ille

187 1920 310 1962 mamb]
340 1921 452 1951 Utrum
475 1921 533 1951 hoc
559 1921 597 1952 (le
621 1921 660 1952 C.
674 1921 760 1952 Julio
779 1920 848 1951 Cae-

186 1980 268 2006 sare,
287 1981 326 2001 an
350 1971 389 2001 de
413 1971 549 2002 Octavio
563 1970 695 2007 dicatur,
711 1981 772 2001 non
793 1970 845 2000 im-

188 2018 298 2050 merito
314 2019 428 2060 aliquis
444 2019 585 2051 dubitare
597 2019 705 2062 possit.
729 2019 849 2051 Utrius-

188 2079 249 2109 que
283 2068 315 2099 in
345 2068 485 2099 hostibus
514 2068 702 2110 ignoscendo
735 2079 849 2110 magna

187 2117 356 2148 clementia
370 2117 440 2148 fuit.
487 2119 553 2159 Ego
576 2124 682 2149 tamen
697 2118 736 2149 de
753 2118 849 2149 Octa·

189 2166 239 2196 vio
259 2166 361 2208 potius
381 2167 515 2208 intelligi
539 2168 682 2198 arbitror.
730 2168 849 2199 0101711-

189 2225 262 2245 Nus.
312 2215 411 2245 Vincit
434 2215 548 2246 Moreti
564 2221 595 2246 et
618 2221 680 2247 tres
696 2216 760 2247 alii.
783 2227 848 2248 me-

188 2262 255 2294 liori
271 2269 353 2294 certe
370 2263 472 2294 omine
487 2276 492 2293 :
519 2265 669 2306 pergebat
684 2265 765 2295 enim
782 2265 847 2297 Au-

187 2318 297 2352 gustus
311 2311 447 2349 vincere,
462 2323 519 2344 nec
535 2314 687 2344 cessabat.
732 2314 848 2345 Euam.

231 2411 265 2441 8.
289 2410 321 2440 Si
337 2411 457 2451 nostri]
477 2411 609 2442 Rectius
626 2412 690 2448 alii,
705 2412 768 2443 Nec
784 2425 846 2443 wios-

188 2461 243 2490 tri.
279 2459 453 2490 mesrus.
500 2460 568 2491 Iino
597 2461 725 2502 vulgata
752 2463 848 2504 proba

189 2514 247 2543 est,
274 2513 305 2538 et
327 2508 500 2539 retinenda.
524 2509 594 2549 quis
620 2510 702 2540 enim
727 2509 848 2551 ignorat

189 2556 296 2588 Ovidii
309 2556 434 2599 stirpem
448 2564 635 2599 equestrem,
647 2564 678 2589 et
691 2570 709 2589 a
725 2561 848 2601 proavis

189 2618 285 2648 usque
323 2613 480 2638 auctorem
517 2608 677 2649 sanguinis
709 2609 846 2650 equitem

189 2656 304 2687 fuisse?
327 2657 381 2687 sed
406 2657 530 2687 sordida
555 2658 621 2688 liaec
649 2658 756 2689 amicae
781 2660 847 2700 ejus

189 2705 351 2736 videbatur
383 2706 530 2739 conditio,
562 2718 629 2747 qua*
670 2707 845 2738 l‘ustidivbat

918 1729 1052 1770 equites,
1072 1734 1104 1759 et
1126 1739 1188 1759 non
1207 1728 1265 1759 nisi
1287 1728 1320 1758 in
1341 1727 1511 1759 Orchestra
1533 1737 1581 1758 se-

919 1777 991 1808 dere
1014 1777 1152 1809 volebat.
1185 1776 1386 1818 subintellige
1413 1787 1486 1817 ergo
1511 1783 1580 1807 tan-

920 1834 995 1857 tum.
1030 1826 1054 1857 si
1078 1832 1200 1857 tantum
1225 1836 1334 1867 eques,
1361 1836 1421 1856 non
1451 1826 1580 1856 Senator

918 1875 957 1906 sit
972 1883 1080 1906 auctor
1095 1875 1190 1906 nostri
1205 1874 1375 1915 sanguinis.
1420 1875 1538 1905 BURM.

965 1925 1016 1956 10.
1045 1925 1199 1965 Temperat
1228 1931 1256 1955 et
1283 1924 1428 1965 sumtus]
1456 1923 1580 1961 Malim,

918 1973 942 2004 si
959 1984 1013 2015 per
1037 1974 1168 2016 scriptos
1191 1973 1316 2005 codices
1336 1974 1441 2009 liceat,
1465 1980 1579 2004 sumtu.

919 2029 952 2053 ut
963 2030 1063 2053 sumtu
1078 2034 1133 2065 pro
1147 2025 1260 2054 sumtuz·
1275 2023 1397 2054 dicatur
1407 2022 1579 2065 ἀρχαϊκῶς,

918 2079 972 2103 aut
987 2072 1163 2115 praepositio
1177 2071 1438 2113 subintelligatur.
1472 2072 1578 2103 Hars-

918 2133 1000 2153 sms.
1047 2122 1161 2163 Neque
1181 2122 1230 2153 hic
1247 2127 1355 2153 contra
1369 2121 1493 2152 codices
1507 2132 1575 2153 mu-

917 2176 1015 2201 tarem
1041 2170 1175 2212 aliquid.
1225 2170 1398 2210 Temperare
1425 2169 1509 2201 enim
1532 2177 1578 2202 est

917 2219 1080 2256 moderari,
1096 2230 1134 2250 ne
1158 2226 1246 2251 extra
1265 2219 1390 2250 modum
1405 2219 1459 2250 fiat
1474 2220 1578 2261 profu-

914 2268 973 2299 sio.
1020 2269 1139 2299 Bunm.

962 2319 1012 2349 11.
1032 2317 1175 2359 Jurisqzze
1190 2318 1353 2359 repertam]
1380 2318 1431 2349 Sic
1447 2318 1575 2360 quidem

916 2366 946 2397 in
963 2367 1119 2409 impressis
1134 2367 1365 2409 exemplaribus
1379 2367 1504 2409 legitur,
1519 2369 1575 2400 sed

915 2416 1020 2447 nullus
1031 2416 1147 2448 decens
1159 2427 1266 2447 sensus
1278 2416 1349 2447 elici
1363 2422 1475 2459 potest.
1490 2417 1574 2449 Hinc

915 2476 972 2506 ego
987 2465 1060 2496 olim
1074 2476 1207 2496 errorem
1223 2466 1275 2506 (ut
1289 2466 1371 2505 erat)
1382 2466 1574 2503 existimans,

915 2513 982 2544 sine
1019 2514 1114 2545 ullius
1150 2514 1338 2556 exemplaris
1375 2515 1570 2551 auctoritate,

914 2563 983 2593 loco
999 2563 1096 2599 Juris,
1117 2564 1190 2593 Vitis
1213 2563 1380 2605 legendum
1404 2574 1470 2594 esse
1494 2564 1575 2594 arbi-

914 2618 1012 2643 tratus
1027 2623 1107 2643 sum.
1156 2613 1191 2643 Iu
1207 2613 1306 2643 tutela
1329 2620 1432 2643 autem
1454 2613 1572 2644 Bacchi

916 2661 1028 2692 Po'ctas
1043 2672 1109 2692 esse
1127 2662 1322 2698 constitutus,
1341 2661 1410 2702 quis
1432 2661 1577 2692 dubitat?

918 2710 952 2740 ld
966 2709 1156 2751 apertissime
1177 2711 1305 2741 Flaccus
1322 2710 1350 2740 in
1366 2710 1572 2752 Epistularum
