1849 3198
180 183 263 225 2:28

560 183 611 224 P.
645 182 857 223 OVIDII
891 181 1170 223 NASONIS

184 299 285 346 Sed
311 299 350 345 si
372 300 476 362 jam
501 298 624 345 fines
650 299 826 345 vellem
852 299 1058 346 transire
1085 298 1316 362 pudoris3

247 375 322 422 Tu
348 376 521 423 melior
545 376 704 439 culpae
731 392 909 423 caussa
933 375 1126 422 futurus
1152 392 1276 423 eras.

178 453 281 500 Aut
306 469 399 515 ego
424 460 667 516 perpetuo
694 453 875 501 famam
901 454 1006 501 sine
1031 455 1142 501 labe
1167 454 1377 511 tenebo3

245 529 349 576 Aut
374 546 467 592 ego
491 537 541 577 te
566 530 748 593 potius,
777 546 927 593 quam
951 538 1038 577 tua
1062 531 1206 587 dona,
1234 547 1431 594 sequar.
1506 535 1569 577 70

181 606 353 670 thue
380 623 439 654 ea
463 623 560 654 non
587 623 795 670 spern03
837 609 907 655 sic
934 609 1282 672 acceptissima
1306 626 1503 672 semper

245 684 460 732 Munera
483 692 614 740 sunt,
643 692 814 732 auctor
840 702 950 748 quae
975 686 1193 750 pretiosa
1217 686 1350 734 facit.

177 760 300 808 Plus
325 762 481 809 multo
502 770 593 817 est,
617 763 752 825 quod
777 778 941 819 amas3
983 763 1117 825 quod
1143 779 1252 810 sum
1277 764 1366 810 tibi
1392 779 1569 811 caussa

376 840 573 894 laboris,

245 916 392 970 Quod
418 933 506 980 per
529 924 631 963 tam
656 917 827 979 longas
854 933 969 980 spes
994 923 1081 964 tua
1104 918 1239 964 venit
1264 934 1437 981 aquas.
1500 921 1561 965 74

179 993 272 1040 Illa
309 1010 526 1057 quoque,
568 994 796 1057 adposita
832 1011 943 1057 quae
981 1012 1111 1042 nunc
1149 995 1286 1052 facis,
1322 996 1563 1060 improbe,

242 1070 505 1133 (Quamvis
531 1072 759 1136 experiar
783 1072 1118 1132 dissimulare)
1144 1080 1276 1120 noto.

1353 1073 1561 1135 [menssu

177 1148 307 1194 Cum
334 1150 479 1196 modo
505 1166 584 1196 me
611 1157 808 1213 spectas
834 1150 1007 1205 oculis,
1033 1150 1232 1205 lascive,
1259 1151 1527 1213 protervis3

243 1225 380 1279 Quos
405 1226 487 1272 vix
513 1227 754 1274 instantes
780 1226 967 1274 lumina
991 1234 1161 1274 nostra
1184 1227 1373 1275 ferunt:

176 1301 242 1349 Et
267 1303 414 1350 modo
441 1304 688 1367 suspiras:
729 1305 877 1352 modo
902 1306 1082 1369 pocula
1106 1305 1332 1369 proxima
1356 1305 1498 1353 nobis

241 1380 407 1427 Sumis
429 1400 439 1438 3
481 1383 685 1445 quaque
710 1383 829 1438 bibi,
857 1390 910 1429 tu
937 1399 1138 1446 quoque
1163 1389 1303 1446 parte
1328 1383 1474 1430 bibis.
1502 1386 1564 1429 80

174 1457 253 1504 Ah
280 1458 475 1521 quoties
501 1459 685 1521 digitis,
714 1459 909 1523 quoties
935 1476 1028 1522 ego
1052 1466 1187 1507 tecta
1211 1460 1374 1507 notavi

243 1535 398 1597 Signa
423 1537 688 1599 supercilio
713 1553 843 1601 pene
868 1537 1103 1600 loquente
1128 1537 1259 1584 dari!

213 1754 266 1784 67.
304 1754 391 1785 Fines
424 1756 524 1785 vellem
557 1758 716 1797 transire]
755 1756 829 1787 Plu-

168 1802 362 1843 rimi,fi71em.
410 1803 516 1834 Partes
537 1804 752 1836 Lovaniensis.
776 1806 831 1836 sed

169 1851 297 1892 vulgata
312 1853 409 1893 proba
432 1858 491 1883 est.
538 1854 641 1884 Cicer.
659 1866 689 1885 v.
709 1855 749 1885 ad
773 1855 830 1885 Fa-

169 1901 237 1931 mil.
263 1902 312 1932 1⁴2.
359 1902 419 1936 Qui
441 1904 527 1933 semel
550 1906 734 1934 'verecuncliae
749 1906 832 1945 fines

169 1953 335 1987 transierit,
353 1963 417 1982 eum
434 1954 504 1983 bene
529 1960 557 1983 et
577 1956 696 1985 ‘naviter
720 1961 830 1994 oportet

168 2012 224 2030 esse
252 2003 463 2040 impudentem,
487 2014 579 2044 quem
604 2004 709 2034 locum
728 2004 831 2045 tetigit

168 2050 391 2081 Bersmannus.
416 2053 460 2082 sic
475 2052 514 2082 de
537 2053 599 2083 alia
613 2064 644 2084 re
661 2053 831 2084 claudian.

167 2099 209 2129 iv.
226 2099 321 2129 Cons.
340 2100 458 2131 Honor.
476 2102 552 2131 304.

213 2147 282 2177 Neu,
304 2154 370 2187 pete
395 2152 580 2189 prascriptos
608 2151 720 2180 homini
746 2157 831 2182 trau-

254 2199 490 2238 scenderefines.
667 2200 785 2230 Bunm.

210 2245 264 2274 71.
289 2245 338 2275 Sic
352 2249 553 2286 (tcceptissima
574 2259 684 2287 semper
698 2248 829 2280 Munera

166 2293 267 2334 sitim]
302 2295 509 2334 Acceptissima
532 2298 679 2336 qnondam
704 2298 829 2328 Gottor-

168 2342 312 2380 phianus.
349 2343 509 2384 eleganter
536 2345 744 2376 mehercules.
776 2358 830 2388 pro

167 2391 366 2433 quandoque,
392 2393 571 2434 aliquando,
596 2405 830 2435 nonnunquam.

168 2446 202 2470 ut
217 2441 248 2471 in
265 2441 326 2471 illis
341 2443 491 2479 Maronis,
507 2443 540 2473 ii.
559 2443 687 2474 AEneid.
704 2445 777 2475 367.

212 2490 369 2524 Quondam
391 2494 479 2522 eliam
495 2495 580 2523 victis
603 2494 681 2523 redit
700 2495 733 2523 in
753 2505 827 2533 pra*-

252 2543 354 2571 cordia
368 2543 476 2572 virtus.

169 2590 217 2619 lta
233 2595 264 2618 ct
279 2591 361 2620 olim.
379 2590 464 2621 Fast.
480 2590 526 2621 iii.
543 2593 618 2622 555.

571 2640 599 2670 U
601 2647 610 2670 t
628 2642 697 2670 olim

212 2688 321 2718 Amisso
335 2690 430 2718 dubia*
452 2688 530 2727 Rege
546 2696 697 2727 vagantur
712 2701 790 2728 apes.

667 2740 783 2769 Hffivs.

901 1756 1008 1787 Potuit
1019 1762 1050 1787 et
1066 1767 1175 1795 semper
1190 1766 1257 1786 esse
1277 1754 1454 1795 glossatoris
1468 1754 1563 1785 inter-

901 1805 1046 1847 pretatio.
1072 1816 1143 1836 nam
1156 1806 1302 1846 qnondam
1317 1804 1411 1835 etiam
1423 1815 1477 1846 pro
1490 1816 1562 1835 sem-

898 1866 952 1894 per
967 1854 1059 1890 sumi,
1078 1854 1184 1885 docuit
1199 1853 1322 1884 Servius
1342 1853 1380 1884 ad
1398 1853 1511 1895 virgil.
1526 1853 1561 1884 ii.

901 1904 1028 1934 AEneid.
1044 1903 1119 1934 678.

945 1953 997 1983 72.
1022 1954 1138 1983 Auctor
1152 1963 1214 1992 quir
1227 1951 1475 1993 pretiosajitcit]
1492 1952 1562 1982 Hoc

900 2002 979 2038 vult,
997 2012 1125 2032 munera
1140 2001 1199 2032 ista
1214 2011 1274 2031 non
1289 2006 1353 2031 tam
1376 2012 1430 2042 per
1444 2011 1476 2031 se
1491 2011 1562 2042 pre—

900 2050 978 2082 tiosa
1003 2061 1081 2086 esse,
1111 2060 1206 2091 quam
1235 2049 1392 2080 donatoris
1423 2049 1559 2085 nomine,

899 2100 982 2141 quod
999 2110 1071 2130 eum
1085 2099 1188 2140 magni
1213 2099 1358 2129 aestimet.
1383 2099 1474 2129 unice
1493 2099 1560 2131 haec

898 2149 1032 2179 illustrat
1061 2148 1166 2190 Epigr.
1197 2147 1281 2178 xcix.
1318 2147 1374 2178 lib.
1405 2147 1448 2178 ix.
1477 2149 1560 2190 apud

898 2198 1078 2229 Martialem
1091 2209 1097 2227 z

945 2248 1017 2278 Vilis
1031 2246 1230 2288 eras,f(1teor,
1246 2248 1270 2276 si
1294 2257 1375 2277 nunc
1391 2253 1417 2277 te
1429 2247 1561 2278 mitteret

1025 2303 1126 2333 emtor,

986 2345 1013 2376 G
1019 2346 1166 2386 rande-tui
1174 2346 1305 2385 pretium
1314 2346 1446 2376 muneris
1454 2352 1560 2376 auctor

1024 2396 1093 2424 erit.
1395 2393 1513 2425 HmNs.

940 2445 994 2473 81.
1025 2444 1113 2474 Tecta
1138 2445 1238 2473 notavi
1267 2442 1385 2484 sigum]
1421 2442 1558 2475 Imitatio

896 2492 1108 2535 Propertiana.
1125 2492 1181 2522 lib.
1199 2492 1244 2522 iii.
1263 2493 1293 2524 7.

942 2542 1030 2572 Tecta
1046 2543 1211 2581 superciliis
1226 2543 1250 2571 si
1273 2543 1390 2582 quando
1404 2543 1491 2572 ‘verba
1506 2552 1554 2572 re-

1023 2592 1126 2626 mittis,

983 2641 1043 2670 Aut
1059 2646 1111 2670 tua.
1127 2651 1194 2671 cum
1205 2642 1308 2683 digitis
1319 2642 1429 2680 scripta
1441 2641 1555 2671 silenda

1022 2696 1118 2720 notus.

899 2738 958 2768 Ubi
976 2738 1037 2769 vid.
1054 2740 1206 2770 Passerar.
