1849 3198
624 207 967 250 HEROIDES.
1012 207 1105 248 ΕΡ.
1139 206 1329 249 XVIII.

1581 208 1666 250 253

279 325 448 373 AEstus
483 324 644 372 adhuc
681 331 849 372 tamen
887 329 978 370 est.
1015 322 1136 385 quid
1175 339 1288 369 cum
1326 322 1444 370 mihi
1481 323 1664 371 laeserit

476 419 645 465 aequor

345 480 496 535 Plias,
524 486 574 527 et
598 479 958 541 Arctophylax,
988 477 1325 539 Oleniumque
1350 478 1528 540 pecus!

275 556 378 603 Aut
402 573 495 618 ego
521 573 618 603 non
642 555 770 611 novi,
798 570 949 618 quam
975 554 1039 600 sit
1062 553 1380 609 temerarius;
1421 561 1508 601 aut
1532 570 1611 602 me

342 633 402 680 In
427 634 551 681 freta
574 650 671 680 non
697 639 898 680 cautum
922 638 1041 678 tunc
1068 646 1268 693 quoque
1293 631 1444 677 mittit
1468 631 1637 678 Amor.

277 710 417 759 Neve
448 718 593 775 putes
635 710 684 756 id
722 726 818 765 me,
852 709 986 772 quod
1023 709 1180 764 abest,
1220 707 1506 771 promittere
1537 715 1661 756 tem-

471 805 588 852 pus:

1570 788 1656 833 191

341 864 559 927 Pignora
581 863 789 928 polliciti
814 879 912 909 non
936 862 1027 909 tibi
1051 862 1194 909 tarda
1216 862 1363 909 dabo.

277 941 355 988 Sit
378 942 623 988 tumidum
646 940 818 1004 paucis
845 940 994 987 etiam
1019 955 1149 986 nunc
1176 940 1406 987 noctibus
1433 955 1625 1003 aequor3

342 1019 421 1067 Ire
446 1035 535 1083 per
560 1019 735 1066 invitas
761 1018 1074 1082 experiemur
1099 1033 1271 1080 aquas.

273 1095 377 1144 Aut
399 1096 519 1144 mihi
544 1096 799 1158 continget
822 1095 942 1142 felix
969 1095 1178 1142 audacia
1202 1094 1336 1142 salvo
1356 1112 1366 1142 :

1570 1097 1660 1143 195

340 1173 442 1222 Aut
466 1191 596 1221 mors
623 1173 819 1221 solliciti
843 1173 954 1220 finis
982 1173 1161 1220 amoris
1188 1173 1295 1220 erit.

275 1250 477 1315 Optabo
501 1259 684 1308 tamen,
711 1259 766 1299 ut
789 1257 956 1315 partes
983 1251 1206 1314 expellar
1230 1250 1281 1296 in
1305 1250 1441 1306 illas;

341 1328 407 1376 Et
429 1336 634 1377 teneant
657 1336 829 1393 portus
856 1327 1095 1391 naufraga
1118 1328 1341 1375 membra
1363 1334 1491 1375 tuos.

274 1405 440 1454 Flebis
466 1408 613 1464 enim,
640 1414 880 1470 tactuque
906 1423 1072 1454 meum
1097 1406 1367 1469 dignabere
1393 1421 1601 1468 corpus:

338 1483 420 1540 Et,
448 1484 643 1541 Mortis,
671 1485 825 1541 dices,
853 1485 967 1533 huic
994 1501 1087 1548 ego
1113 1500 1292 1531 caussa
1316 1483 1399 1530 fui.

1563 1487 1661 1530 200

275 1561 480 1609 Scilicet
503 1564 730 1610 interitus
757 1563 1020 1611 offenderis
1047 1563 1210 1610 omine
1235 1560 1417 1608 nostri:

339 1638 603 1704 Literaque
629 1641 786 1688 invisa
809 1648 886 1688 est
909 1641 1002 1687 hac
1028 1656 1141 1687 mea
1165 1645 1304 1703 parte
1328 1637 1435 1685 tibi.

273 1715 488 1775 Desino;
528 1734 677 1782 parce
698 1718 855 1781 queri.
895 1718 984 1765 sed
1010 1724 1061 1765 et
1084 1723 1139 1763 ut
1164 1731 1298 1763 mare
1323 1714 1462 1762 finiat
1486 1714 1623 1771 iram,

337 1792 612 1851 Accedant,
642 1811 830 1858 quaeso,
858 1794 934 1842 fac
961 1801 1049 1841 tua
1072 1801 1187 1841 vota
1211 1793 1350 1840 meis.

316 1964 389 1994 187.
417 1965 490 1994 Cum
509 1966 580 1994 mihi
597 1965 733 2005 laeserit.]
763 1964 837 1994 Cum
852 1967 934 1995 modo

271 2014 376 2044 lsi-serit
403 2014 528 2045 volebat
553 2014 716 2044 Francius:
751 2013 840 2049 illud,
861 2016 933 2044 mihi

271 2063 377 2093 heser-it
413 2074 521 2103 (equor,
550 2064 625 2094 mihi
658 2069 836 2105 suspectum
872 2069 931 2094 est.

271 2111 347 2143 forte
372 2115 504 2148 cluserit,
519 2124 573 2155 pro
586 2114 740 2143 clauserit.
789 2113 932 2143 Clausum

269 2173 367 2201 oequor
379 2162 454 2204 quid
469 2162 509 2193 sit
525 2169 643 2194 notum.
666 2162 805 2205 apposite
818 2162 932 2193 Manil.

270 2210 292 2241 i.
310 2212 383 2244 365.

314 2261 398 2292 Tunc
412 2263 538 2292 subeunt
555 2263 639 2298 ΙιιιίΙὶ,
653 2264 825 2293 claudentes
838 2264 932 2293 sidere

352 2319 476 2351 pontum

314 2360 460 2391 Nubibus.
769 2361 886 2390 Brun.

318 2411 388 2440 189.
411 2411 472 2440 Aut
488 2422 540 2449 ego
557 2423 611 2440 non
630 2412 708 2445 nusi,
723 2421 807 2449 ‘l¹“¹'⁷¹
825 2411 875 2438 sim
890 2415 929 2439 te-

270 2461 446 2501 merarius]
476 2462 571 2494 Quam
589 2463 624 2490 sit
649 2470 719 2490 cum
739 2458 930 2489 Scriveriano

269 2515 300 2538 et
315 2519 376 2539 uno
392 2510 528 2539 Farnesii
553 2509 732 2549 legendum.
758 2508 796 2538 (le
814 2507 928 2537 Amore

270 2567 369 2587 sermo
392 2565 448 2589 est.
493 2558 600 2589 Amor.
624 2558 680 2589 lib.
707 2558 729 2588 i.
755 2557 806 2588 El.
831 2557 864 2587 ii.
889 2556 927 2586 ad

270 2606 457 2647 Cupidinem
472 2618 477 2636 :

316 2655 391 2684 Tum
416 2666 525 2696 quoqne
549 2667 607 2685 mm
627 2665 747 2694 paucos,
765 2657 789 2684 si
817 2661 842 2684 le
860 2655 928 2684 hene

358 2707 498 2739 novimm,
513 2716 591 2735 ures.

270 2754 417 2793 Sequenti
433 2753 525 2783 etiam
544 2764 641 2788 versu,
658 2765 714 2782 που
731 2759 850 2782 cnutum
868 2758 927 2781 tros

1000 1964 1083 1995 libri.
1120 1965 1214 1994 bene.
1274 1963 1449 1993 Hnmsrus.
1512 1962 1660 2003 Legerem

1000 2014 1105 2050 etiam,
1127 2026 1184 2044 non
1211 2019 1331 2043 caurum
1354 2019 1438 2048 tunc,
1454 2011 1503 2042 vel
1529 2012 1604 2053 quia
1628 2012 1661 2043 in

999 2063 1136 2095 Juniano
1160 2069 1217 2099 est,
1233 2069 1338 2102 captus
1351 2064 1431 2101 jam,
1454 2073 1512 2092 uon
1537 2068 1661 2092 cautum

989 2116 1070 2154 jam.
1087 2113 1157 2143 infr.
1172 2113 1247 2142 210.

1045 2162 1129 2193 Tunc
1157 2163 1244 2203 piger
1266 2162 1305 2191 ad
1332 2162 1478 2196 nandum,
1509 2166 1581 2191 tunc
1610 2171 1661 2201 ego

1084 2218 1191 2242 curtius
1206 2223 1265 2241 ero.

1042 2261 1079 2291 In
1094 2261 1209 2291 Moreti
1224 2266 1302 2295 erat,
1317 2258 1450 2301 Infrem
1466 2271 1521 2289 non
1538 2266 1662 2289 cautum

1000 2312 1120 2340 turbida
1138 2312 1234 2340 mittet
1245 2320 1338 2339 arnor.
1352 2308 1524 2347 eleganter.
1543 2308 1661 2338 Burin.

1046 2359 1117 2390 199.
1146 2358 1327 2399 Tar-tuque]
1353 2357 1501 2388 Francius
1516 2356 1660 2398 conjicie-

999 2409 1225 2449 bat—jactuque,
1249 2407 1319 2438 scil.
1344 2417 1457 2442 arenae,
1482 2417 1544 2447 qua
1566 2406 1659 2436 cada-

999 2468 1071 2488 vera
1095 2458 1197 2499 ejecta
1223 2463 1326 2497 tegere
1350 2455 1504 2486 solebant.
1535 2455 1590 2485 sed
1617 2454 1662 2485 ita

987 2509 1081 2546 jactu
1095 2506 1236 2537 absolute
1251 2515 1363 2546 ponere
1379 2504 1491 2534 durum
1507 2509 1553 2535 est
1568 2509 1599 2534 et
1614 2504 1660 2534 in-

997 2555 1111 2585 solens.

1040 2605 1113 2634 200.
1140 2602 1277 2642 Mortis]
1310 2601 1403 2631 Morti
1428 2600 1553 2635 Moreti,
1577 2600 1658 2641 quod

998 2654 1121 2684 mollius
1131 2653 1169 2683 ob
1180 2662 1313 2693 sequens
1321 2652 1411 2681 dices.
1428 2650 1492 2681 vid.
1510 2650 1542 2680 ii.
1552 2649 1660 2681 Amor.

998 2703 1039 2733 vi.
1058 2703 1153 2733 3l.et
1169 2701 1189 2732 i.
1205 2701 1298 2731 Pont.
1315 2699 1348 2731 ii.
1367 2700 1416 2730 17.
