1849 3198
596 206 893 248 AMORUM.
946 206 1063 247 LIB.
1098 207 1163 248 ΙΙ.
1196 207 1264 247 16.

1563 207 1648 247 :383

693 388 996 436 ELEGIA
1049 389 1190 436 XVI.

255 488 377 535 Pars
402 505 481 536 me
511 488 683 535 Sulmo
707 496 846 536 tenet
870 488 1066 550 Peligni
1090 487 1237 535 tertia
1260 487 1408 543 ruris3

322 565 498 621 Parva,
527 566 615 612 sed
640 565 834 627 irriguis
860 581 945 611 ora
970 565 1181 611 salubris
1208 565 1369 626 aquis.

256 641 342 688 Sol
367 642 483 689 licet
507 643 707 690 admoto
731 642 959 689 tellurem
986 641 1147 688 sidere
1174 640 1346 695 findat,

322 718 387 765 Et
412 719 562 766 micet
588 718 732 765 Icarii
759 718 904 765 stella
928 725 1158 781 proterva
1182 717 1342 773 canis;
1638 776 1643 779 v

254 795 386 842 Arva
410 803 725 859 pererrantur
751 795 962 857 Peligna
985 795 1292 857 liquentibus
1317 793 1487 842 undis:
1617 798 1647 841 5

323 871 388 918 Et
412 872 535 919 viret
559 872 607 918 in
632 879 802 919 tenero
828 871 1001 918 fertilis
1027 872 1183 918 herba
1207 871 1328 918 solo.

253 948 406 995 Terra
430 948 567 995 ferax
594 948 809 1003 Cereris,
836 948 1095 1011 multoque
1119 947 1326 994 feracior
1351 944 1482 996 uvae:

326 1024 425 1071 Dat
446 1041 647 1088 quoque
673 1024 972 1072 bacciferam
998 1023 1207 1071 Pallada
1228 1041 1366 1071 rarus
1393 1041 1533 1087 ager:

256 1101 455 1164 Perque
480 1109 794 1164 resurgentes
821 1102 934 1149 rivis
960 1102 1243 1149 labentibus
1270 1103 1450 1149 herbas

323 1178 619 1225 Gramineus
644 1180 894 1226 madidam
920 1196 1097 1243 cespes
1124 1181 1388 1226 obumbrat
1406 1181 1628 1227 humum.

254 1253 320 1301 At
344 1272 484 1302 meus
511 1255 637 1317 ignis
664 1256 822 1303 abest.
861 1257 1012 1303 verbo
1038 1257 1354 1320 peccavimus
1381 1273 1502 1314 uno3
1591 1260 1639 1303 ll

321 1331 444 1386 Quae
471 1340 635 1379 movet
660 1334 875 1388 ardores
904 1340 981 1380 est
1005 1334 1202 1396 procul;
1242 1334 1370 1396 ignis
1403 1333 1561 1380 adest.

259 1407 371 1454 Non
399 1425 508 1471 ego,
537 1409 577 1455 si
603 1410 796 1456 medius
823 1409 1031 1456 Polluce
1058 1417 1108 1456 et
1134 1409 1343 1457 Castore
1368 1426 1538 1473 ponar,

323 1484 382 1531 In
408 1486 518 1532 coeli
545 1487 649 1533 sine
675 1494 724 1533 te
749 1493 890 1549 parte
915 1486 1068 1532 fuisse
1094 1486 1256 1532 velim.

258 1561 468 1609 Solliciti
488 1564 706 1624 jaceant,
734 1564 970 1624 terraque
995 1569 1283 1626 premantur
1308 1563 1494 1625 iniqua,
1596 1567 1651 1609 15

325 1638 381 1685 In
407 1640 580 1702 longas
606 1641 777 1687 orbem
803 1640 889 1702 qui
915 1656 1118 1687 secuere
1144 1640 1264 1686 vias.

300 1812 328 1841 l.
348 1811 398 1841 Me
412 1823 482 1851 pars
497 1812 598 1842 Sulmo
619 1818 697 1842 tenet
714 1813 836 1853 Peligni
862 1819 920 1842 ter-

254 1862 296 1890 ιὶα
314 1861 424 1901 ruris.]
467 1861 531 1891 Cur
546 1861 596 1891 hic
612 1862 726 1892 'Noster
741 1862 918 1892 Sulmonem

253 1909 377 1939 tertiam
399 1909 520 1950 Peligni
545 1910 623 1940 ruris
650 1916 770 1951 partem
796 1910 920 1946 dixerit,

254 1958 385 1989 disserui
414 1958 445 1989 in
483 1959 615 1989 Scholiis
643 1959 674 1989 in
713 1959 766 1989 lib.
798 1959 838 1989 iv,
872 1960 920 1989 De

255 2008 365 2044 Ponto,
393 2020 410 2039 a
432 2019 493 2049 quo
515 2008 595 2038 loco.
620 2020 689 2049 quae
716 2008 766 2038 hic
789 2008 921 2039 dicenda

253 2063 367 2093 essent,
383 2063 500 2098 repete.
528 2057 620 2088 Cror.

298 2107 330 2137 4.
340 2106 527 2136 Icariis-tella
536 2112 673 2144 proterva
683 2106 792 2145 cunis]
806 2111 822 2121 ‘¹
835 2106 920 2136 Non-

255 2155 350 2186 nullis
365 2155 448 2185 hunc
464 2165 576 2185 canem
599 2154 723 2185 Orionis
745 2165 812 2184 esse
834 2154 920 2184 dixe-

255 2210 346 2242 runt;
370 2210 413 2239 et,
432 2204 513 2245 quod
531 2203 685 2234 studiosus
701 2203 835 2233 venandi
855 2203 920 2233 fue-

256 2254 304 2289 rit,
319 2264 389 2284 cum
406 2264 443 2283 eo
463 2263 565 2283 canem
589 2262 712 2293 quoque
737 2252 816 2282 inter
840 2258 922 2282 astra

258 2303 454 2333 collocatum.
501 2301 565 2331 Alii
596 2307 700 2331 autem
740 2300 845 2336 Icarii,
882 2301 921 2331 de

257 2363 317 2393 quo
334 2358 405 2382 ante
423 2351 577 2381 diximus:
604 2362 673 2392 quae
691 2350 790 2380 multa
814 2362 916 2392 propo-

255 2400 314 2431 sita
345 2411 416 2430 suos
445 2400 560 2430 habent
585 2400 760 2430 auctores.''
800 2399 920 2440 lIygin.

262 2449 343 2479 Poet.
356 2455 513 2478 astronom.
530 2448 807 2478 xum—Vocatur
818 2453 920 2478 autem

257 2499 366 2533 Sirius,
396 2502 432 2538 (a
460 2497 551 2539 σείρω
574 2496 704 2535 desicco)
732 2508 801 2537 qua:
831 2499 921 2526 micat

257 2546 413 2588 praecipue
430 2546 521 2577 stella
535 2545 566 2576 in
583 2545 681 2575 fronte
694 2547 787 2575 canis.
807 2545 920 2576 AMAR.

301 2596 334 2625 8.
356 2596 457 2625 Rarus
473 2595 572 2636 agera]
603 2594 720 2624 Gratus
731 2594 845 2635 optimc
860 2594 922 2625 Pu-

257 2649 398 2675 teaneus.
416 2643 572 2674 Martialis
587 2649 693 2673 notum
709 2643 798 2677 illud,
819 2643 872 2673 lib.
890 2655 920 2673 x.

258 2693 311 2723 47.

305 2742 367 2770 λυιι
385 2742 523 2770 iturrrariss
539 2741 722 2779 agen-focus
737 2743 885 2779 perennia.

415 2768 432 2778 a

991 1812 1080 1843 Unus
1119 1812 1303 1847 Vaticanus,
1339 1814 1446 1852 grajus
1479 1822 1564 1851 ager.
1594 1810 1655 1842 duo

986 1872 1109 1899 parvus.
1132 1863 1220 1891 uitus
1236 1867 1283 1891 est
1307 1860 1340 1890 in
1368 1860 1573 1891 Scriveriano.
1600 1861 1654 1891 sed

989 1920 1077 1939 rarus
1092 1921 1164 1950 ager
1179 1909 1277 1950 spisso
1299 1910 1469 1950 densoque,
1491 1920 1585 1950 quem
1607 1910 1654 1940 di-

989 1964 1076 1993 cunt,
1094 1957 1208 1999 opponi
1231 1964 1346 1999 potest,
1366 1964 1459 1999 atque
1482 1958 1508 1988 is
1531 1958 1605 1994 vini,
1622 1965 1656 1990 ut

988 2006 1406 2047 plurimum,feracissimus.
1452 2007 1570 2038 Hmzs.

1032 2056 1062 2085 9.
1086 2055 1316 2097 Resurgentes.]
1363 2055 1563 2096 Resurgentes
1587 2056 1656 2087 her-

989 2103 1045 2133 bas
1061 2103 1216 2145 intelligo,
1235 2109 1306 2134 ante
1326 2108 1428 2134 sectas
1443 2109 1473 2133 et
1489 2103 1656 2141 demessas,

989 2152 1100 2182 iterum
1117 2162 1206 2193 aquae
1223 2152 1313 2193 copia
1327 2151 1540 2188 foecundante,
1558 2163 1657 2184 resur-

989 2207 1097 2242 gentes
1111 2208 1143 2232 et
1159 2207 1335 2232 crescentes
1348 2213 1356 2239 3
1380 2208 1414 2231 ut
1429 2201 1473 2231 ita
1493 2202 1584 2233 urbes
1599 2213 1653 2233 ex-

989 2250 1060 2280 cisae
1073 2261 1228 2291 resurgere
1236 2250 1351 2291 passim
1363 2249 1522 2280 dicuntur.
1541 2251 1657 2282 Bonna.

1036 2300 1085 2330 1⁶2.
1113 2300 1211 2329 Ardor
1241 2299 1351 2338 adest]
1390 2298 1422 2329 Si
1452 2298 1496 2329 ita
1522 2300 1657 2341 scripsit,

991 2348 1113 2379 duobus
1125 2348 1226 2379 verbis
1238 2348 1392 2390 peccavit,
1406 2358 1467 2378 non
1476 2359 1538 2378 uno
1548 2349 1657 2380 Poeta.

991 2408 1086 2438 quare
1101 2408 1172 2428 cum
1188 2402 1320 2437 quatuor
1343 2396 1466 2438 scriptis
1486 2402 1517 2428 et
1538 2398 1655 2429 Douzae

990 2446 1096 2476 codice
1113 2456 1237 2487 repone,
1254 2448 1333 2487 ignis
1357 2448 1450 2476 adest.
1465 2447 1608 2487 peccavit
1624 2447 1655 2477 in

992 2496 1083 2525 verbo
1120 2496 1208 2530 abest,
1246 2506 1317 2525 cum
1354 2495 1514 2525 debuisset
1552 2495 1655 2526 dicere

990 2546 1082 2575 adest.
1097 2546 1172 2584 qnod
1188 2551 1280 2574 movet
1304 2544 1397 2574 etiam
1423 2544 1606 2574 Vaticanus.
1623 2551 1657 2575 ut

990 2594 1107 2624 dictum
1143 2599 1234 2629 esset,
1272 2593 1534 2634 quemadmodum
1579 2595 1656 2633 quod

991 2654 1070 2672 (mnas
1086 2648 1116 2672 et
1131 2641 1257 2672 similia.
1281 2641 1351 2671 vide
1378 2641 1417 2672 ad
1442 2640 1542 2682 Epist.
1565 2641 1653 2672 xviii.

996 2692 1065 2721 153.
1114 2691 1229 2720 Bmuu.
