1849 3198
637 195 935 238 AMORUM.
990 194 1110 236 LIB.
1145 195 1181 236 l.
1212 196 1279 236 10.
1581 199 1665 239 :329

273 310 447 357 Donec
473 327 581 357 eras
608 311 838 374 simplex,
866 311 1084 357 animum
1110 328 1223 357 cum
1244 327 1448 374 corpore
1475 314 1657 361 amavi:

338 387 385 434 N
391 404 486 434 une
511 389 691 435 mentis
716 388 833 435 vitio
858 389 977 434 laesa
1000 388 1159 450 figura
1182 396 1268 435 tua
1292 396 1384 435 est.

271 463 336 510 Et
360 481 484 527 puer
508 473 585 512 est
609 472 658 512 et
683 466 844 512 nudus
870 460 1184 524 Amor.„-'sine
1210 467 1439 513 sordibus
1466 483 1636 522 annos,

336 540 402 587 Et
426 542 586 588 nullas
611 549 792 597 vestes,
819 549 875 589 ut
898 542 962 588 sit
987 539 1205 605 apertus,
1233 543 1401 590 habet.
1602 548 1658 591 15

271 616 402 670 Quid
428 635 636 681 puerum
661 618 871 666 Veneris
897 619 1056 682 pretio
1083 626 1306 682 prostare
1325 621 1549 682 jubetis?

337 693 448 748 Quo
473 696 687 759 pretium
712 696 911 751 condat,
938 712 1036 742 non
1062 696 1214 742 habet
1237 695 1319 742 ille
1345 697 1522 744 sinum.

270 770 317 817 N
323 787 380 818 ec
406 772 577 819 Venus
603 780 721 836 apta
744 773 875 828 feris,
903 773 1112 820 Veneris
1139 790 1230 820 nec
1256 773 1402 829 filius,
1431 775 1579 820 armis
1602 793 1611 822 :

337 848 453 895 Non
479 849 625 896 decet
648 850 874 897 imbelles
900 866 997 896 aera
1021 866 1211 897 merere
1239 850 1392 897 Deos.
1597 856 1661 898 ‘20

272 925 384 972 Stat
406 928 641 973 meretrix
667 934 801 974 certo
827 927 981 973 cuivis
1008 927 1288 973 mercabilis
1315 943 1439 984 aere;

338 1001 404 1049 Et
428 1003 632 1050 miseras
652 1005 795 1066 jusso
821 1019 1025 1066 corpore
1052 1004 1231 1066 quaerit
1254 1020 1394 1067 opes.

271 1079 496 1127 Devovet
520 1081 782 1145 imperium
806 1088 974 1128 tamen
999 1081 1105 1128 haec
1131 1081 1322 1128 lenonis
1350 1082 1510 1130 avari:

337 1156 418 1213 Et,
446 1159 581 1221 quod
605 1175 691 1205 vos
717 1158 877 1205 facitis
904 1167 1098 1222 sponte,
1126 1166 1302 1206 coacta
1326 1159 1459 1206 facit.

271 1235 465 1282 Sumite
492 1235 540 1281 in
566 1236 852 1299 exemplum
877 1236 1099 1298 pecudes
1125 1236 1312 1282 ratione
1339 1241 1659 1284 carentes.25

335 1312 501 1377 Turpe
527 1313 620 1360 erit
644 1312 897 1375 ingenium
922 1313 1090 1359 mitius
1116 1328 1226 1359 esse
1252 1312 1383 1359 feris.

270 1390 384 1437 Non
403 1407 534 1454 equa
559 1407 736 1436 munus
758 1406 960 1452 equum,
978 1405 1076 1435 non
1097 1396 1292 1436 taurum
1307 1405 1460 1436 vacca
1479 1407 1659 1453 popos-

334 1467 382 1514 N
388 1485 451 1515 on
476 1468 602 1515 aries
627 1466 864 1530 placitam
889 1482 1092 1513 munere
1118 1473 1289 1529 captat
1312 1483 1472 1513 ovem.
1543 1468 1655 1528 [eit:

270 1546 390 1592 Sola
412 1546 513 1592 viro
538 1544 714 1591 mulier
739 1543 910 1607 spoliis
937 1544 1129 1590 exultat
1153 1543 1392 1590 ademtis:

337 1623 455 1670 Sola
477 1623 609 1669 locat
633 1627 805 1667 noctes
825 1638 834 1667 ε
876 1621 982 1666 sola
1005 1620 1218 1666 locanda
1240 1620 1390 1666 venit.
1596 1624 1659 1666 30

268 1700 335 1747 Et
350 1700 535 1755 vendit,
554 1699 690 1763 quod
712 1705 981 1760 utrumque
1001 1698 1158 1760 juvat,
1181 1697 1317 1759 quod
1338 1703 1547 1760 uterque
1573 1713 1658 1760 pe-

335 1777 402 1825 Et
426 1777 655 1842 pretium,
685 1776 857 1839 quanti
883 1776 1098 1837 gaudeat
1123 1775 1247 1838 ipsa,
1275 1774 1409 1821 facit.
1468 1776 1656 1835 [tebatz

268 1855 394 1910 Quae
418 1855 589 1902 Venus
615 1871 677 1901 ex
704 1870 849 1917 aequo
873 1862 1080 1901 ventura
1105 1860 1182 1900 est
1206 1860 1346 1914 grata
1370 1853 1582 1908 duobus,

334 1933 508 1980 Altera
531 1949 618 1979 cur
642 1932 777 1979 illam
804 1932 988 1987 vendit,
1017 1937 1067 1977 et
1091 1930 1214 1977 alter
1240 1929 1394 1976 emit?

269 2010 374 2057 Cur
398 2010 518 2056 mihi
543 2010 607 2056 sit
630 2010 828 2064 damno,
855 2008 945 2054 tibi
972 2007 1035 2053 sit
1058 2007 1254 2053 lucrosa
1277 2006 1520 2069 voluptas,
1594 2009 1656 2052 35

334 2086 497 2140 Quam
524 2087 657 2134 socio
683 2094 819 2133 motu
844 2085 1028 2132 femina
1052 2085 1224 2146 virque
1251 2083 1446 2129 ferunt?

269 2163 385 2210 Non
409 2165 537 2211 bene
562 2164 796 2210 conducti
820 2163 1041 2209 vendunt
1066 2160 1282 2224 perjuria
1306 2167 1459 2206 testes
1479 2177 1487 2206 :

335 2240 450 2288 Non
477 2242 604 2288 bene
630 2240 801 2287 selecti
821 2239 1004 2302 judicis
1031 2253 1146 2284 arca
1169 2244 1323 2300 patet.

265 2445 410 2476 meretrix
425 2445 549 2480 dicitur,
563 2450 597 2475 ut
617 2445 758 2475 similiter
770 2444 928 2474 Martialis
998 2442 1118 2471 Certum
1136 2447 1193 2477 est,
1203 2441 1278 2481 quia
1293 2439 1442 2481 inscripta
1456 2446 1522 2469 erat
1535 2440 1657 2470 cellulax

265 2500 297 2525 et
312 2494 378 2525 alii.
403 2493 474 2524 hinc
496 2496 647 2533 praemiari
660 2500 691 2524 et
712 2495 924 2533 praemiatores,
996 2490 1165 2531 unicuique
1180 2499 1309 2524 merces,
1325 2500 1419 2530 quani
1434 2489 1581 2530 captabat
1596 2500 1657 2518 mc-

266 2548 300 2573 ut
314 2548 431 2573 notum.
477 2543 594 2572 Burni.
994 2539 1104 2577 retrix3
1121 2538 1183 2569 vid.
1200 2538 1239 2568 ad
1258 2538 1383 2568 Petron.
1398 2548 1468 2578 cap.
1485 2536 1551 2567 viii.
1579 2538 1654 2571 Quo-

308 2593 363 2623 21.
390 2593 504 2632 Certa]
535 2593 622 2622 Cirr-n
639 2592 752 2622 eratin
769 2590 924 2622 (ilaseria-
996 2589 1037 2617 ris
1063 2589 1228 2617 mercabilis
1253 2598 1321 2621 ffre,
1344 2586 1434 2617 multi
1458 2597 1495 2616 ex
1522 2585 1654 2626 scriptis.

265 2651 316 2676 no,
338 2641 421 2672 unde
445 2641 514 2682 quis
533 2641 573 2671 de
595 2641 794 2672 Circensibus
818 2639 926 2682 prosti—
995 2637 1077 2679 (prod
1094 2637 1175 2668 male
1190 2636 1320 2679 arripuit
1335 2636 1469 2666 Marius.
1517 2635 1631 2664 lli-1:³1.

265 2690 346 2721 bulis
375 2697 478 2733 posset
508 2691 673 2722 somniare.
708 2690 763 2721 sed
793 2690 924 2721 frustra:
