1849 3198
656 234 1000 277 HEROIDES.
1034 234 1125 275 ΕΡ.
1159 234 1214 276 V.
1570 240 1628 280 59

244 351 401 399 Ardet
425 367 589 398 amore
613 351 712 399 tui:
753 350 823 397 sic
849 356 899 397 et
925 349 1190 396 Menelaon
1216 351 1422 410 amavit3

312 428 360 475 N
365 445 459 476 unc
477 430 614 492 jacet
637 428 687 474 in
711 427 857 474 viduo
882 426 1112 473 credulus
1138 426 1219 473 ille
1242 434 1366 475 toro.

246 506 388 553 Felix
413 506 741 560 Adromache,
769 510 904 551 certo
928 504 1056 550 bene
1082 510 1237 566 nupta
1260 505 1461 552 marito!

313 583 453 630 Uxor
477 584 539 630 ad
565 583 849 646 exemplum
874 581 1036 628 fratris
1062 581 1292 628 habenda
1314 581 1400 629 fui.

245 659 321 706 Tu
345 660 494 707 levior
519 659 661 715 foliis,
688 667 807 706 tunc
833 675 963 714 cum,
992 658 1097 705 sine
1122 659 1340 722 pondere
1366 660 1517 715 succi,

313 737 584 784 Mobilibus
608 738 768 784 ventis
794 737 931 784 arida
954 736 1099 791 facta,
1126 737 1307 783 volant.
1539 740 1629 783 110

248 814 314 861 Et
337 815 498 863 minus
525 822 602 862 est
625 815 674 861 in
698 822 764 871 te,
793 831 942 878 quam
968 830 1161 860 summa
1184 814 1378 876 pondus
1405 814 1568 870 arista,

314 892 436 946 Quae
463 893 582 939 levis
608 893 827 940 adsiduis
855 893 1038 939 solibus
1065 898 1177 937 usta
1200 891 1341 952 riget.

251 968 360 1016 Hoc
385 976 471 1015 tua
496 970 632 1031 (nam
657 969 844 1030 recolo)
870 969 1120 1032 quondam
1146 984 1380 1030 germana
1404 969 1629 1023 canebat,

316 1046 399 1093 Sic
426 1047 545 1094 mihi
570 1048 761 1094 diffusis
785 1047 1052 1095 vaticinata
1075 1045 1264 1092 comis?

248 1122 380 1177 Quid
405 1123 542 1180 facis,
571 1124 798 1172 OEnone?
836 1124 956 1187 quid
981 1139 1140 1170 arenae
1166 1123 1355 1170 semina
1377 1123 1616 1170 mandas?

316 1200 431 1248 Non
456 1201 748 1265 profecturis
774 1203 916 1249 litora
938 1201 1101 1249 bubus
1127 1216 1252 1247 araS.
1542 1203 1631 1248 116

251 1276 404 1340 Graja
423 1278 637 1340 juvenca
660 1279 809 1334 venit,
832 1295 942 1341 quae
968 1284 1034 1334 te,
1064 1277 1390 1341 patriamque,
1409 1277 1631 1324 domum-

1535 355 1626 400 105

317 1352 518 1402 Perdat.
558 1356 604 1403 i'o
630 1355 864 1419 prohibe3
907 1355 1063 1418 Graja
1077 1355 1292 1417 juvenca
1313 1354 1462 1401 venit.
1514 1356 1634 1418 [que

296 1508 367 1538 107.
409 1508 496 1538 Certo
533 1509 666 1549 marita]
705 1508 768 1546 Qui
800 1515 912 1551 praeter

250 1555 501 1587 Andromacham
519 1557 604 1599 justo
627 1557 821 1588 matrimonio
842 1558 911 1589 nul-

251 1604 313 1635 lam
329 1605 387 1636 sibi
398 1606 514 1648 junxit.
537 1607 595 1637 etsi
609 1607 721 1638 liberos
737 1618 773 1637 ex
791 1607 912 1648 pellici-

251 1655 309 1685 bus
324 1666 394 1686 eum
417 1656 600 1698 suscepisse,
616 1656 691 1687 licet
709 1666 747 1686 ex
762 1656 911 1698 Euripide

252 1704 413 1745 suspicari.
437 1705 520 1746 quod
545 1712 575 1736 et
590 1705 794 1736 Anaxicrates
812 1705 911 1748 Argo-

251 1751 380 1783 licorum
416 1754 555 1785 secundo
588 1755 711 1786 videtur
747 1754 911 1786 affirmare.

253 1802 482 1834 Pmmnasws.

300 1852 369 1882 113.
396 1852 548 1883 Germana
571 1853 722 1892 canebam]
752 1852 828 1883 Tale
853 1853 915 1895 Ly-

253 1899 416 1941 cophronis
439 1911 576 1932 carmen.
601 1901 644 1932 sic
661 1908 692 1932 et
706 1901 915 1943 Bacchylides

254 1946 477 1979 vaticinantem
498 1949 674 1981 induxerat.
691 1962 720 1980 v.
745 1950 810 1991 ejus
834 1951 914 1991 frag-

254 2002 360 2026 menta
397 1997 480 2039 apud
517 1998 606 2030 Fulv.
636 1998 743 2029 Ursin.
777 2010 810 2040 p.
841 2000 914 2031 208.

255 2045 376 2076 mes.

302 2095 373 2124 116.
400 2094 468 2125 Non
495 2095 676 2137 prqfecturis
700 2097 802 2127 lium-a
831 2098 916 2128 bobus

255 2144 352 2184 aras]
379 2144 513 2175 Consule
539 2145 611 2175 huic
627 2145 693 2175 voci
717 2147 916 2187 bal1us,cujus

256 2192 357 2223 brevis
369 2199 414 2223 est
429 2193 538 2235 prima,
551 2194 656 2236 itaque
668 2195 736 2235 lege
749 2197 851 2231 bubus,
862 2207 916 2237 per

255 2252 289 2271 u.
307 2248 341 2272 ut
363 2248 409 2273 est
430 2243 462 2272 in
478 2243 705 2280 vetustioribus,
725 2251 755 2275 et
778 2245 854 2276 ratio
869 2256 915 2275 rc-

258 2291 364 2331 quirit.
411 2292 490 2323 Cato
526 2293 564 2323 de
602 2293 649 2323 Re
680 2294 812 2325 Rustica
844 2305 915 2335 cap.

260 2340 375 2371 xxxvii.
425 2341 482 2372 Ula·
499 2354 559 2373 uva:
576 2345 663 2373 saria*
686 2346 915 2384 eaperiutjieri,

259 2389 349 2420 bubus
380 2392 622 2422 medicamentmn
653 2394 721 2422 dato
750 2395 917 2432 quotannis,

262 2440 306 2467 uti
336 2440 464 2470 valeant.
510 2441 684 2482 Soepissime
713 2441 806 2472 etium
835 2442 918 2483 apud

262 2488 430 2519 Varronem
457 2490 495 2519 (le
524 2490 570 2521 Re
596 2491 689 2521 Rust.
718 2497 748 2521 et
770 2492 834 2532 ipse
862 2492 916 2522 lib.

261 2536 373 2567 Noster
388 2538 409 2568 i.
429 2539 586 2570 Fastorum
600 2552 605 2569 :

307 2585 460 2627 Tantaque
488 2599 533 2618 res
558 2591 662 2628 paucis
686 2600 796 2628 pascua
828 2591 919 2620 bubus

347 2643 423 2666 erat.

263 2683 351 2714 Idem
366 2685 419 2715 lib.
435 2685 480 2715 iii.
498 2686 548 2716 De
565 2686 640 2716 Arte
655 2699 660 2715 ι

307 2733 388 2767 Quia
426 2736 482 2765 uisi
519 2738 652 2766 araturis
687 2748 795 2776 pascua
831 2738 921 2766 bubus

347 2785 454 2813 eraut?

979 1509 1089 1540 Horat.
1106 1509 1138 1539 in
1154 1509 1260 1540 Carm.
1277 1508 1436 1539 saeculari:

1025 1558 1142 1598 Quique
1172 1569 1217 1588 vos
1247 1559 1339 1587 bubus
1368 1566 1528 1589 veneratur
1564 1562 1638 1591 albis

1067 1607 1185 1643 Clarus,
1201 1607 1260 1637 ἃς.
1308 1606 1401 1637 Cior.

981 1656 1084 1686 Bubus
1108 1662 1192 1687 recte
1216 1655 1343 1697 quidam
1367 1656 1447 1688 libri.
1477 1664 1571 1699 atque
1594 1660 1638 1690 ita

980 1706 1095 1747 ubique
1111 1717 1148 1736 ex
1165 1706 1347 1736 auctoritate
1359 1706 1541 1748 optimorum
1552 1708 1636 1738 codi-

981 1766 1052 1785 cum
1081 1755 1309 1796 castigandum.
1336 1755 1455 1786 Auson.
1484 1758 1577 1799 Epig.
1604 1770 1635 1788 v.

982 1805 1102 1836 Abantis
1116 1806 1219 1834 bubus.
1237 1804 1312 1834 Vid.
1328 1805 1460 1836 Metam.
1471 1806 1534 1836 xiv.
1552 1807 1638 1838 initio

982 1859 1013 1883 et
1037 1854 1060 1884 i.
1086 1854 1171 1884 Fast.
1198 1854 1274 1883 244.
1300 1864 1337 1883 ex
1366 1854 1458 1884 MSS.
1486 1856 1637 1896 proverbii

982 1913 1053 1932 vero
1081 1902 1215 1944 speciem
1243 1901 1376 1932 obtinuit
1410 1903 1476 1933 haec
1510 1904 1638 1936 locutio.

982 1951 1095 1981 Noster
1109 1950 1141 1981 in
1154 1950 1306 1981 Tristibus
1320 1950 1376 1981 lib.
1393 1963 1424 1981 v.
1437 1952 1466 1981 4.

1027 2000 1093 2029 Nou
1111 2001 1186 2029 siuet
1203 2000 1253 2029 ille
1269 2005 1332 2029 tuos
1346 2001 1418 2030 litus
1432 2011 1519 2030 arare
1533 2002 1623 2034 bot-es.

981 2049 1129 2080 Juvenal.
1144 2049 1246 2089 Satyr.
1263 2047 1318 2078 vii.

1296 2097 1313 2126 I
1315 2109 1332 2127 η
1346 2099 1468 2136 pulvere
1484 2110 1515 2129 su
1522 2100 1578 2129 Zcos

1028 2147 1185 2182 Dacimus,
1217 2153 1244 2176 et
1271 2148 1367 2177 sterili
1396 2148 1467 2178 litus
1495 2159 1641 2179 versamus

1067 2202 1179 2226 aratro.

984 2244 1117 2274 Adludit
1132 2243 1245 2285 Virgil.
1262 2243 1310 2275 iv,

1250 2293 1307 2322 Cui
1323 2294 1395 2322 litus
1408 2295 1557 2324 arandum

1029 2342 1144 2382 Cuique
1160 2343 1214 2372 lucz·
1230 2343 1305 2383 leges
1319 2343 1462 2373 dedimus.

1030 2392 1102 2421 117.
1126 2391 1289 2431 Juvenca]
1316 2391 1374 2421 Per
1399 2393 1545 2432 ambages
1567 2393 1641 2423 vali-

985 2439 1114 2470 cinium.
1160 2441 1244 2471 Nam
1276 2440 1358 2481 quod
1385 2442 1520 2479 juvenca
1548 2442 1641 2482 signi-

986 2490 1056 2519 ficet
1079 2489 1262 2525 adulterum,
1288 2500 1420 2530 quasque
1445 2490 1492 2520 sui
1521 2491 1641 2532 copiam

986 2538 1070 2575 facit,
1100 2539 1221 2570 affanioe
1255 2546 1326 2570 sunt
1357 2545 1387 2569 et
1416 2550 1506 2570 merae
1542 2552 1643 2581 nugae.

986 2587 1101 2630 quippe
1117 2599 1188 2619 cum
1204 2588 1279 2619 dicit
1294 2588 1426 2620 Ovidius
1441 2588 1472 2619 in
1488 2589 1563 2620 Arte
1585 2590 1641 2621 lib.

986 2636 1008 2666 i.
1027 2637 1080 2667 78.

1033 2687 1147 2716 Multus
1159 2687 1315 2728 illafucit,
1325 2688 1474 2729 quodsui!
1490 2689 1641 2727 [lts(1J01*i.

989 2734 1125 2776 Intelligi
1150 2735 1245 2766 voluit
1264 2736 1296 2766 in
1323 2737 1411 2771 isaeo,
1427 2736 1458 2767 id
1483 2744 1528 2767 est
1553 2737 1643 2767 Isidis·

989 2784 1114 2825 templo,
1143 2785 1263 2825 puellas
1292 2785 1434 2826 exemplo
1471 2787 1545 2817 Deae
1582 2786 1644 2817 suis
