1849 3198
660 221 1004 265 HEROIDES.
1037 221 1128 264 ΕΡ.
1162 222 1216 264 V.
1578 226 1635 267 55

251 340 441 388 Oscula
464 339 679 388 dimissae
706 338 900 401 quoties
926 338 1138 401 repetita
1160 338 1367 385 dedisti!

318 417 481 472 Quam
503 417 586 464 vix
613 414 848 462 sustinuit
871 414 1037 461 dicere
1061 414 1244 476 lingua,
1271 414 1421 462 Vale!

249 494 385 541 Aura
408 494 527 542 levis
552 493 708 555 rigido
733 490 1003 555 pendentia
1025 490 1178 538 lintea
1201 492 1330 538 malo

318 571 562 627 Suscitat3
603 578 653 617 et
677 569 823 616 remis
849 576 988 616 eruta
1010 575 1157 615 canet
1181 585 1327 632 aqua.

248 649 530 711 Prosequor
554 646 724 693 infelix
749 646 904 692 oculis
930 645 1165 692 abeuntia
1186 647 1310 702 vela,

1568 650 1633 694 55

315 725 427 779 Qua
449 725 593 782 licet;
635 731 684 771 et
708 723 921 770 lacrimis
948 723 1120 770 humet
1144 739 1293 770 arena
1316 723 1455 771 meis.

248 801 418 864 thue
442 803 574 849 celer
596 801 763 848 venias
788 801 968 848 virides
995 800 1238 848 Nereidas
1264 817 1364 848 oro.

315 879 518 926 Scilicet
542 885 597 926 ut
618 878 786 925 venias
812 878 861 924 in
886 894 999 925 mea
1021 878 1203 925 damna
1227 879 1374 926 celer.

242 955 384 1003 Votis
409 973 526 1019 ergo
551 956 673 1004 meis
699 955 780 1003 alii
805 955 1021 1003 rediture
1047 955 1251 1002 redisti?

310 1032 407 1080 Hei
432 1033 567 1089 mihi,
595 1049 683 1097 pro
707 1033 815 1079 dira
838 1032 1015 1096 pellice
1040 1032 1223 1079 blanda
1246 1032 1340 1078 fui!
1566 1037 1630 1080 60

242 1111 471 1175 Adspicit
495 1111 791 1159 immensum
816 1111 971 1157 moles
997 1109 1162 1157 nativa
1185 1109 1512 1173 profundum;

309 1188 458 1236 Mons
482 1188 602 1236 fuit:
641 1187 882 1252 aequoreis
907 1187 991 1234 illa
1014 1186 1200 1234 resistit
1223 1186 1382 1249 aquis.

243 1265 374 1313 Hinc
400 1282 493 1328 ego
515 1266 625 1313 vela
647 1272 744 1312 tuae
770 1264 977 1327 cognovi
1002 1264 1162 1328 prima
1185 1264 1363 1311 carinae
1383 1280 1392 1310 :

309 1343 374 1390 Et
398 1343 517 1390 mihi
541 1359 630 1407 per
653 1343 833 1390 fluctus
859 1342 1074 1406 impetus
1100 1341 1169 1388 ire
1192 1340 1300 1387 fuit.

239 1500 282 1531 ire
303 1504 437 1542 potera&
454 1510 486 1531 v.
501 1499 601 1541 Epist.
625 1499 692 1530 xiii.
717 1499 747 1530 3.
793 1498 899 1530 valer.

239 1550 327 1581 Flac.
351 1549 385 1579 ii.
410 1549 485 1580 406.
531 1549 669 1592 Propett.
690 1548 713 1580 i.
740 1549 830 1591 Eleg.
853 1549 896 1580 vi.

243 1600 291 1631 17.
335 1600 454 1630 Bunm.

281 1645 333 1675 55.
362 1643 511 1673 Abezmtz'a
539 1641 630 1683 velen]
669 1641 789 1683 Regius
817 1653 897 1673 unus

227 1692 401 1735 fugientia.
431 1690 513 1732 quod
537 1690 668 1722 imitatio
684 1691 816 1723 auctoris
830 1691 896 1722 De-

237 1741 365 1773 clamat.
390 1739 456 1771 xiii.
473 1740 503 1770 6.
528 1740 585 1770 sub
610 1739 732 1770 nomine
752 1741 896 1777 Quincti-

236 1790 322 1826 liani,
351 1794 454 1831 posset
478 1788 636 1830 probabile
665 1789 784 1819 facere:
820 1789 896 1820 Inde

225 1840 388 1881 fugientia
402 1838 465 1868 vela
478 1838 564 1879 longo
580 1839 643 1868 visu
655 1840 814 1877 prosecuti.
840 1839 894 1870 sed

236 1889 350 1919 Noster
364 1887 424 1928 Ep.
441 1885 496 1916 xii.
512 1887 587 1917 551.

282 1937 387 1967 Tristis
408 1937 480 1971 abis,
506 1937 599 1966 oculis
617 1938 772 1966 abeuntem
795 1947 893 1975 prose-

322 1997 394 2026 quor
408 1987 486 2015 udis.
732 1986 849 2016 BURM.

278 2036 331 2067 56.
356 2036 395 2065 Et
423 2034 582 2074 lacrimis]
613 2035 749 2071 Quidam
772 2035 894 2066 codices

235 2088 267 2115 in
300 2086 430 2115 lacrimis
466 2083 542 2114 forte
578 2090 672 2119 recte,
701 2095 773 2114 nam
810 2090 894 2114 amat

236 2135 348 2165 Noster
362 2133 477 2164 similes
492 2132 674 2163 locutiones.
691 2133 789 2175 Epist.
808 2134 830 2164 i.

281 2183 405 2213 Nomine
431 2185 461 2213 in
484 2182 627 2213 Hectoreo
646 2184 763 2223 pallida
783 2195 893 2222 semper

319 2243 413 2262 erum.

235 2282 274 2311 Et
289 2291 358 2311 mox
374 2293 380 2309 ε

280 2330 317 2361 In
347 2331 493 2359 'immensis
515 2341 573 2370 qua
597 2336 688 2360 tumet
718 2329 769 2359 Ida
789 2330 890 2369 jugis.

730 2379 847 2409 Burni.

276 2430 329 2460 59.
363 2428 469 2470 Ergo]
502 2428 634 2470 Corripit
671 2427 720 2458 hic
750 2428 891 2458 ultimam

234 2478 376 2513 Ovidius,
388 2477 469 2518 quod
485 2477 596 2507 Heius.
609 2477 647 2507 ad
665 2477 683 2507 i.
693 2477 787 2508 Trist.
804 2477 825 2506 i.
838 2479 889 2507 87.

233 2538 381 2569 umquam
395 2526 459 2556 fieri
475 2527 513 2556 ab
530 2526 644 2557 ovidio
660 2532 765 2567 negat.

275 2578 329 2607 60.
355 2576 416 2607 Hei
432 2577 502 2606 mihi
515 2587 569 2615 pro
580 2577 647 2606 dira
660 2577 765 2616 pellice
780 2577 888 2606 blanda

222 2626 316 2667 fail]
349 2626 525 2656 Puteaneus
553 2631 584 2655 et
606 2625 658 2655 alii
685 2625 823 2656 nonnulli
851 2635 889 2655 ex

232 2674 420 2710 melioribus,
459 2674 499 2704 Ec
535 2674 618 2704 mihi.
664 2673 889 2710 Gronofflanus,

234 2723 275 2754 Et
291 2725 356 2754 tibi.
402 2724 482 2754 Puto
497 2723 645 2754 Ovidium
662 2722 834 2764 scripsisse:

322 2773 360 2803 Et
374 2773 418 2803 dis
431 2784 486 2812 pro
498 2773 566 2803 (ἶὶΓά
579 2773 684 2813 pellice
698 2772 881 2812 blantlafiti.

967 1497 1011 1529 Ut
1026 1497 1140 1528 Noster
1155 1495 1246 1528 alibi:

1053 1546 1094 1576 Et
1104 1557 1158 1585 pro
1173 1545 1290 1577 delictis
1304 1544 1398 1575 hostia
1412 1544 1611 1587 blandasuit.

965 1595 1048 1626 Hinc
1065 1596 1207 1626 blandum
1224 1601 1272 1625 tus
1293 1593 1354 1624 dici
1370 1594 1476 1636 opinor
1495 1594 1624 1636 Proper-

964 1644 1006 1675 tio
1021 1644 1077 1675 lib.
1094 1644 1135 1675 iv.
1152 1644 1202 1675 El.
1220 1644 1252 1675 6.
1268 1649 1300 1674 et
1320 1643 1445 1674 Tibullo
1469 1643 1514 1674 iii.
1535 1644 1624 1685 Eleg.

964 1695 997 1724 3.
1014 1694 1124 1723 Horat.
1141 1692 1186 1723 iii.
1204 1693 1269 1723 Od.
1286 1694 1340 1723 23.

1007 1742 1154 1773 Immanis
1166 1754 1251 1772 trram
1266 1744 1291 1773 si
1308 1744 1405 1783 tetigit
1421 1754 1537 1778 manus,

1007 1792 1077 1823 Non
1092 1799 1260 1831 smnptuosa
1275 1793 1411 1822 blandior
1424 1792 1515 1822 hostia

1049 1842 1181 1872 Mulciber
1195 1853 1308 1872 aversos
1321 1847 1441 1881 penates

1048 1891 1144 1921 Farre
1154 1893 1213 1931 pio,
1226 1898 1254 1922 et
1269 1892 1392 1921 saliente
1405 1892 1493 1921 mica.

962 1941 1039 1971 Haec
1055 1951 1126 1971 vero
1141 1940 1247 1970 Ovidii
1262 1941 1357 1970 verba
1377 1938 1511 1981 respexit
1526 1940 1621 1970 Deia-

961 1990 1027 2021 nira
1042 1989 1124 2032 apud
1140 1990 1251 2020 Senec.
1269 1990 1364 2020 Herc.
1381 1990 1446 2019 OEt.
1464 1990 1538 2020 292.

1050 2039 1133 2074 Vota,
1151 2050 1213 2078 qua?
1227 2040 1339 2078 superis
1354 2040 1424 2073 tuli,

1049 2088 1163 2118 Cessere
1179 2094 1281 2127 captae,
1296 2086 1563 2129 pdliciselirfui.

1460 2136 1578 2165 Hfflxs.

1003 2186 1054 2215 62.
1081 2186 1141 2215 Illa
1164 2185 1301 2226 resistit]
1328 2185 1530 2215 Scribendum
1555 2186 1619 2227 opi-

961 2245 1014 2264 nor
1031 2237 1101 2265 ictu.
1133 2234 1176 2265 ita
1190 2235 1309 2276 proprie
1324 2234 1412 2276 aquis
1428 2236 1467 2265 ici
1486 2234 1621 2275 etferiri

959 2283 1104 2314 dicuntur
1126 2284 1227 2319 litora,
1253 2289 1284 2314 et
1307 2283 1436 2325 scopuli,
1460 2288 1491 2313 et
1516 2294 1621 2313 naves.

960 2332 1024 2363 vid.
1050 2332 1091 2363 xi.
1122 2334 1253 2364 Metam.
1285 2334 1361 2364 556.
1388 2338 1419 2363 et
1444 2333 1483 2363 ad
1510 2333 1618 2362 Valcr.

960 2381 1046 2412 Flac.
1072 2382 1116 2412 iv.
1133 2383 1186 2412 48.
1214 2393 1267 2423 pro
1288 2385 1391 2412 nativa
1405 2393 1476 2412 vero
1499 2387 1564 2412 erat
1588 2380 1619 2412 in

960 2431 1110 2461 vossiano
1133 2431 1239 2461 codice
1263 2431 1476 2473 ig1111t11,quod
1499 2437 1545 2462 est
1569 2434 1616 2461 in-

959 2487 1043 2511 nata.
1069 2485 1102 2511 ut
1118 2480 1217 2522 Epist.
1235 2480 1288 2511 vii.
1305 2482 1359 2511 37.

1087 2528 1254 2569 lunataque
1270 2532 1394 2569 *rupibus
1409 2531 1480 2560 altis

1001 2577 1129 2609 Robora.
1453 2579 1571 2609 Bmm.

999 2626 1052 2658 63.
1087 2627 1169 2658 Hinc
1196 2639 1247 2669 ego
1272 2629 1372 2667 prima
1399 2633 1457 2657 tuae
1485 2629 1615 2666 prospeii

957 2677 1021 2705 vela
1038 2676 1177 2717 carina-,J
1197 2677 1326 2718 Cognovi
1340 2687 1418 2707 unus
1433 2675 1615 2707 Vaticanus.

956 2723 1031 2755 mihi
1053 2728 1184 2765 prosperi
1212 2725 1310 2766 magis
1334 2725 1450 2767 placet.
1495 2725 1613 2755 emm-

958 2784 1030 2804 mfs.
1072 2775 1142 2806 Vela
1158 2782 1214 2807 tuce
1231 2777 1363 2817 cognovi,
1377 2773 1482 2816 scripti
1497 2784 1614 2805 omncS.

1001 2827 1068 2858 134
