<?xml version="1.0" encoding="UTF-8"?>
<!DOCTYPE html PUBLIC "-//W3C//DTD XHTML 1.0 Transitional//EN"
    "http://www.w3.org/TR/xhtml1/DTD/xhtml1-transitional.dtd">
<html xmlns="http://www.w3.org/1999/xhtml" xml:lang="en" lang="en">
 <head>
  <title>
</title>
<meta http-equiv="Content-Type" content="text/html;charset=utf-8" />
  <meta name='ocr-system' content='tesseract 3.04.00' />
  <meta name='ocr-capabilities' content='ocr_page ocr_carea ocr_par ocr_line ocrx_word'/>
</head>
<body>
  <div class='ocr_page' id='page_1' title='image "./povidiinasonisop01oviduoft_0529.png"; bbox 0 0 1849 3198; ppageno 0'>
   <div class='ocr_carea' id='block_1_1' title="bbox 573 197 1592 240">
    <p class='ocr_par' dir='ltr' id='par_1_1' title="bbox 573 197 1592 240">
     <span class='ocr_line' id='line_1_1' title="bbox 573 197 1592 240; baseline -0.001 -1"><span class='ocrx_word' id='word_1_1' title='bbox 573 197 853 240; x_wconf 83' lang='lat' dir='ltr'><strong>AMORUM</strong></span> <span class='ocrx_word' id='word_1_2' title='bbox 894 197 1014 239; x_wconf 88' lang='lat' dir='ltr'><strong>LIB.</strong></span> <span class='ocrx_word' id='word_1_3' title='bbox 1050 197 1140 237; x_wconf 92' lang='lat' dir='ltr'><strong>III.</strong></span> <span class='ocrx_word' id='word_1_4' title='bbox 1174 197 1240 238; x_wconf 82' lang='lat'>15.</span> <span class='ocrx_word' id='word_1_5' title='bbox 1507 199 1592 238; x_wconf 76' lang='lat'>4423</span> 
     </span>
    </p>
   </div>
   <div class='ocr_carea' id='block_1_2' title="bbox 210 321 1608 1070">
    <p class='ocr_par' dir='ltr' id='par_1_2' title="bbox 210 321 1525 461">
     <span class='ocr_line' id='line_1_2' title="bbox 210 321 1525 385; baseline -0.002 -17"><span class='ocrx_word' id='word_1_6' title='bbox 210 323 377 384; x_wconf 80' lang='lat' dir='ltr'><strong>Atque</strong></span> <span class='ocrx_word' id='word_1_7' title='bbox 403 321 579 384; x_wconf 84' lang='lat' dir='ltr'>aliquis</span> <span class='ocrx_word' id='word_1_8' title='bbox 606 329 838 385; x_wconf 85' lang='lat' dir='ltr'>spectans</span> <span class='ocrx_word' id='word_1_9' title='bbox 864 323 1044 384; x_wconf 79' lang='lat' dir='ltr'>hospes</span> <span class='ocrx_word' id='word_1_10' title='bbox 1074 321 1324 367; x_wconf 82' lang='lat' dir='ltr'>Sulmonis</span> <span class='ocrx_word' id='word_1_11' title='bbox 1351 322 1525 383; x_wconf 79' lang='lat' dir='ltr'>aquosi</span> 
     </span>
     <span class='ocr_line' id='line_1_3' title="bbox 278 398 1387 461; baseline -0.003 -16"><span class='ocrx_word' id='word_1_12' title='bbox 278 399 483 453; x_wconf 74' lang='lat' dir='ltr'>Moenia,</span> <span class='ocrx_word' id='word_1_13' title='bbox 510 399 610 461; x_wconf 70' lang='lat' dir='ltr'>qua</span> <span class='ocrx_word' id='word_1_14' title='bbox 637 398 799 461; x_wconf 86' lang='lat' dir='ltr'>campi</span> <span class='ocrx_word' id='word_1_15' title='bbox 818 398 996 460; x_wconf 82' lang='lat' dir='ltr'>jugera</span> <span class='ocrx_word' id='word_1_16' title='bbox 1020 412 1179 459; x_wconf 85' lang='lat' dir='ltr'>pauca</span> <span class='ocrx_word' id='word_1_17' title='bbox 1202 403 1387 451; x_wconf 89' lang='lat' dir='ltr'>tenent,</span> 
     </span>
    </p>

    <p class='ocr_par' dir='ltr' id='par_1_3' title="bbox 213 470 1599 690">
     <span class='ocr_line' id='line_1_4' title="bbox 213 470 1406 536; baseline -0.003 -15"><span class='ocrx_word' id='word_1_18' title='bbox 213 475 337 529; x_wconf 82' lang='lat' dir='ltr'>Quae</span> <span class='ocrx_word' id='word_1_19' title='bbox 362 470 571 529; x_wconf 82' lang='lat' dir='ltr'>tantum,</span> <span class='ocrx_word' id='word_1_20' title='bbox 599 474 748 528; x_wconf 85' lang='lat' dir='ltr'>dicet,</span> <span class='ocrx_word' id='word_1_21' title='bbox 776 473 1008 536; x_wconf 89' lang='lat' dir='ltr'>potuistis</span> <span class='ocrx_word' id='word_1_22' title='bbox 1033 471 1157 519; x_wconf 85' lang='lat' dir='ltr'>ferre</span> <span class='ocrx_word' id='word_1_23' title='bbox 1183 472 1406 527; x_wconf 59' lang='lat' dir='ltr'>Po‘eitam,</span> 
     </span>
     <span class='ocr_line' id='line_1_5' title="bbox 281 549 1507 612; baseline -0.001 -16"><span class='ocrx_word' id='word_1_24' title='bbox 281 550 751 612; x_wconf 79' lang='lat' dir='ltr'>Quantulacumque</span> <span class='ocrx_word' id='word_1_25' title='bbox 775 549 912 603; x_wconf 81' lang='lat' dir='ltr'>estis,</span> <span class='ocrx_word' id='word_1_26' title='bbox 937 564 1023 594; x_wconf 88' lang='lat' dir='ltr'>vos</span> <span class='ocrx_word' id='word_1_27' title='bbox 1049 563 1142 609; x_wconf 83' lang='lat' dir='ltr'>ego</span> <span class='ocrx_word' id='word_1_28' title='bbox 1167 564 1347 610; x_wconf 83' lang='lat' dir='ltr'>magna</span> <span class='ocrx_word' id='word_1_29' title='bbox 1370 565 1507 595; x_wconf 88' lang='lat' dir='ltr'>voco.</span> 
     </span>
     <span class='ocr_line' id='line_1_6' title="bbox 215 623 1599 690; baseline -0.001 -17"><span class='ocrx_word' id='word_1_30' title='bbox 215 627 365 674; x_wconf 80' lang='lat' dir='ltr'>Culte</span> <span class='ocrx_word' id='word_1_31' title='bbox 390 642 527 690; x_wconf 88' lang='lat' dir='ltr'>puer,</span> <span class='ocrx_word' id='word_1_32' title='bbox 554 626 795 689; x_wconf 88' lang='lat' dir='ltr'>puerique</span> <span class='ocrx_word' id='word_1_33' title='bbox 821 640 999 688; x_wconf 88' lang='lat' dir='ltr'>parens</span> <span class='ocrx_word' id='word_1_34' title='bbox 1025 623 1322 671; x_wconf 81' lang='lat' dir='ltr'>Amathusia</span> <span class='ocrx_word' id='word_1_35' title='bbox 1346 625 1482 679; x_wconf 85' lang='lat' dir='ltr'>culti,</span> <span class='ocrx_word' id='word_1_36' title='bbox 1544 628 1599 671; x_wconf 81' lang='lat'>15</span> 
     </span>
    </p>

    <p class='ocr_par' dir='ltr' id='par_1_4' title="bbox 219 702 1608 1070">
     <span class='ocr_line' id='line_1_7' title="bbox 281 702 1242 766; baseline -0.002 -17"><span class='ocrx_word' id='word_1_37' title='bbox 281 703 448 749; x_wconf 87' lang='lat' dir='ltr'>Aurea</span> <span class='ocrx_word' id='word_1_38' title='bbox 470 704 533 750; x_wconf 88' lang='lat' dir='ltr'>de</span> <span class='ocrx_word' id='word_1_39' title='bbox 557 719 735 766; x_wconf 86' lang='lat' dir='ltr'>campo</span> <span class='ocrx_word' id='word_1_40' title='bbox 759 703 922 750; x_wconf 89' lang='lat' dir='ltr'>vellite</span> <span class='ocrx_word' id='word_1_41' title='bbox 948 702 1090 763; x_wconf 83' lang='lat' dir='ltr'>signa</span> <span class='ocrx_word' id='word_1_42' title='bbox 1114 716 1242 747; x_wconf 87' lang='lat' dir='ltr'>meo.</span> 
     </span>
     <span class='ocr_line' id='line_1_8' title="bbox 219 776 1402 842; baseline -0.004 -15"><span class='ocrx_word' id='word_1_43' title='bbox 219 779 460 841; x_wconf 78' lang='lat' dir='ltr'>Corniger</span> <span class='ocrx_word' id='word_1_44' title='bbox 484 778 730 842; x_wconf 87' lang='lat' dir='ltr'>increpuit</span> <span class='ocrx_word' id='word_1_45' title='bbox 751 778 924 841; x_wconf 87' lang='lat' dir='ltr'>thyrso</span> <span class='ocrx_word' id='word_1_46' title='bbox 949 777 1172 839; x_wconf 85' lang='lat' dir='ltr'>graviore</span> <span class='ocrx_word' id='word_1_47' title='bbox 1199 776 1402 839; x_wconf 87' lang='lat' dir='ltr'>Lyaeus:</span> 
     </span>
     <span class='ocr_line' id='line_1_9' title="bbox 285 853 1363 917; baseline -0.003 -15"><span class='ocrx_word' id='word_1_48' title='bbox 285 856 541 903; x_wconf 86' lang='lat' dir='ltr'>Pulsanda</span> <span class='ocrx_word' id='word_1_49' title='bbox 565 862 642 903; x_wconf 86' lang='lat' dir='ltr'>est</span> <span class='ocrx_word' id='word_1_50' title='bbox 666 855 858 917; x_wconf 82' lang='lat' dir='ltr'>magnis</span> <span class='ocrx_word' id='word_1_51' title='bbox 885 871 999 902; x_wconf 85' lang='lat' dir='ltr'>area</span> <span class='ocrx_word' id='word_1_52' title='bbox 1022 855 1180 917; x_wconf 86' lang='lat' dir='ltr'>major</span> <span class='ocrx_word' id='word_1_53' title='bbox 1204 853 1363 916; x_wconf 91' lang='lat' dir='ltr'>equis.</span> 
     </span>
     <span class='ocr_line' id='line_1_10' title="bbox 222 929 1284 994; baseline -0.003 -15"><span class='ocrx_word' id='word_1_54' title='bbox 222 931 456 980; x_wconf 89' lang='lat' dir='ltr'>Imbelles</span> <span class='ocrx_word' id='word_1_55' title='bbox 484 931 644 994; x_wconf 82' lang='lat' dir='ltr'>Elegi,</span> <span class='ocrx_word' id='word_1_56' title='bbox 672 931 879 994; x_wconf 83' lang='lat' dir='ltr'>genialis</span> <span class='ocrx_word' id='word_1_57' title='bbox 906 930 1073 986; x_wconf 85' lang='lat' dir='ltr'>Musa,</span> <span class='ocrx_word' id='word_1_58' title='bbox 1100 929 1284 977; x_wconf 86' lang='lat' dir='ltr'>valete:</span> 
     </span>
     <span class='ocr_line' id='line_1_11' title="bbox 287 1007 1608 1070; baseline -0.002 -15"><span class='ocrx_word' id='word_1_59' title='bbox 287 1009 412 1056; x_wconf 85' lang='lat' dir='ltr'>Post</span> <span class='ocrx_word' id='word_1_60' title='bbox 435 1024 547 1055; x_wconf 87' lang='lat' dir='ltr'>mea</span> <span class='ocrx_word' id='word_1_61' title='bbox 569 1024 857 1055; x_wconf 88' lang='lat' dir='ltr'>mansurum</span> <span class='ocrx_word' id='word_1_62' title='bbox 881 1007 983 1055; x_wconf 88' lang='lat' dir='ltr'>fata</span> <span class='ocrx_word' id='word_1_63' title='bbox 1006 1012 1259 1070; x_wconf 88' lang='lat' dir='ltr'>superstes</span> <span class='ocrx_word' id='word_1_64' title='bbox 1284 1022 1425 1069; x_wconf 90' lang='lat' dir='ltr'>opus.</span> <span class='ocrx_word' id='word_1_65' title='bbox 1545 1009 1608 1052; x_wconf 84' lang='lat'>20</span> 
     </span>
    </p>
   </div>
   <div class='ocr_carea' id='block_1_3' title="bbox 224 1146 1618 1677">
    <p class='ocr_par' dir='ltr' id='par_1_5' title="bbox 224 1146 1618 1677">
     <span class='ocr_line' id='line_1_12' title="bbox 224 1146 1608 1193; baseline -0.003 -13"><span class='ocrx_word' id='word_1_66' title='bbox 224 1151 355 1193; x_wconf 55' lang='lat' dir='ltr'>ivianus]</span> <span class='ocrx_word' id='word_1_67' title='bbox 403 1150 529 1180; x_wconf 83' lang='lat' dir='ltr'>Bellum</span> <span class='ocrx_word' id='word_1_68' title='bbox 559 1149 716 1185; x_wconf 87' lang='lat' dir='ltr'>Italicum,</span> <span class='ocrx_word' id='word_1_69' title='bbox 742 1149 825 1190; x_wconf 88' lang='lat' dir='ltr'>quod</span> <span class='ocrx_word' id='word_1_70' title='bbox 851 1155 882 1180; x_wconf 89' lang='lat' dir='ltr'>et</span> <span class='ocrx_word' id='word_1_71' title='bbox 996 1148 1143 1179; x_wconf 72' lang='lat' dir='ltr'>Graviore</span> <span class='ocrx_word' id='word_1_72' title='bbox 1160 1147 1289 1188; x_wconf 55' lang='lat' dir='ltr'>chrysa]</span> <span class='ocrx_word' id='word_1_73' title='bbox 1323 1146 1501 1177; x_wconf 85' lang='lat' dir='ltr'>Sublimiori</span> <span class='ocrx_word' id='word_1_74' title='bbox 1516 1147 1608 1188; x_wconf 83' lang='lat' dir='ltr'>stylo.</span> 
     </span>
     <span class='ocr_line' id='line_1_13' title="bbox 224 1194 1411 1239; baseline -0.004 -10"><span class='ocrx_word' id='word_1_75' title='bbox 224 1200 338 1229; x_wconf 73' lang='lat' dir='ltr'>Sociale</span> <span class='ocrx_word' id='word_1_76' title='bbox 382 1198 538 1234; x_wconf 74' lang='lat' dir='ltr'>dixerunt,</span> <span class='ocrx_word' id='word_1_77' title='bbox 582 1198 746 1238; x_wconf 80' lang='lat' dir='ltr'>intelligit:</span> <span class='ocrx_word' id='word_1_78' title='bbox 795 1198 884 1239; x_wconf 80' lang='lat' dir='ltr'>cujus</span> <span class='ocrx_word' id='word_1_79' title='bbox 951 1199 994 1229; x_wconf 88' lang='lat' dir='ltr'>sic</span> <span class='ocrx_word' id='word_1_80' title='bbox 1010 1197 1041 1227; x_wconf 85' lang='lat' dir='ltr'>in</span> <span class='ocrx_word' id='word_1_81' title='bbox 1058 1197 1168 1237; x_wconf 86' lang='lat' dir='ltr'>Elegia</span> <span class='ocrx_word' id='word_1_82' title='bbox 1182 1196 1202 1225; x_wconf 90' lang='lat' dir='ltr'>i.</span> <span class='ocrx_word' id='word_1_83' title='bbox 1217 1196 1309 1237; x_wconf 87' lang='lat' dir='ltr'>hujus</span> <span class='ocrx_word' id='word_1_84' title='bbox 1323 1194 1411 1225; x_wconf 84' lang='lat' dir='ltr'>libri:</span> 
     </span>
     <span class='ocr_line' id='line_1_14' title="bbox 224 1245 1615 1288; baseline -0.003 -10"><span class='ocrx_word' id='word_1_85' title='bbox 224 1258 319 1278; x_wconf 85' lang='lat' dir='ltr'>causa</span> <span class='ocrx_word' id='word_1_86' title='bbox 334 1247 469 1277; x_wconf 78' lang='lat' dir='ltr'>maxima</span> <span class='ocrx_word' id='word_1_87' title='bbox 484 1258 520 1277; x_wconf 86' lang='lat' dir='ltr'>ex</span> <span class='ocrx_word' id='word_1_88' title='bbox 536 1252 624 1288; x_wconf 84' lang='lat' dir='ltr'>parte</span> <span class='ocrx_word' id='word_1_89' title='bbox 639 1246 746 1277; x_wconf 86' lang='lat' dir='ltr'>Livius</span> <span class='ocrx_word' id='word_1_90' title='bbox 764 1247 886 1276; x_wconf 80' lang='lat' dir='ltr'>Drusus</span> <span class='ocrx_word' id='word_1_91' title='bbox 998 1245 1123 1285; x_wconf 79' lang='lat' dir='ltr'>Tempus</span> <span class='ocrx_word' id='word_1_92' title='bbox 1138 1251 1203 1275; x_wconf 76' lang='lat' dir='ltr'>crat</span> <span class='ocrx_word' id='word_1_93' title='bbox 1219 1246 1318 1285; x_wconf 76' lang='lat' dir='ltr'>thyrso</span> <span class='ocrx_word' id='word_1_94' title='bbox 1339 1245 1458 1284; x_wconf 75' lang='lat' dir='ltr'>pulsum</span> <span class='ocrx_word' id='word_1_95' title='bbox 1475 1246 1615 1284; x_wconf 72' lang='lat' dir='ltr'>graviore</span> 
     </span>
     <span class='ocr_line' id='line_1_15' title="bbox 224 1292 1569 1336; baseline -0.003 -10"><span class='ocrx_word' id='word_1_96' title='bbox 224 1297 311 1326; x_wconf 89' lang='lat' dir='ltr'>Trib.</span> <span class='ocrx_word' id='word_1_97' title='bbox 328 1295 414 1336; x_wconf 88' lang='lat' dir='ltr'>pleb.</span> <span class='ocrx_word' id='word_1_98' title='bbox 432 1295 545 1330; x_wconf 82' lang='lat' dir='ltr'>extitit,</span> <span class='ocrx_word' id='word_1_99' title='bbox 556 1296 609 1336; x_wconf 88' lang='lat' dir='ltr'>qui</span> <span class='ocrx_word' id='word_1_100' title='bbox 624 1294 723 1325; x_wconf 82' lang='lat' dir='ltr'>socias</span> <span class='ocrx_word' id='word_1_101' title='bbox 735 1294 887 1325; x_wconf 80' lang='lat' dir='ltr'>hactenus</span> <span class='ocrx_word' id='word_1_102' title='bbox 1039 1296 1161 1325; x_wconf 71' lang='lat' dir='ltr'>moveri.</span> <span class='ocrx_word' id='word_1_103' title='bbox 1474 1292 1569 1322; x_wconf 77' lang='lat' dir='ltr'>Cror.</span> 
     </span>
     <span class='ocr_line' id='line_1_16' title="bbox 227 1340 1615 1384; baseline -0.004 -9"><span class='ocrx_word' id='word_1_104' title='bbox 227 1345 319 1375; x_wconf 88' lang='lat' dir='ltr'>urbes</span> <span class='ocrx_word' id='word_1_105' title='bbox 333 1344 372 1374; x_wconf 90' lang='lat' dir='ltr'>ad</span> <span class='ocrx_word' id='word_1_106' title='bbox 388 1354 474 1384; x_wconf 86' lang='lat' dir='ltr'>spem</span> <span class='ocrx_word' id='word_1_107' title='bbox 488 1343 651 1379; x_wconf 84' lang='lat' dir='ltr'>libertatis,</span> <span class='ocrx_word' id='word_1_108' title='bbox 667 1342 814 1384; x_wconf 85' lang='lat' dir='ltr'>cupidine</span> <span class='ocrx_word' id='word_1_109' title='bbox 832 1343 886 1373; x_wconf 92' lang='lat' dir='ltr'>do—</span> <span class='ocrx_word' id='word_1_110' title='bbox 1000 1342 1138 1382; x_wconf 49' lang='lat' dir='ltr'>Lyncum]</span> <span class='ocrx_word' id='word_1_111' title='bbox 1171 1341 1254 1372; x_wconf 85' lang='lat' dir='ltr'>Hinc</span> <span class='ocrx_word' id='word_1_112' title='bbox 1270 1346 1399 1382; x_wconf 74' lang='lat' dir='ltr'>apparet</span> <span class='ocrx_word' id='word_1_113' title='bbox 1414 1340 1615 1381; x_wconf 82' lang='lat' dir='ltr'>Tragoediam</span> 
     </span>
     <span class='ocr_line' id='line_1_17' title="bbox 229 1390 1615 1429; baseline -0.003 -6"><span class='ocrx_word' id='word_1_114' title='bbox 229 1392 416 1427; x_wconf 78' lang='lat' dir='ltr'>minationis,</span> <span class='ocrx_word' id='word_1_115' title='bbox 446 1397 598 1429; x_wconf 76' lang='lat' dir='ltr'>erexerat,</span> <span class='ocrx_word' id='word_1_116' title='bbox 637 1398 670 1423; x_wconf 87' lang='lat' dir='ltr'>ut</span> <span class='ocrx_word' id='word_1_117' title='bbox 698 1392 807 1422; x_wconf 82' lang='lat' dir='ltr'>Florus</span> <span class='ocrx_word' id='word_1_118' title='bbox 835 1391 890 1422; x_wconf 79' lang='lat' dir='ltr'>ait.</span> <span class='ocrx_word' id='word_1_119' title='bbox 957 1391 1106 1422; x_wconf 85' lang='lat' dir='ltr'>Medeam</span> <span class='ocrx_word' id='word_1_120' title='bbox 1131 1391 1282 1421; x_wconf 82' lang='lat' dir='ltr'>Amorum</span> <span class='ocrx_word' id='word_1_121' title='bbox 1302 1390 1396 1420; x_wconf 85' lang='lat' dir='ltr'>libros</span> <span class='ocrx_word' id='word_1_122' title='bbox 1420 1400 1486 1420; x_wconf 85' lang='lat' dir='ltr'>esse</span> <span class='ocrx_word' id='word_1_123' title='bbox 1508 1390 1615 1420; x_wconf 84' lang='lat' dir='ltr'>subse-</span> 
     </span>
     <span class='ocr_line' id='line_1_18' title="bbox 231 1438 1617 1478; baseline -0.002 -6"><span class='ocrx_word' id='word_1_124' title='bbox 231 1443 358 1472; x_wconf 65' lang='lat' dir='ltr'>chrL.</span> <span class='ocrx_word' id='word_1_125' title='bbox 957 1446 1078 1471; x_wconf 77' lang='lat' dir='ltr'>cutam:</span> <span class='ocrx_word' id='word_1_126' title='bbox 1104 1439 1135 1469; x_wconf 84' lang='lat' dir='ltr'>in</span> <span class='ocrx_word' id='word_1_127' title='bbox 1159 1438 1279 1469; x_wconf 79' lang='lat' dir='ltr'>Bacchi</span> <span class='ocrx_word' id='word_1_128' title='bbox 1302 1439 1384 1468; x_wconf 89' lang='lat' dir='ltr'>enim</span> <span class='ocrx_word' id='word_1_129' title='bbox 1408 1438 1468 1468; x_wconf 83' lang='lat' dir='ltr'>fide</span> <span class='ocrx_word' id='word_1_130' title='bbox 1488 1438 1617 1478; x_wconf 80' lang='lat' dir='ltr'>Tragoe—</span> 
     </span>
     <span class='ocr_line' id='line_1_19' title="bbox 277 1488 1618 1530; baseline -0.004 -9"><span class='ocrx_word' id='word_1_131' title='bbox 277 1491 326 1521; x_wconf 91' lang='grc'>17.</span> <span class='ocrx_word' id='word_1_132' title='bbox 352 1490 497 1530; x_wconf 79' lang='lat' dir='ltr'>Corniger</span> <span class='ocrx_word' id='word_1_133' title='bbox 520 1490 667 1529; x_wconf 75' lang='lat' dir='ltr'>increpuit</span> <span class='ocrx_word' id='word_1_134' title='bbox 696 1490 795 1529; x_wconf 73' lang='lat' dir='ltr'>thyrso</span> <span class='ocrx_word' id='word_1_135' title='bbox 815 1500 888 1529; x_wconf 71' lang='lat' dir='ltr'>gra-</span> <span class='ocrx_word' id='word_1_136' title='bbox 957 1488 1029 1519; x_wconf 85' lang='lat' dir='ltr'>diae.</span> <span class='ocrx_word' id='word_1_137' title='bbox 1084 1488 1201 1518; x_wconf 84' lang='lat' dir='ltr'>Firmat</span> <span class='ocrx_word' id='word_1_138' title='bbox 1236 1488 1446 1529; x_wconf 83' lang='lat' dir='ltr'>conjecturam</span> <span class='ocrx_word' id='word_1_139' title='bbox 1483 1492 1618 1517; x_wconf 82' lang='lat' dir='ltr'>nostram</span> 
     </span>
     <span class='ocr_line' id='line_1_20' title="bbox 231 1534 1510 1579; baseline -0.005 -8"><span class='ocrx_word' id='word_1_140' title='bbox 231 1542 310 1571; x_wconf 67' lang='lat' dir='ltr'>viare</span> <span class='ocrx_word' id='word_1_141' title='bbox 342 1539 465 1579; x_wconf 76' lang='lat' dir='ltr'>Lyoens:</span> <span class='ocrx_word' id='word_1_142' title='bbox 504 1538 662 1568; x_wconf 74' lang='lat' dir='ltr'>Pulsanda</span> <span class='ocrx_word' id='word_1_143' title='bbox 698 1544 740 1567; x_wconf 77' lang='lat' dir='ltr'>cst</span> <span class='ocrx_word' id='word_1_144' title='bbox 776 1539 892 1578; x_wconf 79' lang='lat' dir='ltr'>magnis</span> <span class='ocrx_word' id='word_1_145' title='bbox 959 1538 1046 1568; x_wconf 88' lang='lat' dir='ltr'>loeus</span> <span class='ocrx_word' id='word_1_146' title='bbox 1062 1537 1180 1577; x_wconf 81' lang='lat' dir='ltr'>Elegiae</span> <span class='ocrx_word' id='word_1_147' title='bbox 1197 1536 1303 1578; x_wconf 84' lang='lat' dir='ltr'>primae</span> <span class='ocrx_word' id='word_1_148' title='bbox 1316 1535 1409 1577; x_wconf 82' lang='lat' dir='ltr'>hujus</span> <span class='ocrx_word' id='word_1_149' title='bbox 1423 1534 1510 1565; x_wconf 83' lang='lat' dir='ltr'>libri:</span> 
     </span>
     <span class='ocr_line' id='line_1_21' title="bbox 232 1584 1618 1627; baseline -0.004 -9"><span class='ocrx_word' id='word_1_150' title='bbox 232 1600 303 1619; x_wconf 76' lang='lat' dir='ltr'>aren</span> <span class='ocrx_word' id='word_1_151' title='bbox 317 1589 409 1627; x_wconf 79' lang='lat' dir='ltr'>major</span> <span class='ocrx_word' id='word_1_152' title='bbox 424 1586 530 1627; x_wconf 49' lang='lat' dir='ltr'>equis]</span> <span class='ocrx_word' id='word_1_153' title='bbox 577 1586 645 1616; x_wconf 90' lang='lat' dir='ltr'>Hoc</span> <span class='ocrx_word' id='word_1_154' title='bbox 669 1585 746 1616; x_wconf 79' lang='lat' dir='ltr'>dicit</span> <span class='ocrx_word' id='word_1_155' title='bbox 768 1590 892 1626; x_wconf 82' lang='lat' dir='ltr'>propter</span> <span class='ocrx_word' id='word_1_156' title='bbox 1009 1586 1156 1627; x_wconf 67' lang='lat' dir='ltr'>Exiguum.</span> <span class='ocrx_word' id='word_1_157' title='bbox 1171 1586 1234 1615; x_wconf 74' lang='lat' dir='ltr'>vati</span> <span class='ocrx_word' id='word_1_158' title='bbox 1245 1586 1367 1616; x_wconf 78' lang='lat' dir='ltr'>concede</span> <span class='ocrx_word' id='word_1_159' title='bbox 1378 1584 1535 1625; x_wconf 76' lang='lat' dir='ltr'>Trugoedia</span> <span class='ocrx_word' id='word_1_160' title='bbox 1548 1590 1618 1614; x_wconf 78' lang='lat' dir='ltr'>tem-</span> 
     </span>
     <span class='ocr_line' id='line_1_22' title="bbox 228 1632 1576 1677; baseline -0.003 -11"><span class='ocrx_word' id='word_1_161' title='bbox 228 1635 441 1677; x_wconf 74' lang='lat' dir='ltr'>Tragoediam,</span> <span class='ocrx_word' id='word_1_162' title='bbox 458 1645 552 1676; x_wconf 83' lang='lat' dir='ltr'>quam</span> <span class='ocrx_word' id='word_1_163' title='bbox 570 1639 636 1665; x_wconf 81' lang='lat' dir='ltr'>erat</span> <span class='ocrx_word' id='word_1_164' title='bbox 658 1644 830 1676; x_wconf 76' lang='lat' dir='ltr'>aggressus,</span> <span class='ocrx_word' id='word_1_165' title='bbox 847 1639 893 1665; x_wconf 80' lang='lat' dir='ltr'>at-</span> <span class='ocrx_word' id='word_1_166' title='bbox 1046 1645 1112 1674; x_wconf 75' lang='lat' dir='ltr'>pus.</span> <span class='ocrx_word' id='word_1_167' title='bbox 1127 1634 1186 1664; x_wconf 62' lang='grc' dir='ltr'>ἃς.</span> <span class='ocrx_word' id='word_1_168' title='bbox 1444 1632 1576 1663; x_wconf 68' lang='grc' dir='ltr'>ΒουΖΑ.</span> 
     </span>
    </p>
   </div>
   <div class='ocr_carea' id='block_1_4' title="bbox 246 1684 647 1728">
    <p class='ocr_par' dir='ltr' id='par_1_6' title="bbox 246 1684 647 1728">
     <span class='ocr_line' id='line_1_23' title="bbox 246 1684 647 1728; baseline -0.007 -11"><span class='ocrx_word' id='word_1_169' title='bbox 246 1697 296 1728; x_wconf 68' lang='lat' dir='ltr'>lue</span> <span class='ocrx_word' id='word_1_170' title='bbox 311 1684 526 1716; x_wconf 84' lang='lat' dir='ltr'>intermiserat.</span> <span class='ocrx_word' id='word_1_171' title='bbox 555 1684 647 1715; x_wconf 73' lang='lat' dir='ltr'>Cror.</span> 
     </span>
    </p>
   </div>
  </div>
 </body>
</html>
