1849 3198
233 175 318 216 290

621 174 671 215 P.
707 173 918 215 OVIDII
954 173 1236 215 NASONIS

238 290 335 338 Ter
359 290 477 336 mihi
499 292 602 353 J'am
628 290 829 337 veniens
855 290 1042 353 positas
1070 287 1377 351 Hymenaeus
1403 290 1465 336 ad
1491 305 1599 338 aras

309 366 347 413 F
352 366 484 429 ugit3
525 373 576 413 et
600 382 627 413 e
650 366 856 414 thalami
880 366 1048 413 limine
1074 372 1216 427 terga
1238 365 1393 413 dedit.

239 442 439 505 Vixque
459 458 607 490 manu
632 443 775 506 pigra
801 443 948 490 toties
974 442 1136 489 infusa
1159 450 1423 505 resurgunt

308 519 543 568 Lumina:
583 521 666 567 vix
693 528 826 567 moto
852 520 1054 582 corripit
1080 520 1193 581 igne
1219 519 1369 567 faces.

1536 523 1629 567 160

241 597 388 660 Saepe
409 598 655 645 coronatis
682 598 870 644 stillant
893 603 1148 659 unguenta
1171 597 1380 660 capillis,

307 672 373 720 Et
395 675 606 722 trahitur
629 676 786 722 multo
811 674 1073 738 splendida
1095 675 1228 737 palla
1251 690 1414 722 croco,

240 750 371 798 Cum
394 752 560 815 tetigit
582 752 749 808 limen,
776 751 1004 799 lacrimas
1029 751 1304 814 mortisque
1328 751 1556 798 timorem

307 828 507 887 Cernit;
548 836 598 876 et
623 845 652 877 a
675 830 811 876 cultu
837 830 994 876 multa
1017 835 1209 876 remota
1232 845 1338 875 suo.

240 904 448 969 Projicit
471 906 579 971 ipse
604 923 719 954 suas
745 907 961 955 deducta
985 906 1144 954 fronte
1169 921 1393 962 coronas,

1537 907 1628 953 165

307 982 584 1047 Spissaque
608 985 671 1032 de
697 984 864 1032 nitidis
888 985 1038 1047 tergit
1062 999 1258 1032 amoma
1281 984 1453 1031 comis,

241 1058 307 1107 Et
330 1061 487 1124 pudet
510 1062 560 1108 in
584 1063 711 1110 tristi
735 1063 905 1110 laetum
930 1077 1229 1124 consurgere
1252 1061 1399 1108 turba
1420 1077 1430 1108 :

305 1136 506 1201 Quique
531 1147 637 1186 erat
660 1139 709 1185 in
734 1139 887 1203 palla,
913 1140 1090 1186 transit
1114 1139 1163 1185 in
1188 1153 1274 1185 ora
1295 1139 1458 1185 rubor-

239 1213 307 1261 At
329 1214 450 1261 mihi
475 1216 569 1277 (vae
595 1216 788 1263 miserae
806 1216 840 1277 !)
876 1221 1123 1263 torrentur
1146 1214 1367 1262 febribus
1396 1221 1559 1262 artus:

306 1289 373 1338 Et
396 1291 592 1353 gravius
611 1293 749 1356 justo
775 1292 925 1356 pallia
949 1292 1144 1356 pondus
1169 1292 1371 1339 habent.

1538 1294 1628 1339 170

242 1365 528 1431 Nostraque
554 1369 805 1432 plorantes
830 1369 974 1417 video
999 1385 1149 1433 super
1173 1385 1259 1416 ora
1282 1376 1544 1432 parentes:

307 1442 388 1501 Et,
415 1444 522 1493 face
548 1462 637 1509 pro
662 1446 882 1502 thalami,
909 1446 992 1493 fax
1018 1446 1137 1493 mihi
1162 1446 1333 1493 mortis
1359 1446 1518 1494 adest.

242 1519 399 1568 Parce
425 1522 683 1578 laboranti,
712 1523 847 1586 picta
877 1523 987 1570 Dea
1010 1524 1124 1570 laeta
1147 1523 1411 1586 pharetra3

309 1597 488 1661 Daque
514 1600 817 1648 salutiferam
837 1602 942 1663 jam
967 1600 1088 1647 mihi
1113 1600 1274 1647 fratris
1299 1616 1464 1664 opem„

286 1786 358 1817 157.
385 1787 501 1818 Positas
517 1789 697 1829 Hymemrus
720 1791 759 1820 ad
780 1790 897 1831 aurea]

239 1835 287 1865 Ad
317 1846 385 1866 aras
410 1846 482 1867 cum
505 1837 762 1869 Slichtenhorstio
790 1838 898 1879 legen-

239 1883 327 1915 dum.
357 1885 531 1917 Hnmsms.
576 1887 670 1918 Certe
694 1887 751 1918 hoc
778 1887 900 1924 melius,

238 1943 333 1974 quam
348 1944 419 1965 cum
442 1934 511 1966 aliis
535 1935 731 1978 interpretari
755 1936 795 1967 ad
811 1946 901 1968 aures

239 1982 430 2021 dormientis,
453 1984 519 2016 sive
541 1996 644 2027 aegrae,
672 1986 705 2016 id
732 1992 779 2017 est
800 1988 899 2026 positae

239 2031 413 2074 Cydippes.
459 2034 609 2065 Francius
631 2035 780 2071 malebat,
797 2037 901 2075 positis

240 2080 421 2122 Hymenaeus
436 2085 473 2113 ab
487 2085 559 2115 aris.
605 2083 716 2115 Douza
731 2084 825 2115 etiam
845 2097 900 2116 au-

239 2140 289 2160 ras
304 2129 450 2162 faciebat.

286 2179 358 2209 159.
384 2179 525 2221 [tisiam]
552 2179 615 2211 Vix
630 2180 775 2212 Latinum
790 2188 847 2213 est.
870 2189 901 2213 et

240 2227 322 2268 loqui
338 2227 376 2258 de
389 2228 511 2260 facibus
521 2229 654 2261 videtur.
673 2231 760 2266 forte,
774 2233 903 2266 incussa,

240 2276 414 2308 HmNsms.
461 2278 563 2314 Forte,
589 2281 692 2309 totiens
713 2281 830 2311 incensa
856 2293 902 2311 *re-

240 2328 329 2355 sumit
353 2328 489 2363 litamina,⁴
515 2333 549 2357 ut
565 2328 604 2358 ad
626 2328 833 2369 Hymenaeum
856 2342 902 2361 rc-

242 2374 390 2405 ferantur.
408 2375 452 2406 sic
470 2375 492 2406 i.
510 2375 617 2407 Amor.
636 2376 657 2406 i.
677 2377 708 2406 8.

288 2424 416 2454 Ventilet

318 2474 418 2514 faces.

245 2522 390 2554 Francius
419 2523 553 2558 volebat,
581 2525 716 2565 pensum.
746 2526 770 2556 si
799 2526 899 2567 infusa

241 2577 321 2601 esset
348 2571 556 2608 retinendum,
583 2574 774 2613 subintelligi
807 2575 897 2605 debet

240 2621 312 2650 aleo.
352 2626 385 2650 ut
422 2621 555 2652 dicimus
580 2623 726 2663 perfundi
762 2627 828 2653 vim·
862 2624 900 2654 <le

241 2670 343 2707 eb1·io;
369 2670 422 2700 scd
440 2671 564 2711 ttql'umli
591 2675 658 2702 r1‘1'710
684 2673 815 2703 mimula
836 2674 898 2714 jani

459 2436 594 2455 ascensus
627 2427 714 2466 flava
762 2428 899 2457 Minerva

971 1788 1148 1820 Latinitatis
1174 1796 1205 1820 et
1229 1787 1364 1830 corrupti
1392 1787 1541 1819 sermonis
1563 1798 1631 1819 esse

969 1838 1157 1869 locutionem
1173 1837 1295 1868 censuit
1303 1837 1323 1868 J
1327 1848 1404 1868 anus
1417 1836 1631 1868 Broukhusius

969 1887 1009 1919 ad
1024 1887 1129 1918 Tibul.
1145 1887 1167 1917 i.
1184 1887 1220 1918 ii.
1238 1888 1271 1918 3.
1295 1887 1415 1917 Bunm.

1016 1938 1088 1968 162.
1114 1936 1278 1975 Splendida.
1299 1937 1384 1976 palla
1407 1935 1520 1976 croco]
1549 1935 1631 1966 Puto

967 1987 1146 2018 flammeum
1162 1985 1307 2027 intelligi,
1323 1984 1407 2027 quod
1422 1996 1509 2016 novae
1525 1990 1629 2027 nuptae

967 2036 1136 2077 gerebant:
1161 2035 1193 2066 id
1209 2036 1292 2067 enim
1306 2034 1407 2066 crocei
1425 2034 1535 2066 coloris
1549 2040 1629 2065 erat.

968 2086 1113 2118 Lucanus
1149 2087 1263 2116 luteum
1292 2090 1402 2115 vocat:
1445 2089 1481 2115 ut
1513 2083 1569 2116 lib.
1597 2083 1631 2115 ii.

968 2136 1045 2166 261.

1014 2184 1113 2214 Lutea
1149 2185 1282 2214 demissos
1317 2183 1457 2213 velarunt
1485 2182 1631 2223 flammea

1058 2234 1172 2263 vallus.
1462 2230 1588 2262 MICYL.

973 2281 1048 2312 Vid.
1064 2282 1103 2312 ad
1121 2282 1246 2312 Petron.
1258 2291 1329 2323 cap.
1347 2280 1432 2311 xxvi.

1020 2331 1090 2360 172.
1128 2331 1181 2366 Et,
1202 2331 1278 2371 jizce
1303 2341 1358 2369 pro
1388 2330 1524 2365 thalami,
1552 2330 1628 2370 δῖα]

975 2379 1134 2410 Verbatim
1150 2379 1213 2410 sere
1227 2378 1450 2410 Aristenaetus:
1469 2380 1533 2410 Καὶ
1549 2380 1632 2420 πρὸς

971 2428 1122 2470 ἐκφορὰν,
1135 2428 1208 2460 ἀντὶ
1222 2428 1466 2470 νυμφαγωγίας,
1479 2427 1508 2458 oi
1524 2428 1632 2460 medv-

972 2489 1022 2514 τες
1039 2478 1154 2519 ἐώρων.
1178 2477 1295 2508 Amn.

1016 2527 1087 2556 174.
1114 2527 1260 2567 Fratris]
1285 2526 1454 2568 Apollinis.
1476 2525 1529 2566 qui
1546 2525 1629 2567 apud

971 2576 1050 2606 hunc
1066 2575 1213 2606 Nostrum
1229 2575 1287 2606 lib.
1302 2575 1324 2606 i.
1343 2574 1553 2615 Metamorpli.
1567 2573 1609 2604 ait
1624 2586 1629 2603 :

1016 2625 1172 2654 Inventum
1196 2626 1339 2655 medicina
1369 2635 1459 2654 meum
1488 2630 1539 2659 est,
1558 2623 1629 2662 Opi-

1046 2674 1157 2714 serque
1174 2685 1225 2712 per
1244 2677 1335 2703 ‹si-(mm
