1849 3198
431 486 536 534 CL.
576 486 883 534 RICARDI
925 485 1265 534 BENTLEII

215 673 291 720 IN
330 673 576 721 PUBLII
618 673 853 720 OVIDII
893 673 1207 721 NASONIS
1250 673 1491 721 OPERA

554 860 1150 916 EMENDATIONES,

151 1044 267 1069 NUNC
292 1044 468 1068 PRIMUM
498 1044 653 1069 EDITAE.
708 1044 947 1069 DECERPTAE
977 1044 1088 1069 SUNT
1118 1045 1144 1069 E
1175 1043 1376 1069 MARGINE
1408 1043 1553 1068 EXEM·

210 1107 336 1131 PLAR.
364 1107 631 1131 BENTLEIAN.
664 1107 810 1131 EDITT.
843 1107 1018 1131 HEINSII
1050 1107 1106 1131 ΕΤ
1132 1107 1393 1132 BURMANNI:
1424 1106 1555 1130 UTRO-

209 1169 293 1199 QUE
316 1170 364 1194 IN
383 1169 525 1194 MUSEO
544 1169 809 1194 BRITTANICO
828 1169 1033 1195 SERVATO.

723 1310 984 1344 4

561 1450 879 1489 HEROIDUM
911 1451 1088 1489 EPIST.
1120 1451 1151 1487 Ι.

200 1573 220 1602 2
245 1571 301 1602 Nil
314 1571 391 1601 mihi
406 1570 558 1602 rescribas
575 1577 609 1601 tu
625 1576 741 1608 tamen,

200 1626 220 1655 4
241 1625 268 1655 T
270 1626 336 1667 roja
345 1626 432 1667 jacet
447 1630 531 1656 certe
547 1627 635 1656 denos
649 1627 758 1656 obsessa
771 1637 825 1665 per
841 1637 933 1656 annos

198 1679 220 1709 6
243 1679 384 1710 Obrutus
401 1679 507 1720 OEgaeis
523 1678 590 1719 (vel
606 1678 750 1717 incanis.)

180 1733 219 1763 13
368 1733 546 1773 glomeratos
560 1731 658 1762 Troas

179 1787 220 1816 15
416 1785 563 1816 narrabat
577 1797 595 1814 a
610 1785 736 1815 vulnere
751 1784 868 1815 victum
881 1797 889 1822 ;

181 1839 220 1869 16
242 1837 432 1869 Antilochus
446 1837 543 1868 nostri
559 1849 649 1868 causa
662 1839 771 1868 doloris
786 1843 868 1868 erat:

178 1893 219 1923 27
244 1893 344 1924 Grata
359 1892 461 1924 ferunt
476 1897 577 1931 nuptae
596 1891 664 1932 [vel
678 1902 786 1931 sponsae
801 1892 874 1922 MS.
888 1891 948 1931 D.]

178 1946 219 1976 28
242 1945 306 1982 Illi,
322 1947 441 1986 quisque
456 1944 741 1986 suis,fortiafacta
757 1949 884 1975 canunt.

180 2000 221 2030 40
501 1998 642 2039 proditus
655 1998 709 2028 ille
726 2005 818 2028 metu.

181 2053 222 2082 47
421 2052 525 2082 Graiis
540 2051 673 2093 disjecta
687 2051 814 2082 lacertis
841 2051 952 2091 [Rem.
967 2050 1037 2089 66.]

181 2107 222 2137 48
376 2115 482 2135 murus
498 2106 555 2145 qud
572 2107 653 2135 stetit
669 2110 755 2140 ante,
777 2104 888 2144 [Trist.
900 2103 943 2134 iii.
962 2104 1011 2133 11.
1025 2101 1093 2141 23.]

181 2162 222 2192 52
246 2161 356 2191 Accola
371 2160 496 2201 captivo

180 2214 222 2245 65
459 2213 569 2254 Sparte
585 2223 709 2254 quoque
726 2212 833 2242 nescia
848 2212 948 2242 vestri.
975 2209 1086 2250 [Trist.
1101 2207 1144 2238 iii.
1161 2209 1192 2239 3.
1208 2209 1278 2248 26.]

178 2268 220 2298 66
244 2268 332 2304 Quas
347 2267 458 2296 habites
471 2271 580 2301 terras,
598 2271 651 2296 aut
665 2265 718 2296 ubi
734 2265 838 2297 lentus
849 2266 943 2306 agas?

182 2322 223 2351 82
247 2320 353 2361 Cogit,
371 2325 403 2350 et
417 2320 526 2349 invisas
545 2318 627 2358 [xix.
643 2318 734 2358 210.]

183 2375 223 2404 83
418 2378 473 2402 tua
488 2374 552 2408 sim,
568 2377 624 2402 tua
638 2370 728 2401 dicar

178 2428 218 2458 91
503 2424 718 2466 Medontaque
734 2426 830 2460 dium,
848 2423 915 2464 (vel
931 2421 1149 2462 Medontaque
1165 2419 1281 2459 dicam)

164 2481 224 2511 100
248 2480 334 2510 Dum
352 2485 451 2520 parat,
467 2479 584 2520 ignaris
597 2477 751 2514 omnibus,

162 2534 222 2564 103
249 2533 319 2564 Huc
335 2532 453 2563 faciunt

165 2587 224 2618 105
527 2585 581 2625 qui
597 2585 636 2615 sit
650 2584 770 2615 inutilis
785 2587 882 2615 annis.

165 2641 224 2670 107
248 2640 426 2680 Transpone
449 2639 518 2674 107,
541 2639 612 2674 108,
628 2643 659 2669 et
678 2639 749 2674 109,
770 2639 840 2668 110.

165 2695 226 2724 110
248 2694 297 2724 Tu
313 2695 390 2723 citus
405 2694 557 2723 advenias.
606 2692 682 2733 [Ep.
698 2704 728 2723 v-
743 2692 811 2731 57.]

249 2747 305 2786 Spe
320 2745 411 2776 citius
424 2745 542 2776 venias.
561 2745 666 2785 [Fast.
682 2745 739 2784 iv.]
