1849 3198
279 179 298 208 4
680 176 887 209 BENTLEII
910 176 1276 208 EMENDATIONES.

846 284 1025 322 EPIST.
1055 284 1106 322 V.

323 370 342 399 6
601 368 685 410 quod
698 366 775 398 mihi
789 369 871 398 sidus
885 368 987 398 abest.
1015 366 1098 408 [viii.
1113 367 1185 407 88.]

324 424 342 452 8
369 422 427 453 Cui
443 421 529 452 venit
543 421 679 463 indignae
699 421 774 463 [Ep.
790 421 832 452 iv.
848 420 918 461 26.]

303 476 344 506 33
368 475 430 506 Illa
443 475 510 506 dies
524 482 590 506 ater
605 474 726 507 miserae
742 474 820 505 mihi
835 475 933 505 luxit:
958 474 998 505 ab
1012 474 1065 503 illo

304 529 345 560 35
371 529 437 563 Quo
454 530 562 560 Venus

305 583 343 613 41
669 582 769 614 classe
782 588 905 622 parata,

306 636 347 667 45
626 641 745 667 nostros
758 637 890 676 pressisti
904 636 1007 667 flentis
1020 635 1153 673 ocellos3

305 690 346 720 62
627 689 790 730 aequoreiis
803 691 855 720 ille
869 691 973 720 residit
988 689 1088 730 aquis.
1106 687 1164 729 [cs.
1178 700 1209 719 x.
1224 687 1294 727 25.]

306 743 347 773 68
373 742 532 774 Faemineos
547 742 816 783 (velfaemineum)
832 742 909 779 vidi,
924 742 1017 773 corde
1037 747 1199 778 tremente,
1213 750 1319 782 greges
1336 738 1404 780 (vel
1417 738 1567 780 gregem.)

307 797 348 827 83
375 797 438 827 Nec
453 802 568 827 tamen.
612 796 685 826 MS.
700 796 774 827 Rel.

308 850 349 880 89
672 851 714 880 ibi
730 850 817 880 nulla
831 855 979 891 parantur

291 904 346 933 121
376 903 434 932 Vox
449 902 557 934 eratin
573 913 678 940 cursu,
695 908 755 934 etc.

291 958 350 988 125
372 957 419 987 Sit
434 957 513 988 facie
528 956 671 998 quamvis
682 959 850 999 praesignis,

289 1012 350 1042 126
374 1011 521 1042 Deseruit
535 1013 621 1041 socios
635 1009 756 1052 hospite
772 1016 877 1053 capta,
893 1017 980 1041 coros.

290 1065 348 1094 141
694 1063 763 1106 rupi
781 1066 867 1103 prius

293 1119 351 1149 152
376 1118 495 1153 Fertur,
511 1123 543 1148 et
557 1129 571 1148 e
586 1122 689 1148 nostro

845 1191 1021 1229 EPIST.
1054 1191 1127 1227 VI.

313 1268 350 1297 15
673 1264 881 1301 credentibus,
894 1266 953 1303 ipse

314 1321 352 1350 18
378 1318 528 1360 Offi'cz'um,
545 1328 658 1349 maneo

310 1374 352 1403 24
379 1373 466 1404 Venit
481 1379 509 1402 et
526 1378 562 1402 ut
576 1376 694 1402 tactum

311 1427 353 1456 29
547 1423 754 1465 timidumque
770 1424 846 1455 Deos
857 1424 960 1466 jurare
976 1424 1076 1465 co'tigi.

312 1480 352 1511 37
377 1480 519 1510 Restabat
533 1489 649 1518 serpens
668 1479 764 1518 [Met.
780 1478 801 1509 i.
818 1479 898 1516 7003
921 1478 955 1509 ii.
973 1479 1046 1509 655.
1062 1478 1147 1509 Fast.
1163 1488 1194 1509 v.
1212 1477 1303 1517 361.]

313 1534 354 1564 38
569 1531 725 1562 alternant
738 1541 871 1572 spesque
887 1531 1039 1572 timorque
1054 1533 1159 1562 vicem.

312 1587 353 1616 39
652 1584 756 1614 studio
771 1595 900 1615 cursune
916 1583 1079 1625 loquendi,

312 1639 354 1669 40
377 1637 506 1679 Detegit
520 1640 630 1668 indicio
645 1637 776 1668 vulnera
789 1643 901 1667 nostra.

380 1692 469 1733 (MS.
486 1692 528 1722 D.
542 1693 624 1728 '⁷‘zra‚·
651 1691 722 1721 MS.
737 1690 909 1731 Re1.facta
924 1696 992 1731 post
1005 1689 1138 1731 rasura.)

314 1746 355 1776 5⁴2
676 1745 792 1785 pellere
808 1750 940 1774 transtra
957 1754 1064 1775 manu.

314 1800 355 1829 55
526 1798 626 1828 virum
641 1799 733 1828 vidua
750 1798 877 1837 lectoque
893 1797 1058 1838 animoque
1074 1797 1177 1838 recepi
1191 1810 1196 1827 :
1225 1796 1273 1838 [ii.
1288 1796 1360 1836 57.]

315 1853 355 1882 58
380 1850 521 1892 Implesti
536 1850 682 1892 lacrymis
696 1850 770 1881 talia
785 1851 881 1881 verba
895 1853 955 1881 suis
973 1851 1073 1890 [Met.
1090 1850 1155 1881 xiii.
1170 1850 1331 1881 586.—cf.
1346 1860 1399 1881 xx.
1414 1849 1483 1889 76]

317 1905 358 1935 63
786 1905 960 1935 cadentibus
977 1915 1040 1940 ora,

316 1958 357 1988 66
638 1964 723 1988 vento
737 1967 874 1988 concava
888 1958 959 1988 vela
974 1963 1097 1988 tument.

317 2012 357 2041 68
678 2012 900 2050 ρι’()5])ἱεὶεηίιιν
916 2021 1017 2052 aquae.
1035 2011 1080 2051 [v.
1096 2011 1166 2051 63.]

316 2065 357 2095 76
382 2065 505 2095 Dedolet
521 2069 615 2105 atque
630 2064 675 2094 ira
700 2064 756 2104 [iv.
775 2065 845 2095 155.
861 2065 931 2094 Art.
946 2064 978 2094 ii.
994 2064 1066 2104 55.]

317 2118 356 2148 77
679 2117 762 2158 quod
777 2118 890 2148 I'zisona
903 2119 1035 2157 perdam.

317 2171 357 2201 78
382 2170 493 2201 Hostia
508 2180 561 2212 pro
577 2169 700 2200 damnis
714 2172 847 2201 concidet

316 2226 356 2254 82
382 2224 453 2254 Non
469 2229 615 2263 expectato
633 2222 704 2262 [xii.
722 2223 813 2263 182.]

317 2278 358 2307 83
383 2277 451 2307 Nec
467 2276 546 2307 facie
560 2276 715 2306 meritisve
730 2276 854 2318 placet3
878 2275 933 2306 sed
948 2278 1084 2307 carmina
1100 2277 1203 2306 volvit.

319 2331 359 2360 87
682 2328 871 2370 obliquaque
876 2329 1018 2370 fulmina
1033 2328 1128 2360 sistit:

319 2384 359 2414 88
681 2381 815 2423 vivaque
831 2391 907 2412 saxa
923 2382 1030 2413 trahit·

318 2437 359 2467 93
682 2435 763 2465 male
779 2435 926 2477 quaeritur
942 2437 1017 2472 istis,

300 2490 360 2519 100
383 2490 421 2520 Se
440 2490 534 2525 υοὶει,·
560 2488 647 2529 (MS.
662 2487 767 2528 Dun.)

300 2543 359 2572 104
382 2544 488 2572 Aurea
502 2541 654 2582 Phryx't3ae
670 2546 756 2581 terga
770 2543 881 2571 revexit
896 2540 973 2571 ovis.

302 2595 358 2624 108
384 2596 523 2630 Quaerat,
541 2599 605 2624 eta
620 2595 687 2632 ripa

387 2648 475 2688 (MS.
490 2647 564 2677 Pria
578 2657 632 2688 pro
647 2646 731 2687 ripa)

301 2702 355 2730 lll
617 2711 671 2730 cm·
687 2710 746 2730 non
760 2709 846 2730 meus
860 2698 932 2729 inde
948 2698 1066 2729 redisti.
1097 2699 1185 2739 (MS.
1203 2699 1298 2737 nel.)
