1849 3198
593 166 644 206 P.
679 165 892 206 OVIDII
926 164 1206 206 NASONIS

210 283 257 330 N
264 300 320 331 ec
347 283 541 330 silicum
565 298 719 337 venae,
747 297 838 328 nec
864 281 1042 328 durum
1068 281 1117 327 in
1142 286 1346 344 pectore
1369 280 1566 335 ferrum,

279 360 326 407 N
333 376 389 408 ec
414 360 505 407 tibi
531 359 823 423 simplicitas
849 359 1020 405 ordine
1045 360 1203 421 major
1227 358 1372 405 inest.
1545 361 1602 405 lo

214 437 467 485 Credibile
494 444 570 484 est
595 443 645 484 et
669 443 718 483 te
745 435 960 482 sensisse
988 435 1252 498 Cupidinis
1279 450 1450 490 arcus;

280 514 340 561 In
365 531 445 561 me
470 513 658 560 militiae
685 513 827 574 signa
850 519 989 559 tuere
1015 519 1129 559 tuae.

216 591 270 638 Si
296 597 501 654 quaeret,
530 590 651 653 quid
678 605 849 651 agam3
895 589 996 652 Spe
1023 588 1182 635 noctis
1208 588 1387 643 vivere,
1415 588 1569 635 dices.

283 668 468 715 Cetera
491 667 586 714 fert
609 666 792 713 blanda
817 681 932 712 cera
955 672 1125 712 notata
1150 681 1316 712 manu.
1549 667 1605 711 14

216 746 351 792 Dum
375 746 568 807 loquor,
596 745 716 790 hora
738 744 881 806 fugit.
920 759 1089 790 vacuae
1119 743 1248 789 bene
1274 743 1425 789 redde
1451 742 1609 788 tabel-

282 822 469 869 Verum
495 821 728 868 continuo
755 820 831 867 fac
857 827 1024 867 tamen
1049 820 1132 866 illa
1155 821 1304 882 legat.

1486 819 1580 880 [las
1595 836 1604 865 :

216 899 480 963 Adspicias
506 899 676 945 oculos
702 897 900 952 mando,
927 897 1241 959 frontemque
1266 896 1494 958 legentis.

286 976 328 1022 E
354 977 506 1023 tacito
530 976 668 1022 vultu
695 975 820 1021 scire
844 973 1009 1020 futura
1030 973 1164 1021 licet.

220 1054 329 1101 Nec
355 1070 519 1100 mora:
559 1052 791 1115 perlectis
818 1052 1058 1098 rescribat
1083 1051 1242 1098 multa
1259 1051 1452 1113 jubeto.

288 1130 404 1186 Odi,
432 1146 546 1177 cum
571 1130 669 1176 late
696 1129 959 1192 splendida
983 1144 1097 1174 cera
1116 1134 1276 1174 vacat.

1549 1131 1613 1173 20

224 1208 537 1272 Comprimat
562 1207 817 1254 ordinibus
843 1223 1032 1269 versus,
1060 1206 1332 1267 oculosque
1359 1210 1582 1251 moretur

288 1285 517 1348 Margine
542 1284 592 1331 in
617 1291 842 1331 extremo
868 1283 1010 1330 litera
1033 1299 1144 1330 rasa
1168 1298 1323 1329 ineos.

222 1475 262 1505 do
279 1475 355 1515 stylo
368 1473 518 1516 impresso
534 1474 738 1506 scribebatur.
778 1475 887 1506 Forma

224 1524 281 1555 suit
292 1524 436 1566 oblonga,
449 1524 602 1566 quadrata
615 1537 623 1563 3
648 1524 797 1555 eminenti
811 1536 887 1566 quo-

223 1573 297 1603 dam
324 1573 463 1613 margine
493 1573 719 1604 circumclusa:
758 1573 889 1604 materia

224 1621 371 1662 vulgaris,
401 1622 503 1652 buxus
532 1627 563 1652 et
592 1632 680 1659 acer3
718 1622 887 1664 pretiosior,

223 1671 347 1706 citrum,
374 1671 460 1701 ebur.
506 1671 629 1702 Calami
654 1671 756 1702 viceni
786 1671 818 1701 in
842 1671 889 1702 his

223 1720 302 1761 gerit
329 1721 504 1762 graphium,
533 1720 597 1751 sive
625 1721 743 1761 stylus,-
777 1726 843 1751 tum
871 1731 888 1750 e

225 1768 314 1805 ferro,
343 1775 410 1799 tum
447 1780 485 1800 ex
525 1780 607 1807 aere3
644 1769 697 1811 qui
735 1770 818 1800 enim
850 1780 888 1800 ex

224 1828 312 1853 auro,
342 1817 441 1848 veluti
468 1818 673 1859 chrystallina
701 1824 732 1849 et
760 1818 889 1859 onychi-

224 1876 266 1896 na
299 1866 478 1908 pugillaria,
517 1871 605 1897 extra
643 1867 784 1897 ordinem
821 1868 889 1898 fue-

224 1920 310 1946 runt.
356 1916 467 1946 Altera
491 1926 562 1957 pars
588 1921 655 1947 erat
683 1916 722 1946 ad
751 1916 889 1947 scriben-

225 1964 299 1995 dum
324 1971 439 2004 acuta3
463 1966 575 1996 obtusa
597 1966 705 2002 altera,
721 1966 760 1996 ad
783 1966 890 1996 delen-

224 2014 300 2046 dum
312 2027 320 2053 3
345 2026 417 2056 qua,
444 2014 542 2046 veluti
564 2020 738 2046 transverso
760 2016 890 2051 calamo,

224 2063 429 2100 inducebant,
446 2064 692 2105 eradebantque‚
707 2065 730 2095 si
748 2076 817 2106 quae
834 2066 892 2095 mi-

227 2123 285 2143 nus
314 2124 352 2144 ex
381 2114 537 2144 sententia
564 2114 765 2144 videbantur.
813 2115 891 2146 Inde

225 2164 338 2202 stylum
362 2169 493 2202 vertere,
518 2170 564 2194 est
590 2163 748 2199 inducere,
775 2164 891 2200 delere,

226 2223 416 2253 expungere.
461 2213 511 2244 Sic
527 2213 567 2243 de
592 2224 624 2244 se
640 2214 705 2255 ipso
718 2216 892 2255 graphiwn,

229 2260 313 2301 apud
328 2261 470 2302 Sympos.
488 2262 519 2292 in
533 2262 699 2303 :enigmate
713 2275 719 2291 :

272 2310 318 2340 De
333 2321 443 2340 summo
466 2312 586 2350 planus,
603 2314 651 2341 sed
676 2324 731 2341 nou
748 2324 799 2354 ega
825 2315 891 2352 plu-

314 2370 370 2389 nus
387 2371 417 2389 Ul
433 2371 499 2395 lmo,

276 2408 379 2438 l'ersor
408 2411 560 2449 utrimque
592 2422 694 2445 manu,
724 2413 836 2441 diverso
867 2418 894 2441 et

311 2468 435 2487 munere
439 2458 582 2499 fungor:

272 2506 377 2535 Altera
404 2516 475 2544 pars
502 2514 630 2543 revocat,
660 2509 803 2548 quidquid
826 2519 895 2548 pars

313 2554 512 2596 altera-fecit.

229 2603 368 2644 (ii-aphia
384 2614 454 2634 cum
471 2603 677 2645 pugillaribus
693 2605 890 2637 circumfere-

228 2654 304 2683 bant
318 2652 473 2690 Romani3
497 2652 578 2683 unde
600 2653 624 2683 si
648 2653 718 2694 quis
740 2654 822 2685 furor
844 2667 890 2686 re-

227 2701 384 2743 pentinus.
402 2702 441 2733 ad
466 2712 552 2733 arma
570 2703 803 2744 confugiebant,
819 2715 888 2745 qum

957 1480 1045 1505 erant
1059 1475 1090 1506 in
1102 1480 1258 1517 promptu.
1306 1474 1423 1505 Narrat
1437 1474 1567 1509 Seneca,
1580 1472 1619 1503 de

957 1523 1061 1556 Clem.
1090 1524 1110 1554 i.
1143 1525 1193 1554 14.
1243 1523 1410 1554 Erixonem
1439 1522 1619 1564 quemdam,

956 1574 1094 1614 equitem
1108 1574 1297 1608 Romanum,
1314 1573 1389 1614 quia
1411 1573 1509 1603 filium
1530 1583 1620 1602 suum

957 1622 1090 1663 flagellis
1120 1622 1288 1658 occiderat,
1316 1622 1466 1664 populum
1495 1621 1528 1652 in
1557 1621 1621 1651 soro

955 1672 1090 1711 graphiis
1121 1670 1307 1701 confodisse.
1354 1671 1394 1700 Et
1423 1670 1488 1712 ipse
1517 1670 1623 1700 Julius

958 1720 1063 1750 Caesar
1080 1721 1181 1751 Cassii
1196 1720 1361 1751 brachium
1378 1726 1534 1761 arreptum
1549 1731 1622 1761 gra-

954 1770 1023 1809 phio
1039 1770 1170 1811 trajecit.
1204 1769 1286 1800 Vide
1301 1770 1387 1800 Suet.
1403 1770 1457 1799 82.
1503 1768 1622 1799 AtuAn.

1004 1819 1055 1848 10.
1081 1819 1138 1849 Sed
1155 1820 1208 1848 tibi
1223 1820 1396 1858 simplicitas
1411 1820 1514 1848 ordine
1530 1820 1624 1858 ›najot-

960 1868 1065 1908 inest.]
1103 1868 1210 1898 Scribe
1239 1878 1309 1898 cum
1339 1867 1529 1903 melioribus,
1560 1867 1624 1897 Nec

960 1919 1025 1947 tibi.
1056 1918 1140 1948 Nam
1156 1923 1186 1948 et
1201 1917 1233 1948 in
1248 1917 1413 1948 comoediis
1432 1916 1571 1947 subdolae
1588 1926 1625 1947 ac

959 1966 1053 1996 vafrae
1071 1972 1135 1996 tam
1151 1967 1274 1997 ancillae
1291 1978 1385 2008 quam
1400 1965 1480 1997 servi
1495 1966 1625 1997 induce-

959 2015 1086 2046 bantur.
1115 2015 1236 2047 mes.

1004 2065 1058 2095 21.
1099 2065 1281 2105 Comprz'mat
1310 2066 1467 2095 ordinibus
1495 2065 1623 2104 versus]

961 2113 1029 2144 Iloc
1054 2119 1111 2149 est,
1133 2113 1216 2155 ipsos
1231 2124 1337 2144 versus
1359 2113 1423 2143 sive
1450 2113 1550 2143 lineas
1571 2113 1625 2143 ad-

961 2162 1083 2198 denset,
1101 2173 1195 2204 prope
1220 2163 1299 2192 inter
1315 2173 1348 2192 se
1371 2162 1495 2203 jungat,
1510 2168 1544 2192 ut
1567 2162 1628 2192 sint

961 2217 1095 2252 angusta
1118 2222 1153 2241 ac
1170 2212 1293 2241 modica
1313 2210 1392 2243 inter
1417 2211 1506 2241 binos
1522 2222 1628 2242 versus

961 2260 1073 2301 spatia,
1111 2261 1175 2291 sive
1210 2260 1389 2291 interstitia.
1434 2261 1626 2291 memus.

962 2309 1063 2339 Recte
1079 2309 1232 2350 Micyllus
1247 2321 1252 2338 :
1278 2309 1393 2340 locutio
1405 2314 1451 2339 est
1467 2320 1483 2339 e
1499 2319 1531 2340 re
1547 2309 1627 2339 mili-

962 2358 1018 2389 tari
1043 2358 1108 2389 sive
1132 2359 1209 2395 acie,
1226 2370 1295 2400 quae
1320 2358 1480 2389 ordinibus
1503 2358 1627 2389 instrui-

962 2414 1022 2443 tur,
1037 2408 1215 2449 desumpta.
1240 2408 1283 2438 sic
1300 2408 1369 2438 Liv.
1388 2408 1454 2438 viii.
1470 2409 1501 2438 8.
1542 2408 1629 2438 Tria-

964 2459 1003 2487 rii
1021 2460 1304 2499 c011s111·ge111es.ubi
1321 2460 1352 2488 in
1369 2459 1530 2488 intervalla
1549 2459 1630 2488 ordi-

964 2519 1036 2537 num
1051 2519 1173 2537 suorum
1187 2509 1335 2547 principes
1357 2513 1385 2537 et
1406 2508 1534 2538 hastatos
1549 2518 1630 2537 rece-

960 2558 1081 2596 pissent,
1113 2558 1256 2596 catemplo
1283 2558 1450 2596 compressis
1476 2558 1631 2587 ordinibus

962 2607 1042 2636 velut
1073 2606 1252 2636 cluudelmnt
1288 2608 1358 2641 vias,
1389 2617 1505 2645 unoque
1533 2607 1628 2635 conti-

958 2662 1047 2685 nente
1083 2656 1212 2696 agmine,
1242 2657 1272 2686 in
1305 2657 1411 2686 hostem
1445 2656 1631 2685 incidebant.

960 2707 1076 2736 Burin.
