1849 3198
650 246 995 290 HEROIDES.
1028 246 1139 287 ER-
1154 243 1237 287 VI.
1581 243 1638 285 67

248 364 488 428 Vipereos
513 364 688 423 dentes
714 364 763 409 in
789 362 994 409 humum
1020 377 1108 425 pro
1134 360 1322 409 semine
1342 361 1524 424 Jactos,

315 441 381 489 Et
406 441 570 488 subito
595 447 736 488 natos
762 455 899 488 arma
921 438 1095 486 tulisse
1117 437 1246 484 viros
1266 455 1275 485 ε

248 518 541 582 Terrigenas
566 518 794 582 populos,
822 516 951 564 civili
977 514 1141 562 Marte
1166 521 1434 578 peremtos‚
1578 516 1641 560 35

317 595 560 660 Iinplesse
585 595 744 642 aetatis
770 594 871 642 fata
895 593 1071 640 diurna
1095 609 1214 639 suae.

252 671 461 720 Devicto
487 680 734 736 serpente,
762 673 956 727 iterum,
985 671 1025 718 si
1049 671 1179 718 vivat
1204 670 1369 725 Iason,

318 748 614 803 Quaerimus.
655 750 901 797 alternant
925 765 1142 813 spesque
1166 749 1413 811 timorque
1438 746 1604 793 fidem.

254 826 461 889 Singula
485 827 604 874 dum
628 834 820 885 narrat;
859 827 1023 874 studio
1048 842 1298 890 cursuque
1322 823 1575 889 loquendi,

320 903 526 967 Detegit
549 905 747 967 ingenio
770 905 974 951 vulnera
996 903 1128 951 facta
1152 920 1258 950 suo.

1579 902 1643 946 40

253 978 394 1027 Heu!
433 982 518 1028 ubi
542 989 689 1046 pacta
712 981 869 1029 fides?
901 982 986 1029 ubi
1014 980 1328 1028 connubialia
1345 978 1492 1043 jura?

323 1057 529 1122 Faxque
555 1059 648 1106 sub
674 1075 868 1106 arsuros
894 1059 1087 1122 dignior
1106 1059 1175 1106 ire
1199 1057 1377 1121 rogos?

257 1133 304 1181 N
308 1150 372 1181 on
398 1151 490 1198 ego
514 1152 624 1183 sum
649 1136 778 1184 furto
803 1137 892 1184 tibi
918 1138 1132 1200 cognita.
1173 1136 1401 1201 pronuba
1423 1133 1452 1181 J
1458 1150 1556 1180 uno

321 1211 511 1270 Adfuit,
540 1220 589 1261 et
614 1215 756 1262 sertis
781 1222 1007 1280 tempora
1029 1216 1223 1262 vinctus
1250 1213 1469 1278 Hymen.

300 1368 371 1399 ,Mar
392 1369 444 1399 ubi
463 1379 542 1400 mens
555 1371 656 1406 rediit,
676 1376 705 1400 et
725 1376 919 1410 contempsere

341 1426 517 1459 sequentem.

258 1468 393 1499 Remed.
410 1469 485 1499 Am.
502 1469 546 1500 vi.

302 1517 340 1548 In
377 1518 524 1558 liquidnm
551 1520 642 1548 rediit
669 1518 777 1548 athera
808 1519 920 1549 BIartis

343 1579 426 1608 equo.

258 1617 360 1648 Theb.
377 1618 452 1648 664.
469 1629 507 1648 ex
522 1618 595 1648 MS.

303 1669 435 1698 Adon-ato
448 1669 540 1698 rediit
554 1668 687 1709 ingloria
700 1668 791 1697 disco.

260 1717 410 1759 Epicedio
424 1717 456 1747 in
471 1717 610 1747 Drusum
625 1717 701 1747 235.

304 1765 364 1797 Ille
378 1777 457 1797 meus
468 1768 561 1806 periit
573 1777 581 1804 3
599 1767 692 1806 periit
705 1776 788 1795 arma
800 1767 879 1795 inter
895 1771 923 1795 et

347 1827 436 1846 enses.

265 1867 368 1898 Rediit
394 1876 466 1896 vero
494 1867 611 1895 animus
635 1863 799 1906 opponitur
828 1864 925 1903 linqui

263 1918 373 1946 animo.
420 1915 524 1945 Plaut.
538 1914 666 1944 Trucul.
683 1913 758 1943 Act.
774 1912 809 1943 ii.
826 1912 876 1944 Sc.
891 1913 924 1943 4.

264 1966 441 2005 Aclspersisti
463 1965 661 2004 aquam,jam
685 1964 776 1993 rediit
798 1964 927 1993 animus.

264 2015 440 2046 mesms.

307 2065 361 2095 37.
388 2064 513 2094 Devicto
534 2061 697 2101 serpente]
725 2060 774 2091 Sic
798 2060 830 2090 in
849 2070 925 2090 non-

265 2113 371 2144 nullis.
405 2111 460 2143 sed
485 2118 516 2142 et
538 2116 621 2141 recte
645 2112 777 2140 devictus
799 2120 926 2148 serpens.

265 2164 480 2194 NAoossnms.
525 2161 576 2191 Ita
598 2159 724 2201 quidem
747 2160 779 2190 in
802 2158 927 2189 Aldinis

263 2212 388 2254 legitur,
413 2217 448 2242 ut
472 2210 511 2241 sit
535 2220 660 2247 sensus3
684 2214 849 2251 postquam
872 2218 926 2238 au-

265 2268 328 2293 tem
343 2261 498 2292 audissem
513 2260 640 2290 tandem
659 2259 753 2290 etiam
769 2257 927 2289 devictum

267 2312 456 2346 Draconem,
485 2309 549 2340 sive
586 2310 779 2350 Serpentem,
813 2317 831 2337 a
868 2317 928 2348 quo

267 2359 499 2391 custodiebatur
535 2358 646 2395 vellus,
682 2360 742 2388 ἃς.
800 2358 928 2392 Iterum,

268 2421 330 2452 prce
360 2409 467 2439 timore
497 2419 532 2438 ac
562 2406 770 2438 sollicitudine
799 2405 929 2442 seilicet,

269 2470 384 2500 quaero,
413 2468 486 2488 num
510 2457 595 2487 vivat
623 2457 732 2492 Jason,
759 2456 819 2485 ἃς.
865 2454 930 2484 Alii

270 2514 375 2539 autem
398 2508 547 2537 det-ictum
570 2512 730 2545 serpentem
756 2504 876 2544 legunt,
898 2509 932 2534 ut

270 2568 343 2589 cum
372 2555 619 2598 praecedentibus
646 2554 810 2589 cohaereat‚
836 2559 867 2584 et
893 2553 932 2583 sit

272 2607 362 2638 ordo:
388 2606 447 2636 Ille
460 2604 579 2636 rettulit
594 2603 755 2646 aeripedes
767 2604 875 2639 boves,
888 2602 932 2633 vi-

272 2666 380 2699 pereos
396 2655 515 2691 dentes,
530 2659 561 2686 et
576 2665 613 2685 ex
627 2653 665 2685 iis
676 2659 809 2684 armatos
821 2652 902 2683 viros
916 2663 933 2683 e

273 2711 354 2736 terra
369 2710 466 2741 natos,
476 2715 546 2735 mox
563 2714 582 2734 a
596 2714 628 2734 se
644 2708 751 2734 mutuo
765 2702 931 2743 interemp-

274 2760 339 2793 tos;
361 2760 514 2796 postremo
529 2759 560 2784 et
569 2753 760 2794 Serpentem,
774 2750 839 2782 sive
852 2750 933 2780 Dra-

275 2813 383 2835 eonem
412 2802 583 2834 devictum.
628 2801 733 2843 Atque
762 2800 805 2831 ibi
830 2805 933 2831 tamen

986 1380 1043 1410 ego
1057 1370 1169 1400 iterum
1185 1367 1325 1410 quaesivi,
1340 1367 1400 1397 δίο.
1418 1365 1473 1397 sed
1496 1365 1563 1396 haec
1587 1373 1649 1395 non

986 1420 1030 1450 ita
1044 1419 1148 1460 magni
1164 1417 1322 1449 momenti.
1368 1416 1450 1447 Mihi
1471 1422 1577 1446 tamen
1591 1414 1648 1445 Al-

987 1469 1061 1500 dina
1074 1469 1168 1500 lectio
1184 1468 1282 1509 magis
1298 1468 1455 1509 probatur.
1501 1466 1627 1496 Mrem..

1031 1520 1084 1549 40.
1122 1518 1247 1561 Ingenio
1275 1517 1353 1558 sum]
1391 1516 1429 1546 Id
1458 1522 1505 1546 est
1530 1521 1650 1558 sponte.

988 1568 1180 1611 simpliciter,
1201 1568 1234 1598 in
1254 1566 1419 1609 rapiditate
1440 1565 1494 1596 illa
1516 1571 1546 1595 et
1562 1575 1652 1595 cursu

989 1617 1135 1659 loquendi
1162 1625 1193 1648 et
1222 1615 1416 1652 narrationis,
1449 1614 1565 1646 excidit
1594 1614 1652 1656 ipsi

988 1668 1119 1710 perfidia
1141 1674 1204 1704 tua,
1222 1678 1285 1709 qua
1308 1678 1356 1697 me
1379 1665 1506 1703 laesisti3
1530 1671 1561 1695 et
1583 1665 1653 1695 ideo

989 1719 1135 1760 majorem
1165 1717 1223 1760 ipsi
1249 1717 1342 1748 fidem
1368 1716 1479 1752 habeo,
1505 1725 1599 1756 quam
1628 1714 1654 1745 si

991 1769 1175 1798 subornatus
1197 1772 1229 1797 et
1254 1765 1424 1808 composita
1448 1770 1480 1795 et
1504 1764 1656 1795 meditata

990 1818 1127 1848 oratione
1156 1816 1231 1847 mihi
1261 1816 1292 1846 id
1315 1825 1468 1858 exponere
1492 1819 1654 1845 tentasset.

992 1867 1036 1897 ita
1045 1869 1140 1897 crines
1150 1867 1270 1907 ingenio
1277 1866 1419 1907 suoflmi,
1431 1863 1462 1893 id
1476 1869 1522 1894 est
1533 1869 1653 1905 sponte,

992 1916 1058 1947 sine
1083 1921 1158 1951 arte,
1184 1914 1328 1945 Petronio
1352 1924 1421 1955 cap.
1440 1913 1511 1943 126.
1556 1912 1653 1943 Clau-

994 1965 1079 1996 dian.
1094 1965 1117 1995 i.
1134 1964 1165 1995 in
1181 1965 1290 1995 Rufin.
1308 1963 1384 1994 210.

1038 2015 1100 2045 Hic
1122 2016 1245 2044 radiant
1258 2014 1362 2055 flores,
1378 2017 1405 2042 et
1426 2013 1509 2052 prati
1524 2013 1590 2042 vira
1608 2023 1655 2042 ro-

1079 2065 1178 2105 luptas

1037 2112 1164 2155 Ingenio
1181 2112 1297 2142 variata
1312 2122 1373 2141 suo.
1505 2110 1623 2139 Romu.

1037 2164 1089 2194 42.
1114 2161 1264 2202 Faxque]
1291 2160 1368 2191 vid.
1389 2159 1508 2190 Schott.
1524 2159 1558 2190 ii.
1575 2160 1655 2190 Obs.

994 2213 1047 2244 40.

1038 2262 1090 2292 43.
1116 2259 1264 2299 Furtim]
1295 2257 1450 2293 Scriverii,
1475 2257 1658 2287 francofur-

995 2310 1092 2342 tensis
1106 2315 1136 2341 et
1152 2315 1284 2350 quatuor
1300 2306 1463 2349 aliifurlo,
1479 2306 1561 2347 quod
1576 2305 1655 2336 reci-

996 2371 1068 2402 pere
1094 2370 1155 2390 non
1182 2357 1406 2391 dubitavimus,
1434 2355 1509 2397 quia
1536 2355 1567 2385 id
1595 2355 1658 2385 ele-

997 2409 1131 2451 gantius,
1147 2414 1179 2438 et
1200 2407 1288 2438 bonis
1313 2405 1489 2436 auctoribus
1511 2404 1659 2435 usitatum

998 2458 1150 2489 novimus.
1175 2457 1230 2488 sed
1251 2467 1334 2497 saepe
1350 2466 1408 2485 vox
1434 2454 1500 2484 haec
1524 2465 1541 2485 a
1565 2453 1658 2484 libra-

998 2509 1050 2539 riis
1076 2507 1144 2538 loco
1168 2512 1264 2537 mota.
1299 2505 1342 2536 ita
1367 2504 1450 2546 apud
1475 2503 1588 2545 Virgil.
1615 2503 1658 2534 iv.

1000 2559 1074 2589 337.
1089 2567 1126 2587 ex
1143 2555 1266 2599 optimis
1282 2553 1486 2585 membranis:

1146 2606 1213 2636 Non
1229 2617 1281 2647 ego
1297 2606 1373 2635 hanc
1389 2602 1660 2644 absconderefurw

1044 2657 1176 2696 Speravi,
1191 2654 1438 2696 'nefingeff'ugm

1001 2706 1041 2736 Et
1056 2706 1154 2736 Statio
1169 2704 1305 2736 reddidit
1320 2702 1501 2734 Bernartius
1520 2701 1542 2732 i.
1558 2701 1659 2732 Theb.

1002 2757 1077 2787 312.
1095 2755 1148 2797 qui
1163 2754 1304 2798 pluribus
1320 2752 1359 2784 de
1375 2762 1413 2784 ea
1428 2762 1501 2783 voce
1518 2751 1594 2792 agit.

1085 2852 1152 2883 1²2
