1849 3198
220 225 305 266 186

615 221 665 262 P.
701 221 912 263 OVIDII
947 220 1227 263 NASONIS

222 341 289 387 At
313 356 398 386 vos
425 353 650 385 erronem
674 337 848 384 tellure
875 336 1111 384 remittite
1136 344 1375 393 nostrum,

291 416 524 463 Nisiades
550 422 749 470 matres,
780 414 1115 477 Nisiadesque
1140 431 1306 461 nurus.

224 494 336 540 Neu
361 510 447 540 vos
472 493 725 556 decipiant
749 492 943 538 blandae
969 492 1230 538 mendacia
1253 492 1451 554 linguae.

1546 494 1609 538 55

290 570 414 624 Quae
440 570 561 617 dicit
583 570 741 624 vobis,
769 568 963 614 dixerat
988 575 1102 615 ante
1127 569 1263 615 mihi.

220 648 297 694 Tu
313 664 514 711 quoque
531 663 641 710 quae
662 653 854 693 montes
871 646 1110 702 celebras,
1132 646 1363 710 Erycina,
1385 647 1608 701 Sicano&

288 725 445 788 (Nam
469 732 556 772 tua
581 724 712 784 sum)
737 723 836 770 vati
862 724 1082 779 consule,
1112 724 1254 780 Diva,
1282 731 1396 771 tuae.

222 802 300 848 An
326 802 485 865 gravis
511 802 766 865 inceptum
791 801 984 864 peragit
1011 801 1229 848 Fortuna
1252 809 1490 857 tenorem,

290 879 355 926 Et
379 886 547 926 manet
571 879 621 924 in
646 895 792 925 cursu
818 894 1015 941 semper
1040 880 1220 926 acerba
1245 880 1363 926 suo?

1546 881 1611 925 60

224 957 325 1003 Sex
352 957 470 1002 mihi
496 956 685 1003 natales
712 956 870 1002 ierant
892 973 902 1011 ;
943 971 1057 1001 cum
1083 957 1213 1003 lecta
1237 956 1455 1019 parentis

287 1034 418 1082 Ante
443 1034 575 1081 diem
599 1033 827 1081 lacrimas
853 1049 967 1080 ossa
990 1033 1159 1081 bibere
1185 1050 1338 1081 meas,

219 1241 458 1284 repudiandum.
490 1252 562 1273 cum
587 1241 632 1273 ita
656 1248 687 1273 et
710 1243 742 1274 in
771 1253 882 1273 novem

219 1291 381 1322 codlcibus
397 1291 481 1333 apud
496 1292 611 1333 virgil.
628 1292 671 1323 iv.
689 1292 760 1323 Ecl.
806 1292 882 1322 Sici-

221 1343 294 1372 [ides
314 1342 418 1378 Musae,
444 1353 522 1383 quos
543 1342 693 1373 Heinsius
717 1342 804 1377 vidit,
828 1353 882 1372 ex-

220 1397 290 1427 stet,
314 1397 346 1422 et
368 1391 488 1423 Pierius
513 1398 644 1423 testetur
666 1391 697 1422 in
726 1391 882 1434 plerisque

220 1441 356 1482 antiquis
370 1441 507 1483 reperiri,
522 1441 597 1472 licet
611 1441 765 1483 repudiet.
811 1441 883 1471 Non

220 1495 325 1521 autem
351 1491 486 1521 voluisse
511 1491 602 1521 modo
629 1502 696 1521 esse
722 1490 883 1521 Sicilidem

219 1539 355 1581 Sappho,
365 1540 419 1570 sed
435 1539 530 1570 etiam
546 1540 604 1569 sibi
621 1539 764 1570 exsilium
780 1539 882 1569 indix-

219 1587 292 1623 isse,
310 1594 342 1619 et
364 1588 474 1619 relicta
496 1588 596 1630 patria
621 1588 789 1628 abiissevin
806 1588 881 1619 Sici-

220 1637 306 1673 liam,
330 1644 365 1668 ut
385 1638 513 1668 Phaone
535 1648 590 1668 suo
609 1637 668 1668 frui
691 1643 804 1679 posset,
820 1637 881 1667 Ar—

220 1686 333 1717 chonte
359 1687 524 1722 Aristode,
549 1687 642 1717 docet
667 1698 721 1717 nos
745 1688 884 1717 Marmor

221 1735 468 1766 Arundelianum
490 1736 521 1766 in
538 1736 677 1777 Epocha.
703 1737 755 1767 37.
778 1747 796 1766 a
817 1736 883 1766 Sel—

221 1784 301 1815 deno
323 1785 455 1815 editum.
472 1785 537 1815 vid.
562 1786 700 1815 Marmor
722 1786 825 1816 Oxou.
848 1796 882 1826 p.

224 1835 293 1864 164.
311 1834 394 1876 quod
410 1834 513 1865 nescio
529 1845 568 1865 an
584 1834 750 1876 quisquam
772 1840 883 1876 praete-

221 1895 274 1915 rea
288 1884 442 1915 memoria)
459 1883 641 1925 prodiderit.
667 1885 786 1915 BURM.

263 1936 316 1965 54.
343 1934 482 1965 Nisiades
497 1941 616 1970 muti-es,
632 1934 713 1974 &c.]
743 1934 883 1964 Nisiades

220 1983 312 2014 dictae
341 1984 557 2024 Megarenses,
591 1989 622 2014 et
655 1983 806 2014 universae
836 1983 883 2014 Si-

221 2033 313 2069 culm,
345 2040 470 2074 propter
495 2033 652 2064 conditam
678 2034 786 2063 urbem
811 2034 882 2064 Me-

221 2093 296 2123 gara
320 2082 447 2119 sienim,
466 2084 505 2114 ab
531 2083 641 2113 incolis
662 2083 777 2114 Atticae
799 2083 883 2114 urbis

221 2133 435 2173 Megarorum,
456 2144 524 2174 quae
542 2139 572 2163 et
595 2133 684 2163 Niseu
702 2132 786 2163 dicta
802 2133 882 2163 anti-

220 2181 325 2222 quitus
349 2182 387 2211 ab
408 2192 479 2222 rege
504 2182 589 2212 Nisa.
638 2182 780 2212 Nee-indes
797 2182 881 2218 olim,

221 2230 270 2260 vel
286 2240 305 2260 a
325 2231 434 2261 Neside
457 2230 560 2262 insula
580 2231 775 2272 Campaniae,
793 2232 840 2262 vel
865 2243 883 2263 a

223 2279 315 2309 Nesia
352 2280 474 2319 regione
509 2280 592 2311 circa
626 2282 768 2311 Hfitnani.
814 2281 881 2311 Ali-

223 2334 341 2369 quanto
383 2334 488 2359 tamen
525 2329 715 2370 probabilius
750 2330 783 2359 J.
826 2331 882 2361 1²12.

222 2377 387 2412 ‹Mb-ville,
418 2378 458 2408 ad
493 2377 707 2413 Charitoncm,
738 2389 771 2419 p.
805 2380 880 2410 541.

224 2426 365 2457 Nes-fades
381 2427 463 2468 apud
480 2428 627 2457 Nostrum
648 2427 747 2458 dictas
762 2428 883 2459 Siculas

222 2475 422 2512 existimavit,
439 2477 523 2517 quod
543 2476 650 2507 Sicilia
671 2477 738 2518 ipsa
757 2489 812 2519 per
828 2489 880 2508 ex-

221 2524 400 2554 cellentiam
432 2530 542 2556 vocata
574 2528 675 2563 νῆσος
706 2532 737 2557 ct
767 2528 880 2565 νᾶσος.

220 2573 367 2603 Lemma

265 2624 320 2653 55.
347 2622 409 2652 Nec
434 2634 480 2652 vas
503 2624 651 2663 decipiunt
668 2626 782 2655 blanda·
798 2637 877 2657 vicu-

223 2673 310 2701 (Iucia
333 2672 472 2713 ling-aaa]
499 2673 629 2709 Caussa,
655 2684 709 2704 cur
737 2675 843 2705 Phaon
864 2686 882 2705 a

221 2721 334 2752 Siculis
350 2721 530 2754 mulieribus
545 2722 740 2765 recipiendus
756 2735 816 2755 nou
831 2725 880 2755 sit.

222 2771 316 2801 Uror.

993 1243 1047 1274 57.
1068 1242 1113 1273 Tu¹
1124 1254 1235 1284 qiwque
1246 1254 1308 1283 (111oe
1323 1241 1462 1281 montem]
1484 1240 1529 1270 Tu
1541 1252 1610 1281 qim—

950 1303 1004 1332 que
1014 1304 1076 1332 quae
1090 1294 1214 1322 immites
1229 1290 1382 1333 legiturin
1393 1296 1535 1331 utroque,
1551 1300 1613 1330 quo

950 1347 1031 1378 utor,
1050 1341 1140 1377 libro,
1162 1341 1269 1372 Vatic.
1288 1346 1319 1371 et
1334 1339 1427 1371 Maff.
1451 1339 1505 1370 alii
1526 1339 1614 1380 ajunt

950 1391 1122 1433 repperisse
1145 1402 1176 1421 se
1193 1391 1225 1421 in
1247 1390 1315 1421 aliis
1330 1390 1386 1420 lib.
1404 1388 1535 1430 scriptis,
1550 1399 1613 1428 qum

951 1447 1060 1471 montes
1082 1442 1220 1476 celebras,
1243 1444 1302 1471 ἃς.
1350 1439 1447 1470 Dicta
1467 1443 1514 1469 est
1531 1438 1612 1478 Ery—

952 1493 1020 1521 cina
1036 1491 1145 1522 Venus
1161 1491 1199 1521 ab
1215 1491 1315 1531 Eryce
1330 1494 1445 1524 monte,
1460 1488 1513 1519 ubi
1529 1487 1615 1518 cole—

951 1540 1061 1571 batur:
1087 1540 1153 1582 qui,
1174 1546 1207 1570 ut
1226 1538 1332 1569 scribit
1352 1537 1500 1579 Polybius
1515 1536 1571 1567 lib.
1587 1537 1611 1568 i.

951 1590 1088 1620 omnium
1125 1590 1239 1620 Siciliae
1281 1589 1443 1624 montium,
1481 1591 1613 1628 excepto

952 1641 1060 1675 AEtna,
1076 1640 1243 1670 altissimus
1271 1644 1335 1669 est:
1361 1648 1399 1668 ea
1426 1642 1525 1679 parte,
1551 1646 1614 1677 qua

951 1689 1076 1719 Italiam
1102 1694 1234 1730 spectat,
1263 1688 1344 1718 inter
1369 1688 1553 1728 Drepanum
1582 1691 1614 1716 et

955 1739 1164 1768 Fauorinum:
1190 1738 1221 1768 in
1243 1738 1310 1779 ejus
1328 1736 1442 1767 vertice
1457 1735 1532 1766 satis
1547 1745 1613 1765 am—

951 1788 1004 1829 pla
1015 1794 1061 1819 est
1074 1787 1238 1830 planicies,
1252 1787 1305 1818 ubi
1318 1786 1450 1817 Veneris
1461 1785 1612 1827 templum

951 1837 1090 1868 omnium
1104 1837 1218 1868 Siciliae
1234 1837 1419 1878 templorum
1434 1836 1527 1876 longe
1543 1835 1613 1877 pul-

951 1887 1147 1922 cherrimum,
1167 1887 1321 1928 longeque
1345 1883 1613 1926 opulentissimum

951 1936 1022 1967 fuit.
1047 1936 1229 1967 emmim.
1257 1936 1335 1965 Haec
1351 1944 1475 1975 quoque
1490 1943 1507 1963 a
1523 1933 1611 1963 Nau-

951 1986 1048 2027 gerio.
1095 1987 1179 2016 Nam
1194 1985 1287 2016 nostri
1305 1994 1410 2015 omnes
1425 1984 1550 2013 immites
1564 1982 1612 2012 Si-

950 2048 1048 2072 catzas,
1064 2041 1099 2066 ut
1114 2036 1153 2066 ad
1174 2034 1298 2065 Palicos
1312 2032 1468 2075 respiciat,
1484 2032 1538 2073 qui
1553 2031 1611 2062 hu-

951 2085 1051 2116 manis
1066 2085 1173 2115 hostiis
1184 2085 1401 2126 placabantur.
1416 2082 1487 2113 vide
1503 2081 1610 2112 Schol.

950 2135 1028 2165 Stat.
1042 2135 1143 2164 Theb.
1159 2134 1214 2164 xii.
1236 2134 1309 2164 156.

1251 2183 1319 2212 Sicu
1326 2183 1420 2221 [osque
1437 2182 1533 2211 licebit

996 2233 1127 2263 ΕΔΜ-τινι)
1144 2233 1230 2262 Deos.

950 2282 1011 2312 Sed
1040 2288 1166 2323 praestat
1204 2279 1406 2321 Naugeriaua
1441 2277 1546 2313 lectio,
1576 2284 1611 2308 ut

950 2332 1033 2372 Eryx
1055 2329 1320 2369 subintelligatur,
1348 2339 1367 2358 a
1389 2338 1450 2369 quo
1476 2327 1611 2368 Erycina

950 2380 1017 2409 haec
1033 2379 1093 2410 dea
1107 2378 1192 2409 dicta
1207 2383 1254 2409 est
1272 2377 1388 2407 Poetis.
1433 2377 1608 2406 mesms.

951 2429 1051 2459 Recte
1062 2428 1262 2458 emendatum
1278 2433 1403 2456 montes:
1420 2431 1454 2456 ut
1469 2430 1500 2455 et
1516 2425 1610 2455 habet

950 2477 1092 2508 Francos.
1118 2477 1233 2507 codex:
1267 2476 1418 2518 templum
1441 2475 1523 2504 enim
1546 2474 1610 2504 Ve-

950 2526 1031 2557 neris
1054 2525 1195 2567 Erycina}
1217 2525 1249 2555 iu
1273 2531 1377 2555 monte
1398 2523 1550 2565 positum3
1575 2528 1610 2552 ut

950 2573 1099 2605 exhibent
1128 2574 1243 2605 numini
1274 2581 1403 2608 veteres,
1434 2582 1509 2613 quos
1538 2570 1609 2601 vide

950 2624 1032 2666 apud
1063 2624 1181 2654 illustr.
1206 2623 1376 2665 Spauhem.
1404 2621 1538 2652 Dissert.
1563 2620 1607 2649 vi.

949 2686 1022 2716 pag.
1039 2675 1114 2705 577.
1138 2673 1176 2704 dc
1200 2667 1378 2715 praestantia
1401 2677 1432 2702 ct
1456 2682 1512 2701 usu
1538 2670 1607 2699 Nu-

948 2724 1052 2754 mism.
1084 2723 1143 2753 Ed.
1175 2724 1298 2764 pri111ae3
1335 2728 1366 2752 ct
1394 2720 1548 2752 Vaillaut.
1574 2719 1609 2750 iu

950 2775 1053 2805 (J'cutc
1070 2773 1229 2804 Cousidia.
1276 2773 1393 2803 licum.
