1849 3198
490 206 678 247 ARTIS
710 204 1066 246 AMATORIAE
1100 204 1218 246 LlB.
1253 204 1290 245 I.

1499 206 1583 247 461

196 319 337 367 Tunc
363 320 522 384 aperit
546 327 756 376 mentes,
785 335 887 366 aevo
913 319 1164 366 rarissima
1187 326 1370 374 nostro,

266 396 569 461 Simplicitas
586 400 625 455 3⁵
639 404 770 445 artes
795 396 1082 444 excutiente
1108 396 1234 444 Deo.

198 474 305 521 Illic
331 490 465 538 saepe
492 473 682 521 animos
702 475 944 537 juvenum
969 489 1177 537 rapuere
1202 474 1410 537 puellae:

264 549 331 597 Et
353 550 524 597 Venus
549 550 598 596 in
622 550 765 605 vinis,
791 549 919 612 ignis
945 549 994 595 in
1015 549 1128 611 igne
1152 549 1259 596 fuit.

199 626 295 673 Hic
321 634 375 673 tu
400 626 563 673 fallaci
588 626 794 673 nimium
820 641 882 673 ne
908 625 1055 672 crede
1079 625 1312 672 lucernae.

1489 628 1586 672 245

262 703 292 750 J
297 703 463 750 udicio
487 703 655 751 formoe
681 719 882 765 noxque
907 717 1200 764 merumque
1226 708 1422 748 nocent.

200 780 333 828 Luce
358 781 477 827 deas
503 780 732 842 coeloque
757 780 899 827 Paris
926 778 1171 843 spectavit
1195 785 1394 841 apert03

267 857 397 903 Cum
422 857 551 903 dixit
574 856 772 912 Veneri,
799 856 972 902 Vincis
999 862 1279 918 utramque,
1306 854 1495 901 Venus.

200 934 362 982 Nocte
386 935 543 981 latent
567 934 778 989 mendae,
805 934 1025 996 vitioque
1050 932 1323 994 ignoscitur
1348 932 1510 978 omni:

266 1010 504 1074 Horaque
530 1010 793 1058 formosam
820 1010 1097 1074 quamlibet
1122 1009 1206 1056 illa
1229 1007 1363 1055 facit.

1492 1011 1589 1055 250

201 1089 421 1135 Consule
446 1088 510 1135 de
534 1088 760 1150 gemmis,
788 1088 851 1135 de
875 1087 1031 1134 tincta
1055 1086 1242 1132 murice
1266 1085 1407 1141 lan‘213

268 1165 488 1212 Consule
512 1165 576 1212 de
601 1165 726 1212 facie
751 1164 1144 1228 corporibusque
1170 1162 1320 1209 diem.

201 1243 334 1296 Quid
359 1242 449 1289 tibi
474 1242 714 1290 femineos
741 1249 915 1297 coetus,
942 1241 1202 1288 venatibus
1229 1245 1390 1302 aptos,

268 1318 602 1366 Enumerem?
640 1335 845 1366 numero
872 1318 1018 1365 cedet
1043 1332 1192 1364 arena
1215 1331 1343 1361 meo.

201 1395 334 1450 Quid
358 1395 567 1443 referam
595 1396 764 1458 Bajas,
793 1401 1136 1458 praetextaque
1160 1393 1305 1439 litora
1328 1391 1466 1443 velis,
1494 1393 1590 1437 255

270 1472 350 1528 Et,
379 1489 490 1535 quae
516 1473 578 1520 de
604 1472 764 1519 calido
790 1471 974 1518 sulfure
999 1470 1174 1525 fumat,
1198 1468 1413 1532 aquam?

202 1548 334 1595 Hinc
361 1550 541 1613 aliquis
565 1550 743 1595 vulnus
770 1548 988 1595 referens
1010 1547 1060 1592 in
1085 1552 1304 1609 pectore,
1332 1544 1486 1599 dixit3

269 1625 385 1672 Non
410 1626 516 1673 haec
544 1627 622 1688 (ut
646 1625 778 1673 fama
802 1624 901 1685 est)
927 1624 1062 1670 unda
1086 1621 1297 1669 salubris
1323 1628 1444 1668 erat.

203 1701 336 1750 Ecce
362 1703 659 1749 suburbanae
682 1701 925 1764 templum
952 1699 1203 1746 nemorale
1230 1698 1424 1753 Dianae,

267 1778 522 1842 Partaque
548 1794 636 1842 per
662 1778 852 1840 gladios
879 1793 1032 1839 regna
1056 1782 1269 1823 nocente
1294 1790 1460 1821 manu.
1495 1777 1593 1820 260

243 1965 320 1995 249.
347 1964 495 2004 Mentha]
524 1963 592 1994 Hoc
620 1973 707 1994 versu
734 1968 863 1994 utuntur

202 2013 323 2054 antiqui
339 2011 558 2047 Grammatici,
576 2018 610 2042 ut
621 2011 756 2042 doceant
771 2011 862 2042 diffe-

202 2061 335 2092 rentiam
350 2063 460 2091 menda*
475 2066 507 2092 et
522 2062 633 2090 mendi.
679 2060 762 2091 Vide
776 2060 862 2091 Cha-

201 2109 254 2140 ris.
280 2120 355 2152 pag.
377 2111 429 2140 55.
474 2109 611 2149 Eutych.
633 2119 709 2150 pag.
736 2110 791 2139 21.
809 2109 862 2139 74.

201 2164 233 2189 et
250 2159 407 2190 Incertum
422 2169 494 2200 pag.
507 2158 603 2188 2791.
648 2158 764 2189 Bi'mr.

245 2210 320 2239 253.
338 2209 420 2242 Quid
433 2208 648 2249 tibifoeminens
662 2214 763 2243 culus,
778 2218 864 2237 rena-

204 2259 280 2287 tibus
306 2257 415 2297 aplos]
443 2256 516 2287 Non
538 2255 675 2297 loquitur
702 2256 750 2286 hic
773 2257 866 2297 poeta

203 2306 242 2337 ‹le
258 2306 364 2347 sylvis,
377 2312 408 2336 et
424 2304 610 2336 venantibus
623 2304 816 2340 mulieribus,
832 2310 866 2334 ut

207 2355 329 2385 Merula
363 2361 463 2396 putat,
500 2354 664 2395 locumque
702 2353 867 2384 Juvenalis

203 2404 308 2445 inepte
325 2404 442 2444 allegat
457 2415 462 2432 :
478 2403 545 2438 sed,
558 2402 655 2439 Quid,
668 2401 865 2442 inquit,enu-

206 2462 321 2482 merem
347 2451 403 2482 tibi
428 2457 530 2482 emtus
555 2457 587 2481 et
611 2450 867 2491 congregationes

206 2501 369 2531 mulierum
392 2511 510 2537 omnes,
531 2500 563 2531 in
587 2499 712 2541 quibus,
737 2505 790 2529 aut
814 2498 866 2529 ubi

206 2550 301 2581 liceat
326 2560 380 2581 eas
401 2555 473 2591 apte
497 2559 532 2579 ac
558 2548 718 2579 commode
739 2547 867 2578 venari?

205 2598 264 2629 hoc
286 2604 344 2633 est,
368 2597 605 2640 circumspicere
631 2603 726 2638 atque
751 2596 867 2637 eligere

208 2659 287 2690 quas
302 2658 407 2678 ames:
435 2648 539 2689 plures
564 2647 647 2678 enim
668 2653 752 2681 sunt,
773 2656 867 2687 quam

208 2704 241 2727 ut
259 2696 410 2727 numerari
427 2696 548 2737 possint
562 2697 620 2726 ἃς.
654 2696 780 2725 Μι()γι,.

251 2746 324 2776 260.
352 2745 502 2785 Partaque
514 2756 568 2784 per
583 2746 696 2786 gladius
715 2755 805 2785 regna
819 2756 866 2772 tm-

931 1969 1014 1993 cente
1029 1962 1152 2002 manin]
1189 1961 1282 1990 Hunc
1309 1959 1411 1989 locum
1436 1969 1496 1989 non
1519 1958 1596 1989 satis

931 2010 1069 2053 explicat
1093 2011 1261 2051 InterpreS.
1283 2019 1355 2038 nam
1377 2009 1470 2049 po'eta
1496 2007 1592 2038 histo-

931 2059 1007 2090 riam
1024 2065 1055 2090 et
1078 2069 1194 2089 morem
1211 2056 1323 2099 tangit,
1340 2067 1402 2098 quo
1418 2055 1595 2086 sacerdotes

932 2107 1014 2149 apud
1039 2106 1178 2137 Ariciam
1203 2105 1255 2136 alii
1283 2105 1353 2136 aliis
1373 2104 1596 2135 succedebant.

933 2156 1005 2186 Non
1015 2156 1099 2187 enim
1115 2155 1242 2196 ingenui
1257 2154 1315 2184 hoc
1331 2165 1444 2183 munus
1455 2152 1594 2189 obibant,

931 2205 987 2235 sed
1002 2204 1093 2240 servi,
1110 2204 1268 2244 iidemque
1284 2202 1417 2243 fugitivi.
1455 2201 1517 2237 Qui
1534 2202 1596 2232 sin—

933 2253 1033 2295 gulari
1057 2252 1228 2284 certamine
1254 2252 1333 2283 inter
1356 2263 1422 2283 sese
1444 2251 1595 2282 dimican-

935 2309 991 2339 tes,
1021 2313 1092 2333 cum
1120 2302 1248 2332 victoria
1271 2301 1366 2332 etiam
1390 2301 1595 2331 sacerdotium

935 2350 1207 2393 adipiscebantur:
1269 2360 1451 2391 semperque
1499 2350 1596 2380 victor

935 2400 1028 2436 idem,
1039 2408 1070 2431 et
1080 2410 1239 2430 successor
1251 2399 1378 2430 alterius
1388 2404 1467 2429 erat.
1493 2401 1595 2435 Quem

935 2460 1051 2479 morem
1089 2448 1261 2479 Pausanias
1302 2447 1334 2477 in
1376 2447 1595 2483 Corinthiacis,

935 2496 1107 2527 etiamnum
1145 2496 1208 2527 suis
1245 2496 1435 2537 temporibus
1468 2495 1595 2526 durasse

935 2546 1054 2576 scribit.
1082 2546 1142 2575 Per
1156 2556 1285 2586 regnum
1301 2555 1373 2585 ergo
1388 2544 1594 2575 sacerdotium

936 2594 1090 2635 intellige.
1123 2604 1194 2624 nam
1224 2600 1254 2624 et
1284 2593 1348 2634 ipse
1376 2593 1519 2623 sacerdos
1543 2604 1593 2623 rex

937 2643 1112 2677 nemoralis,
1133 2653 1151 2672 a
1167 2652 1289 2672 nemore
1305 2641 1373 2672 scil.
1390 2640 1526 2676 Aricino,
1545 2641 1594 2671 ubi

937 2693 1086 2735 templum
1101 2693 1165 2724 dcae
1177 2698 1253 2728 erat,
1268 2691 1445 2722 vocabatur.
1470 2691 1595 2721 MrcrL.
