1849 3198
222 232 278 272 94
608 227 657 267 Ρ.
691 225 902 268 OVIDII
935 224 1213 267 NASONIS

225 345 383 393 Parce
407 357 580 407 precor
597 342 780 398 domui,
804 358 914 404 quae
940 357 993 388 se
1016 340 1106 387 tibi
1131 340 1280 386 tradit
1304 338 1599 386 habendam.

293 420 439 474 Quod
463 419 648 466 crimen
673 406 812 473 dicis,
840 425 1017 481 praeter
1041 433 1249 472 amasse,
1276 416 1474 463 meum?

228 498 342 544 Non
362 513 452 559 ego
474 513 582 542 sum
603 496 828 550 Phthias,
851 495 1103 556 magnisve
1123 494 1329 540 oriunda
1348 492 1601 556 Mycenis:

295 574 403 620 Nec
429 579 670 620 steterunt
695 573 743 618 in
767 579 816 619 te
841 572 1011 634 virque
1036 580 1276 634 paterque
1301 586 1457 617 meus.
1514 572 1603 616 166

229 652 282 698 Si
307 651 460 715 pudet
483 651 675 707 uxoris3
717 666 813 696 non
838 655 1006 712 nupta,
1035 649 1122 695 sed
1147 648 1343 711 hospita
1367 646 1529 693 dicar.v

295 728 427 774 Dum
450 735 537 773 tua
561 727 623 773 sit
649 727 795 781 Dido,
824 726 1081 788 quodlibet
1105 741 1214 772 esse
1239 725 1378 771 feret.

227 804 361 852 Nota
385 805 502 850 mihi
527 804 651 851 freta
675 810 789 850 sunt
813 803 988 850 Afrum
1013 802 1288 864 frangentia
1310 801 1447 847 littus
1467 817 1476 847 :

292 881 616 945 Temporibus
634 881 779 928 certis
799 880 1017 942 dantque
1033 886 1316 941 negantque
1334 877 1478 924 viam.
1515 879 1605 922 170

272 999 343 1029 165.
359 998 426 1028 Non
443 1010 494 1039 ego
507 1010 567 1028 sum
586 997 727 1037 Phthia]
756 996 882 1026 Phthias

226 1048 402 1078 Puteaneus
415 1058 485 1077 cum
497 1046 757 1077 emendatioribus
772 1056 881 1075 novem

226 1102 279 1127 aut
294 1096 402 1126 decem
418 1096 498 1126 aliis.
516 1107 598 1126 vere.
612 1095 740 1125 foemina
758 1095 883 1124 Phthias

226 1151 256 1175 et
274 1145 432 1174 Phthiotis.
479 1144 642 1185 Euripides
664 1143 882 1173 Andromacha

227 1194 318 1223 choro
338 1193 446 1234 primo„
463 1203 533 1222 nam
554 1193 637 1234 apud
659 1193 735 1223 alios
757 1192 808 1222 vix
830 1202 880 1222 oc-

227 1242 321 1273 currit
334 1255 340 1272 z

255 1292 365 1327 Φθιὰς,
378 1290 463 1332 ὅμως
473 1291 592 1332 ἔμολον
608 1291 685 1321 ποτὶ
701 1290 765 1320 σὰν
781 1288 880 1327 Ασιὴ-

312 1338 384 1370 mia
400 1339 524 1371 Γύναν.

270 1390 318 1420 Ad
342 1396 369 1419 te
385 1389 510 1420 Phthias
533 1400 584 1431 ego
598 1390 729 1428 quamvis
745 1389 884 1418 Asiatida

314 1449 393 1468 vent.

229 1486 313 1516 Inter
324 1496 465 1516 nummos
477 1485 614 1527 Philippi
627 1485 749 1515 Parutae
765 1483 884 1515 Siculos

228 1546 308 1565 unus
328 1540 429 1565 exstat
451 1535 577 1575 elegans
600 1534 632 1564 in
651 1534 757 1576 primis
776 1544 883 1570 aereus,

229 1585 267 1615 ab
282 1594 345 1614 una
358 1590 443 1625 parte
459 1584 576 1614 fulmen
590 1583 735 1618 referem,
752 1594 822 1614 cum
837 1582 883 1613 in-

227 1633 391 1674 scriptione
405 1636 569 1664 ΠΥΡΡΟΥ
586 1636 820 1664 ΒΑΣΙΛΕΩΣ.
845 1632 883 1662 ab

229 1682 326 1713 altera
353 1688 439 1723 parte
464 1682 593 1712 foemina
620 1682 730 1713 vittata
739 1694 746 1719 ;
770 1681 883 1722 reginae

228 1730 346 1767 habitu,
360 1733 461 1761 ΦΘΙΑ
468 1734 504 1766 Ε,
516 1741 576 1771 quo
587 1730 740 1772 designari
750 1729 883 1760 Achillis

229 1779 358 1821 patriam
383 1778 534 1813 existimo,
560 1789 614 1820 per
638 1779 754 1809 fulmen
779 1784 882 1809 autem

229 1828 378 1869 originem
394 1828 459 1869 ejus
475 1829 513 1858 ab
528 1828 594 1870 ipso
608 1829 686 1859 Jove
702 1828 880 1859 deductam.

229 1877 334 1920 Apoll.
349 1877 491 1907 Rhodius
506 1877 583 1908 libro
598 1877 620 1908 i.
637 1878 690 1908 53.

272 1929 362 1958 Τοῖσι
387 1926 412 1957 δ’
434 1926 487 1957 ἐπὶ
509 1927 661 1968 τρίτατος
685 1926 812 1969 γνωτὸς
839 1925 882 1957 κίε

315 1974 533 2017 Ί”ῑσ()μέὶ)οίσίὶ]

257 2024 443 2062 Αιθαλίδης.
454 2025 507 2054 καὶ
520 2025 579 2056 τὸν
589 2025 648 2066 μὲν
661 2023 708 2055 ἐπ’
721 2022 884 2065 Ἀμφρύσ-

315 2085 382 2104 σοιο
398 2072 514 2115 ῥοῇσιν

275 2120 483 2163 Μυρμίὸονος
519 2121 619 2164 κούρη
659 2122 759 2158 Φθιὰς
796 2120 885 2151 τέκεν

313 2169 538 2212 Ἐυπολέμεια.

276 2220 393 2249 Tertius
408 2220 572 2250 .›1‹Tth‹1lides
585 2219 745 2260 llos-fralet·
761 2220 791 2248 111
802 2228 886 2247 arma

315 2275 443 2304 secutus

275 2318 431 2356 Amphrysi
445 2318 476 2347 in
492 2318 584 2346 lucem
597 2327 680 2356 quenz
694 2316 885 2356 propterflu-

314 2367 401 2395 minis
416 2376 481 2395 oras

275 2413 356 2443 Filia
374 2414 570 2453 Myrmidonis
585 2413 709 2442 Phthias
724 2414 805 2442 dedit
824 2412 886 2442 Eu—

313 2464 450 2501 palentia.

230 2510 384 2551 Euripidis
398 2511 573 2551 exemplum
597 2509 737 2551 producit
753 2509 882 2550 Stepha-

229 2571 286 2590 nus
310 2560 500 2602 Byzantinus
523 2559 553 2589 in
570 2559 664 2600 ΦΘίᾳ.
700 2559 791 2588 ΡΗιὶιι
815 2558 885 2589 hinc

231 2619 341 2638 nomen
365 2608 525 2643 muliebre,
551 2607 703 2648 quomodo
728 2607 885 2649 appellata

230 2656 312 2697 apud
335 2655 451 2687 Justin.
468 2656 524 2686 lib.
541 2655 649 2686 xxviii.
665 2666 733 2697 cap.
755 2656 782 2686 l.
807 2666 882 2696 nep-

230 2704 269 2735 tis
285 2705 392 2747 Pyrrhi
409 2705 601 2747 Epirotarum
618 2705 732 2746 Regis;
755 2710 786 2735 et
801 2705 883 2746 apud

232 2753 389 2785 Plutarch.
412 2753 443 2785 in
459 2754 522 2785 vita
537 2753 645 2796 Pyrrhi
667 2753 805 2795 ejusdem
820 2764 884 2785 ma-

949 1002 1006 1026 ter.
1044 996 1215 1026 Hnmsws.
1260 995 1332 1024 Non
1361 1000 1465 1024 tamen
1493 991 1606 1022 damno

952 1044 1054 1080 Pthia,
1086 1044 1158 1085 quia
1190 1044 1326 1083 Mycenis
1356 1041 1505 1083 sequitur,
1530 1052 1607 1082 quas

949 1092 1109 1133 conjungit
1124 1093 1218 1123 etiam
1238 1092 1352 1132 virgil.
1369 1091 1389 1121 i.
1405 1091 1479 1120 284.

995 1143 1067 1171 Cnnz
1083 1143 1184 1171 domus
1199 1142 1336 1171 Assaraci
1356 1140 1475 1170 Pthiunz,
1491 1140 1604 1168 claras-

1033 1202 1088 1229 que
1104 1190 1247 1230 Mycenas

992 1239 1117 1270 Servilio
1130 1245 1255 1279 premet.

949 1287 1152 1319 Scribendum
1172 1299 1242 1318 vero
1265 1288 1413 1328 magnisve
1433 1285 1481 1316 vel
1504 1283 1609 1315 invitis

949 1337 1046 1373 libris,
1071 1348 1200 1379 quorum
1227 1336 1317 1366 multi
1340 1335 1466 1370 habent,
1491 1334 1608 1375 magnis

950 1388 1088 1421 oriunda,
1104 1396 1183 1416 unus
1198 1391 1315 1415 ornata.
1360 1384 1477 1413 BURM.

996 1436 1068 1465 166.
1086 1435 1149 1465 Nec
1164 1433 1340 1473 steterunt]
1360 1433 1408 1462 Ea
1422 1433 1528 1468 forma,
1544 1441 1607 1472 qua

950 1484 1101 1525 Virgilius
1115 1490 1317 1522 steteruntque
1335 1493 1429 1518 comoe,
1444 1487 1474 1512 et
1487 1481 1604 1511 Teren—

950 1534 1011 1563 tius
1025 1540 1172 1563 emerunt.
1197 1533 1327 1564 EGNAT.
1373 1531 1528 1561 Steterunt
1543 1530 1606 1560 Pu-

950 1587 1080 1612 teaneus
1091 1588 1121 1612 et
1133 1582 1305 1613 Leidensis.
1329 1586 1430 1611 recte:
1454 1579 1606 1621 Virgilius

951 1630 983 1661 ii.
999 1631 1073 1660 774.

996 1680 1152 1720 Obstupui,
1167 1685 1371 1719 steteruntque
1385 1690 1479 1708 comae.

950 1728 1000 1759 Sic
1027 1730 1215 1763 Quoesierunt
1244 1728 1383 1770 Epistola
1407 1728 1544 1757 OEnones
1567 1737 1604 1756 ex

950 1777 1046 1808 veteri
1074 1777 1162 1807 libro.
1198 1782 1228 1808 et
1254 1777 1421 1818 Vagierunt
1441 1775 1473 1805 in
1496 1774 1607 1805 Fastis.

950 1826 994 1857 sie
1019 1827 1101 1868 apud
1125 1825 1257 1857 Statium
1284 1826 1385 1856 Theb.
1409 1824 1454 1855 iii.
1480 1836 1509 1855 v.
1533 1825 1607 1855 302.

953 1877 1152 1907 Eia-iderunt.
1174 1876 1274 1906 Theb.
1298 1887 1328 1906 v.
1355 1876 1431 1905 274.
1468 1876 1605 1906 Abscide-

951 1933 1037 1956 runt.
1062 1925 1119 1955 lib.
1146 1924 1200 1956 xii.
1224 1936 1255 1955 ν.
1281 1925 1353 1954 167.
1394 1924 1604 1954 Horruerunt.

952 1974 1050 2016 Epist.
1065 1974 1189 2004 Medeae
1205 1985 1241 2004 ex
1257 1973 1354 2004 veteri
1368 1972 1461 2003 libro:

996 2023 1124 2054 Nostin?
1147 2035 1187 2053 αη
1205 2025 1378 2053 exciderunt
1393 2033 1505 2052 mecum
1523 2023 1608 2052 loca?

952 2071 1090 2113 Epistola
1098 2072 1348 2113 Hypermnestrae
1362 2081 1423 2101 ver.
1435 2071 1488 2101 72.
1506 2070 1606 2110 Expu-

952 2122 1068 2151 lerunt.
1106 2121 1206 2161 Epist.
1223 2119 1359 2150 Acontii.
1386 2131 1450 2150 ver.
1475 2121 1550 2150 242.
1576 2125 1608 2150 et

952 2169 1021 2200 Art.
1039 2169 1112 2200 Am.
1138 2169 1183 2199 iii.
1211 2170 1285 2199 405.
1327 2168 1476 2198 Fuerunt.
1494 2175 1524 2199 et
1540 2179 1606 2199 ver.

956 2219 1025 2248 188.
1038 2219 1234 2248 Exciderunt.
1260 2217 1440 2247 Mollierunt
1452 2216 1560 2248 Amor.
1574 2217 1606 2248 ii.

953 2266 1043 2306 Eleg.
1066 2265 1089 2296 i.
1123 2265 1321 2295 Terruerunt.
1346 2265 1402 2294 lib.
1425 2264 1470 2294 iii.
1495 2265 1546 2295 El.
1574 2277 1605 2296 ν.

956 2316 1154 2358 Prqsiterunt.
1191 2315 1325 2345 Remed.
1356 2315 1430 2345 263.
1468 2315 1606 2346 Praebite-

953 2371 1039 2395 1-11111.
1065 2364 1163 2406 Epist.
1178 2364 1212 2394 ii.
1231 2375 1260 2394 v.
1283 2365 1355 2394 141.
1392 2363 1606 2405 Contigerant.

954 2413 1036 2442 Fast.
1052 2412 1073 2442 i.
1092 2424 1121 2442 v.
1139 2413 1214 2443 592.
1257 2412 1431 2453 Vagiernnt.
1469 2413 1553 2442 Fast.
1570 2412 1605 2443 ii.

954 2473 984 2492 ν.
1002 2462 1076 2492 505.
1104 2462 1311 2491 Ilorr'uernnl.
1335 2462 1420 2492 Fast.
1437 2461 1469 2492 11.
1486 2474 1515 2492 ν.
1533 2463 1606 2493 502.

952 2511 1146 2541 slnnuerunt.
1178 2510 1262 2540 Fast.
1279 2509 1313 2540 ii.
1334 2522 1364 2540 v.
1382 2510 1457 2540 497.
1494 2510 1606 2540 Audie-

951 2567 1038 2590 runt.
1076 2560 1159 2590 Fast.
1190 2559 1235 2590 iii.
1266 2571 1297 2589 ν.
1327 2560 1380 2590 65.
1428 2559 1604 2589 Finierunt.

950 2608 1032 2639 Fast.
1047 2608 1093 2638 iii.
1107 2619 1136 2638 ν.
1151 2608 1225 2638 231.
1252 2607 1444 2637 polluerant.
1460 2607 1544 2637 Fast.
1561 2606 1605 2638 iii.

950 2667 1019 2698 quae
1042 2657 1110 2687 loca
1131 2656 1163 2687 in
1188 2655 1321 2697 vulgatis
1345 2655 1431 2686 libris
1455 2660 1526 2685 sunt
1549 2655 1603 2686 de—

950 2711 1089 2747 pravata.
1118 2705 1212 2736 Plura
1227 2704 1300 2735 alibi
1313 2704 1462 2735 dicemus.
1488 2704 1604 2735 HmNs.

998 2754 1070 2785 169.
1096 2753 1312 2795 Frangentiu.]
1347 2752 1412 2784 Alii
1437 2754 1605 2794 tangentia.
