<?xml version="1.0" encoding="UTF-8"?>
<!DOCTYPE html PUBLIC "-//W3C//DTD XHTML 1.0 Transitional//EN"
    "http://www.w3.org/TR/xhtml1/DTD/xhtml1-transitional.dtd">
<html xmlns="http://www.w3.org/1999/xhtml" xml:lang="en" lang="en">
 <head>
  <title>
</title>
<meta http-equiv="Content-Type" content="text/html;charset=utf-8" />
  <meta name='ocr-system' content='tesseract 3.04.00' />
  <meta name='ocr-capabilities' content='ocr_page ocr_carea ocr_par ocr_line ocrx_word'/>
</head>
<body>
  <div class='ocr_page' id='page_1' title='image "./povidiinasonisop01oviduoft_0349.png"; bbox 0 0 1849 3198; ppageno 0'>
   <div class='ocr_carea' id='block_1_1' title="bbox 653 202 1298 246">
    <p class='ocr_par' dir='ltr' id='par_1_1' title="bbox 653 202 1298 246">
     <span class='ocr_line' id='line_1_1' title="bbox 653 202 1298 246; baseline 0.002 -1"><span class='ocrx_word' id='word_1_1' title='bbox 653 202 1000 245; x_wconf 88' lang='lat' dir='ltr'>HEROIDES.</span> <span class='ocrx_word' id='word_1_2' title='bbox 1033 204 1127 245; x_wconf 93' lang='grc' dir='ltr'>ΕΡ.</span> <span class='ocrx_word' id='word_1_3' title='bbox 1150 204 1298 246; x_wconf 90' lang='lat' dir='ltr'><strong>XIX.</strong></span> 
     </span>
    </p>
   </div>
   <div class='ocr_carea' id='block_1_2' title="bbox 1595 207 1680 249">
    <p class='ocr_par' dir='ltr' id='par_1_2' title="bbox 1595 207 1680 249">
     <span class='ocr_line' id='line_1_2' title="bbox 1595 207 1680 249; baseline 0.012 -1"><span class='ocrx_word' id='word_1_4' title='bbox 1595 207 1680 249; x_wconf 70' lang='lat'>263</span> 
     </span>
    </p>
   </div>
   <div class='ocr_carea' id='block_1_3' title="bbox 276 317 1639 538">
    <p class='ocr_par' dir='ltr' id='par_1_3' title="bbox 276 317 1639 538">
     <span class='ocr_line' id='line_1_3' title="bbox 281 317 1639 386; baseline 0.004 -21"><span class='ocrx_word' id='word_1_5' title='bbox 281 317 396 366; x_wconf 92' lang='lat' dir='ltr'>Non</span> <span class='ocrx_word' id='word_1_6' title='bbox 421 318 568 375; x_wconf 83' lang='lat' dir='ltr'>favet,</span> <span class='ocrx_word' id='word_1_7' title='bbox 597 326 651 366; x_wconf 90' lang='lat' dir='ltr'>ut</span> <span class='ocrx_word' id='word_1_8' title='bbox 674 335 806 366; x_wconf 91' lang='lat' dir='ltr'>nunc</span> <span class='ocrx_word' id='word_1_9' title='bbox 832 325 923 374; x_wconf 85' lang='lat' dir='ltr'>est,</span> <span class='ocrx_word' id='word_1_10' title='bbox 951 320 1134 367; x_wconf 90' lang='lat' dir='ltr'>teneris</span> <span class='ocrx_word' id='word_1_11' title='bbox 1160 321 1300 368; x_wconf 87' lang='lat' dir='ltr'>locus</span> <span class='ocrx_word' id='word_1_12' title='bbox 1326 321 1419 369; x_wconf 90' lang='lat' dir='ltr'>iste</span> <span class='ocrx_word' id='word_1_13' title='bbox 1444 323 1639 386; x_wconf 82' lang='lat' dir='ltr'>puellis.</span> 
     </span>
     <span class='ocr_line' id='line_1_4' title="bbox 346 395 1436 462; baseline 0.004 -20"><span class='ocrx_word' id='word_1_14' title='bbox 346 395 457 443; x_wconf 84' lang='lat' dir='ltr'>Hac</span> <span class='ocrx_word' id='word_1_15' title='bbox 485 395 630 443; x_wconf 82' lang='lat' dir='ltr'>Helle</span> <span class='ocrx_word' id='word_1_16' title='bbox 654 396 826 460; x_wconf 82' lang='lat' dir='ltr'>periit3</span> <span class='ocrx_word' id='word_1_17' title='bbox 868 397 959 443; x_wconf 83' lang='lat' dir='ltr'>hac</span> <span class='ocrx_word' id='word_1_18' title='bbox 987 413 1080 459; x_wconf 81' lang='lat' dir='ltr'>ego</span> <span class='ocrx_word' id='word_1_19' title='bbox 1106 398 1260 444; x_wconf 86' lang='lat' dir='ltr'>laedor</span> <span class='ocrx_word' id='word_1_20' title='bbox 1284 401 1436 462; x_wconf 73' lang='lat' dir='ltr'>aqua.</span> 
     </span>
     <span class='ocr_line' id='line_1_5' title="bbox 276 472 1557 538; baseline 0.002 -18"><span class='ocrx_word' id='word_1_21' title='bbox 276 472 345 520; x_wconf 87' lang='lat' dir='ltr'>At</span> <span class='ocrx_word' id='word_1_22' title='bbox 368 474 458 520; x_wconf 86' lang='lat' dir='ltr'>tibi</span> <span class='ocrx_word' id='word_1_23' title='bbox 483 474 795 520; x_wconf 84' lang='lat' dir='ltr'>flammarum</span> <span class='ocrx_word' id='word_1_24' title='bbox 820 474 1043 528; x_wconf 86' lang='lat' dir='ltr'>memori,</span> <span class='ocrx_word' id='word_1_25' title='bbox 1074 473 1327 538; x_wconf 79' lang='lat' dir='ltr'>Neptune,</span> <span class='ocrx_word' id='word_1_26' title='bbox 1360 484 1557 524; x_wconf 83' lang='lat' dir='ltr'>tuarum</span> 
     </span>
    </p>
   </div>
   <div class='ocr_carea' id='block_1_4' title="bbox 345 551 1405 615">
    <p class='ocr_par' dir='ltr' id='par_1_4' title="bbox 345 551 1405 615">
     <span class='ocr_line' id='line_1_6' title="bbox 345 551 1405 615; baseline 0.002 -17"><span class='ocrx_word' id='word_1_27' title='bbox 345 551 526 598; x_wconf 89' lang='lat' dir='ltr'>Nullus</span> <span class='ocrx_word' id='word_1_28' title='bbox 553 559 657 598; x_wconf 83' lang='lat' dir='ltr'>erat</span> <span class='ocrx_word' id='word_1_29' title='bbox 681 551 840 598; x_wconf 87' lang='lat' dir='ltr'>ventis</span> <span class='ocrx_word' id='word_1_30' title='bbox 867 551 1215 615; x_wconf 88' lang='lat' dir='ltr'>impediendus</span> <span class='ocrx_word' id='word_1_31' title='bbox 1241 569 1405 601; x_wconf 86' lang='lat' dir='ltr'>amor:</span> 
     </span>
    </p>
   </div>
   <div class='ocr_carea' id='block_1_5' title="bbox 1584 559 1676 603">
    <p class='ocr_par' dir='ltr' id='par_1_5' title="bbox 1584 559 1676 603">
     <span class='ocr_line' id='line_1_7' title="bbox 1584 559 1676 603; baseline 0.011 -1"><span class='ocrx_word' id='word_1_32' title='bbox 1584 559 1676 603; x_wconf 87' lang='lat'>130</span> 
     </span>
    </p>
   </div>
   <div class='ocr_carea' id='block_1_6' title="bbox 276 629 1673 1081">
    <p class='ocr_par' dir='ltr' id='par_1_6' title="bbox 279 629 1519 769">
     <span class='ocr_line' id='line_1_8' title="bbox 279 629 1519 694; baseline 0.002 -19"><span class='ocrx_word' id='word_1_33' title='bbox 279 629 333 675; x_wconf 82' lang='lat' dir='ltr'>Si</span> <span class='ocrx_word' id='word_1_34' title='bbox 359 645 523 693; x_wconf 90' lang='lat' dir='ltr'>neque</span> <span class='ocrx_word' id='word_1_35' title='bbox 548 629 849 694; x_wconf 85' lang='lat' dir='ltr'>Amymone,</span> <span class='ocrx_word' id='word_1_36' title='bbox 878 645 970 676; x_wconf 87' lang='lat' dir='ltr'>nec</span> <span class='ocrx_word' id='word_1_37' title='bbox 997 629 1341 677; x_wconf 80' lang='lat' dir='ltr'>laudatissima</span> <span class='ocrx_word' id='word_1_38' title='bbox 1364 630 1519 678; x_wconf 66' lang='lat' dir='ltr'>form-21</span> 
     </span>
     <span class='ocr_line' id='line_1_9' title="bbox 346 705 1312 769; baseline 0.002 -17"><span class='ocrx_word' id='word_1_39' title='bbox 346 705 581 753; x_wconf 80' lang='lat' dir='ltr'>Criminis</span> <span class='ocrx_word' id='word_1_40' title='bbox 607 714 684 754; x_wconf 92' lang='lat' dir='ltr'>est</span> <span class='ocrx_word' id='word_1_41' title='bbox 711 705 844 769; x_wconf 83' lang='lat' dir='ltr'>Tyro</span> <span class='ocrx_word' id='word_1_42' title='bbox 870 706 1039 753; x_wconf 78' lang='lat' dir='ltr'>fabula</span> <span class='ocrx_word' id='word_1_43' title='bbox 1062 723 1188 754; x_wconf 84' lang='lat' dir='ltr'>vana</span> <span class='ocrx_word' id='word_1_44' title='bbox 1212 708 1312 765; x_wconf 82' lang='lat' dir='ltr'>tui3</span> 
     </span>
    </p>

    <p class='ocr_par' dir='ltr' id='par_1_7' title="bbox 277 782 1625 923">
     <span class='ocr_line' id='line_1_10' title="bbox 277 782 1625 848; baseline 0.004 -19"><span class='ocrx_word' id='word_1_45' title='bbox 277 782 569 848; x_wconf 82' lang='lat' dir='ltr'>Lucidaque</span> <span class='ocrx_word' id='word_1_46' title='bbox 593 784 836 847; x_wconf 84' lang='lat' dir='ltr'>Alcyone,</span> <span class='ocrx_word' id='word_1_47' title='bbox 867 782 1117 846; x_wconf 85' lang='lat' dir='ltr'>Circeque</span> <span class='ocrx_word' id='word_1_48' title='bbox 1143 790 1194 831; x_wconf 85' lang='lat' dir='ltr'>et</span> <span class='ocrx_word' id='word_1_49' title='bbox 1220 784 1468 848; x_wconf 85' lang='lat' dir='ltr'>Alymone</span> <span class='ocrx_word' id='word_1_50' title='bbox 1494 793 1625 842; x_wconf 82' lang='lat' dir='ltr'>nata,</span> 
     </span>
     <span class='ocr_line' id='line_1_11' title="bbox 343 860 1461 923; baseline 0.002 -15"><span class='ocrx_word' id='word_1_51' title='bbox 343 861 409 909; x_wconf 85' lang='lat' dir='ltr'>Et</span> <span class='ocrx_word' id='word_1_52' title='bbox 433 862 652 909; x_wconf 88' lang='lat' dir='ltr'>nondum</span> <span class='ocrx_word' id='word_1_53' title='bbox 678 861 820 914; x_wconf 80' lang='lat' dir='ltr'>nexis</span> <span class='ocrx_word' id='word_1_54' title='bbox 847 877 1008 923; x_wconf 83' lang='lat' dir='ltr'>angue</span> <span class='ocrx_word' id='word_1_55' title='bbox 1034 860 1252 909; x_wconf 81' lang='lat' dir='ltr'>Medusa</span> <span class='ocrx_word' id='word_1_56' title='bbox 1277 864 1461 921; x_wconf 81' lang='lat' dir='ltr'>comis3</span> 
     </span>
    </p>

    <p class='ocr_par' dir='ltr' id='par_1_8' title="bbox 276 938 1673 1081">
     <span class='ocr_line' id='line_1_12' title="bbox 276 938 1673 1003; baseline 0.002 -18"><span class='ocrx_word' id='word_1_57' title='bbox 276 938 529 1003; x_wconf 79' lang='lat' dir='ltr'>Flavaque</span> <span class='ocrx_word' id='word_1_58' title='bbox 556 939 788 994; x_wconf 80' lang='lat' dir='ltr'>Laodice,</span> <span class='ocrx_word' id='word_1_59' title='bbox 811 938 1040 1001; x_wconf 82' lang='lat' dir='ltr'>coeloque</span> <span class='ocrx_word' id='word_1_60' title='bbox 1067 946 1270 1003; x_wconf 80' lang='lat' dir='ltr'>recepta</span> <span class='ocrx_word' id='word_1_61' title='bbox 1297 939 1519 996; x_wconf 68' lang='lat' dir='ltr'>Celaeno,</span> <span class='ocrx_word' id='word_1_62' title='bbox 1581 944 1673 988; x_wconf 85' lang='lat'>135</span> 
     </span>
     <span class='ocr_line' id='line_1_13' title="bbox 343 1015 1416 1081; baseline 0.001 -18"><span class='ocrx_word' id='word_1_63' title='bbox 343 1016 409 1064; x_wconf 89' lang='lat' dir='ltr'>Et</span> <span class='ocrx_word' id='word_1_64' title='bbox 433 1034 644 1081; x_wconf 88' lang='lat' dir='ltr'>quarum</span> <span class='ocrx_word' id='word_1_65' title='bbox 670 1015 872 1064; x_wconf 89' lang='lat' dir='ltr'>memini</span> <span class='ocrx_word' id='word_1_66' title='bbox 899 1015 1100 1063; x_wconf 81' lang='lat' dir='ltr'>nomina</span> <span class='ocrx_word' id='word_1_67' title='bbox 1123 1017 1254 1064; x_wconf 86' lang='lat' dir='ltr'>lecta</span> <span class='ocrx_word' id='word_1_68' title='bbox 1279 1017 1416 1064; x_wconf 90' lang='lat' dir='ltr'>mihi.</span> 
     </span>
    </p>
   </div>
   <div class='ocr_carea' id='block_1_7' title="bbox 262 1240 936 2623">
    <p class='ocr_par' dir='ltr' id='par_1_9' title="bbox 270 1240 935 1333">
     <span class='ocr_line' id='line_1_14' title="bbox 272 1240 935 1284; baseline 0.002 -13"><span class='ocrx_word' id='word_1_69' title='bbox 272 1240 359 1272; x_wconf 88' lang='lat' dir='ltr'>denti</span> <span class='ocrx_word' id='word_1_70' title='bbox 376 1253 478 1278; x_wconf 86' lang='lat' dir='ltr'>versu,</span> <span class='ocrx_word' id='word_1_71' title='bbox 494 1244 543 1273; x_wconf 86' lang='grc' dir='ltr'>Αη</span> <span class='ocrx_word' id='word_1_72' title='bbox 564 1243 651 1284; x_wconf 83' lang='lat' dir='ltr'>legas</span> <span class='ocrx_word' id='word_1_73' title='bbox 674 1254 745 1274; x_wconf 89' lang='lat' dir='ltr'>cum</span> <span class='ocrx_word' id='word_1_74' title='bbox 761 1243 935 1274; x_wconf 84' lang='lat' dir='ltr'>Puteaneo.</span> 
     </span>
     <span class='ocr_line' id='line_1_15' title="bbox 270 1289 661 1333; baseline 0.005 -12"><span class='ocrx_word' id='word_1_75' title='bbox 270 1289 366 1332; x_wconf 86' lang='lat' dir='ltr'>idque</span> <span class='ocrx_word' id='word_1_76' title='bbox 381 1297 518 1333; x_wconf 83' lang='lat' dir='ltr'>praestat.</span> <span class='ocrx_word' id='word_1_77' title='bbox 542 1293 661 1324; x_wconf 63' lang='lat' dir='ltr'>Hssixs.</span> 
     </span>
    </p>

    <p class='ocr_par' dir='ltr' id='par_1_10' title="bbox 269 1342 934 1483">
     <span class='ocr_line' id='line_1_16' title="bbox 319 1342 934 1384; baseline 0.005 -14"><span class='ocrx_word' id='word_1_78' title='bbox 319 1342 390 1371; x_wconf 80' lang='lat'>127.</span> <span class='ocrx_word' id='word_1_79' title='bbox 416 1342 486 1372; x_wconf 80' lang='lat' dir='ltr'>Non</span> <span class='ocrx_word' id='word_1_80' title='bbox 499 1342 601 1384; x_wconf 68' lang='lat' dir='ltr'>sawt,</span> <span class='ocrx_word' id='word_1_81' title='bbox 626 1349 661 1373; x_wconf 78' lang='lat' dir='ltr'>ut</span> <span class='ocrx_word' id='word_1_82' title='bbox 686 1355 768 1373; x_wconf 80' lang='lat' dir='ltr'>nunc</span> <span class='ocrx_word' id='word_1_83' title='bbox 781 1350 836 1379; x_wconf 74' lang='lat' dir='ltr'>est,</span> <span class='ocrx_word' id='word_1_84' title='bbox 853 1342 934 1382; x_wconf 59' lang='grc' dir='ltr'>δῖα]</span> 
     </span>
     <span class='ocr_line' id='line_1_17' title="bbox 270 1390 933 1434; baseline 0.003 -14"><span class='ocrx_word' id='word_1_85' title='bbox 270 1390 420 1422; x_wconf 78' lang='lat' dir='ltr'>Similiter</span> <span class='ocrx_word' id='word_1_86' title='bbox 454 1391 725 1423; x_wconf 86' lang='lat' dir='ltr'>Thessaloniensis</span> <span class='ocrx_word' id='word_1_87' title='bbox 754 1391 933 1434; x_wconf 82' lang='lat' dir='ltr'>Antipater,</span> 
     </span>
     <span class='ocr_line' id='line_1_18' title="bbox 269 1440 934 1483; baseline 0.002 -13"><span class='ocrx_word' id='word_1_88' title='bbox 269 1440 364 1482; x_wconf 84' lang='lat' dir='ltr'>Epig.</span> <span class='ocrx_word' id='word_1_89' title='bbox 382 1443 434 1472; x_wconf 83' lang='lat'>52.</span> <span class='ocrx_word' id='word_1_90' title='bbox 449 1441 544 1472; x_wconf 85' lang='lat' dir='ltr'>Anal.</span> <span class='ocrx_word' id='word_1_91' title='bbox 561 1442 699 1478; x_wconf 86' lang='lat' dir='ltr'>Brunck,</span> <span class='ocrx_word' id='word_1_92' title='bbox 720 1447 742 1472; x_wconf 90' lang='lat' dir='ltr'>t.</span> <span class='ocrx_word' id='word_1_93' title='bbox 759 1442 792 1471; x_wconf 90' lang='lat' dir='ltr'>ii.</span> <span class='ocrx_word' id='word_1_94' title='bbox 810 1453 843 1483; x_wconf 86' lang='lat' dir='ltr'>p.</span> <span class='ocrx_word' id='word_1_95' title='bbox 861 1443 934 1472; x_wconf 84' lang='lat'>102.</span> 
     </span>
    </p>

    <p class='ocr_par' dir='ltr' id='par_1_11' title="bbox 312 1490 936 1534">
     <span class='ocr_line' id='line_1_19' title="bbox 312 1490 936 1534; baseline 0 -13"><span class='ocrx_word' id='word_1_96' title='bbox 312 1490 380 1522; x_wconf 83' lang='grc' dir='ltr'>Αιέὶ</span> <span class='ocrx_word' id='word_1_97' title='bbox 406 1490 620 1534; x_wconf 68' lang='grc' dir='ltr'>Θηλυτὲρῃσιν</span> <span class='ocrx_word' id='word_1_98' title='bbox 643 1490 725 1534; x_wconf 67' lang='grc' dir='ltr'>ὕδωρ</span> <span class='ocrx_word' id='word_1_99' title='bbox 747 1492 849 1523; x_wconf 86' lang='grc' dir='ltr'><em>κακὸν</em></span> <span class='ocrx_word' id='word_1_100' title='bbox 863 1490 936 1522; x_wconf 79' lang='grc' dir='ltr'>Ἐλ-</span> 
     </span>
    </p>

    <p class='ocr_par' dir='ltr' id='par_1_12' title="bbox 353 1539 892 1578">
     <span class='ocr_line' id='line_1_20' title="bbox 353 1539 892 1578; baseline -0.002 -6"><span class='ocrx_word' id='word_1_101' title='bbox 353 1539 553 1578; x_wconf 77' lang='grc' dir='ltr'><strong>λὴσποντος.</strong></span> <span class='ocrx_word' id='word_1_102' title='bbox 775 1541 892 1572; x_wconf 76' lang='lat' dir='ltr'>AMAR.</span> 
     </span>
    </p>

    <p class='ocr_par' dir='ltr' id='par_1_13' title="bbox 262 1591 935 2326">
     <span class='ocr_line' id='line_1_21' title="bbox 316 1591 934 1633; baseline 0.002 -13"><span class='ocrx_word' id='word_1_103' title='bbox 316 1592 387 1622; x_wconf 87' lang='lat'>131.</span> <span class='ocrx_word' id='word_1_104' title='bbox 422 1591 646 1622; x_wconf 72' lang='lat' dir='ltr'>Laudalissima</span> <span class='ocrx_word' id='word_1_105' title='bbox 668 1591 806 1633; x_wconf 56' lang='lat' dir='ltr'>jbrnuh]</span> <span class='ocrx_word' id='word_1_106' title='bbox 841 1592 934 1633; x_wconf 85' lang='lat' dir='ltr'>Tyro,</span> 
     </span>
     <span class='ocr_line' id='line_1_22' title="bbox 268 1641 935 1679; baseline 0 -8"><span class='ocrx_word' id='word_1_107' title='bbox 268 1647 302 1672; x_wconf 92' lang='lat' dir='ltr'>ut</span> <span class='ocrx_word' id='word_1_108' title='bbox 317 1641 472 1671; x_wconf 83' lang='lat' dir='ltr'>Homerus</span> <span class='ocrx_word' id='word_1_109' title='bbox 491 1641 609 1679; x_wconf 85' lang='lat' dir='ltr'>scribit,</span> <span class='ocrx_word' id='word_1_110' title='bbox 624 1642 781 1672; x_wconf 80' lang='lat' dir='ltr'>Salmonei</span> <span class='ocrx_word' id='word_1_111' title='bbox 797 1641 862 1672; x_wconf 87' lang='lat' dir='ltr'>filia</span> <span class='ocrx_word' id='word_1_112' title='bbox 877 1642 935 1672; x_wconf 86' lang='lat' dir='ltr'>suit</span> 
     </span>
     <span class='ocr_line' id='line_1_23' title="bbox 268 1691 932 1733; baseline 0.002 -12"><span class='ocrx_word' id='word_1_113' title='bbox 268 1702 338 1732; x_wconf 85' lang='lat' dir='ltr'>quae</span> <span class='ocrx_word' id='word_1_114' title='bbox 349 1692 514 1733; x_wconf 88' lang='lat' dir='ltr'>Enypeum</span> <span class='ocrx_word' id='word_1_115' title='bbox 526 1691 655 1722; x_wconf 88' lang='lat' dir='ltr'>fluvium</span> <span class='ocrx_word' id='word_1_116' title='bbox 672 1692 806 1722; x_wconf 85' lang='lat' dir='ltr'>amavit:</span> <span class='ocrx_word' id='word_1_117' title='bbox 833 1691 865 1722; x_wconf 91' lang='lat' dir='ltr'>in</span> <span class='ocrx_word' id='word_1_118' title='bbox 877 1702 932 1722; x_wconf 87' lang='lat' dir='ltr'>cu-</span> 
     </span>
     <span class='ocr_line' id='line_1_24' title="bbox 262 1741 933 1783; baseline 0.001 -12"><span class='ocrx_word' id='word_1_119' title='bbox 262 1741 316 1783; x_wconf 89' lang='lat' dir='ltr'>jus</span> <span class='ocrx_word' id='word_1_120' title='bbox 329 1741 403 1783; x_wconf 84' lang='lat' dir='ltr'>ripis</span> <span class='ocrx_word' id='word_1_121' title='bbox 413 1742 581 1783; x_wconf 85' lang='lat' dir='ltr'>Neptunus</span> <span class='ocrx_word' id='word_1_122' title='bbox 596 1741 628 1771; x_wconf 90' lang='lat' dir='ltr'>in</span> <span class='ocrx_word' id='word_1_123' title='bbox 638 1742 802 1783; x_wconf 88' lang='lat' dir='ltr'>Enypeum</span> <span class='ocrx_word' id='word_1_124' title='bbox 817 1752 933 1775; x_wconf 84' lang='lat' dir='ltr'>versus.</span> 
     </span>
     <span class='ocr_line' id='line_1_25' title="bbox 266 1789 934 1832; baseline 0.001 -12"><span class='ocrx_word' id='word_1_125' title='bbox 266 1789 448 1832; x_wconf 79' lang='lat' dir='ltr'>compressit</span> <span class='ocrx_word' id='word_1_126' title='bbox 460 1801 541 1826; x_wconf 90' lang='lat' dir='ltr'>eam,</span> <span class='ocrx_word' id='word_1_127' title='bbox 556 1790 756 1832; x_wconf 84' lang='lat' dir='ltr'>Neleumque</span> <span class='ocrx_word' id='word_1_128' title='bbox 773 1790 934 1821; x_wconf 82' lang='lat' dir='ltr'>etPeliam</span> 
     </span>
     <span class='ocr_line' id='line_1_26' title="bbox 267 1839 933 1882; baseline 0.002 -13"><span class='ocrx_word' id='word_1_129' title='bbox 267 1850 305 1870; x_wconf 91' lang='lat' dir='ltr'>ex</span> <span class='ocrx_word' id='word_1_130' title='bbox 321 1839 377 1870; x_wconf 90' lang='lat' dir='ltr'>illa</span> <span class='ocrx_word' id='word_1_131' title='bbox 391 1840 471 1870; x_wconf 88' lang='lat' dir='ltr'>filios</span> <span class='ocrx_word' id='word_1_132' title='bbox 486 1849 548 1870; x_wconf 91' lang='lat' dir='ltr'>uno</span> <span class='ocrx_word' id='word_1_133' title='bbox 564 1847 654 1882; x_wconf 85' lang='lat' dir='ltr'>partu</span> <span class='ocrx_word' id='word_1_134' title='bbox 669 1839 820 1882; x_wconf 86' lang='lat' dir='ltr'>suscepit.</span> <span class='ocrx_word' id='word_1_135' title='bbox 845 1840 933 1871; x_wconf 74' lang='lat' dir='ltr'>ANT.</span> 
     </span>
     <span class='ocr_line' id='line_1_27' title="bbox 267 1888 930 1930; baseline 0.002 -11"><span class='ocrx_word' id='word_1_136' title='bbox 267 1889 331 1929; x_wconf 83' lang='lat' dir='ltr'>Si.]</span> <span class='ocrx_word' id='word_1_137' title='bbox 373 1889 433 1919; x_wconf 88' lang='lat' dir='ltr'>Pro</span> <span class='ocrx_word' id='word_1_138' title='bbox 461 1888 629 1930; x_wconf 79' lang='lat' dir='ltr'>siquidem.</span> <span class='ocrx_word' id='word_1_139' title='bbox 679 1889 737 1919; x_wconf 73' lang='lat' dir='ltr'>Tui</span> <span class='ocrx_word' id='word_1_140' title='bbox 768 1890 930 1930; x_wconf 61' lang='lat' dir='ltr'>criminis]</span> 
     </span>
     <span class='ocr_line' id='line_1_28' title="bbox 266 1937 933 1979; baseline 0.001 -11"><span class='ocrx_word' id='word_1_141' title='bbox 266 1938 325 1969; x_wconf 90' lang='lat' dir='ltr'>Tui</span> <span class='ocrx_word' id='word_1_142' title='bbox 341 1937 453 1968; x_wconf 83' lang='lat' dir='ltr'>amoris</span> <span class='ocrx_word' id='word_1_143' title='bbox 468 1944 499 1968; x_wconf 88' lang='lat' dir='ltr'>et</span> <span class='ocrx_word' id='word_1_144' title='bbox 518 1938 713 1968; x_wconf 81' lang='lat' dir='ltr'>concubitus.</span> <span class='ocrx_word' id='word_1_145' title='bbox 758 1938 933 1979; x_wconf 82' lang='lat' dir='ltr'>Amymone</span> 
     </span>
     <span class='ocr_line' id='line_1_29' title="bbox 267 1987 934 2024; baseline 0.001 -6"><span class='ocrx_word' id='word_1_146' title='bbox 267 1999 331 2019; x_wconf 88' lang='lat' dir='ltr'>una</span> <span class='ocrx_word' id='word_1_147' title='bbox 360 1987 419 2018; x_wconf 86' lang='lat' dir='ltr'>fuit</span> <span class='ocrx_word' id='word_1_148' title='bbox 457 1998 495 2018; x_wconf 87' lang='lat' dir='ltr'>ex</span> <span class='ocrx_word' id='word_1_149' title='bbox 533 1988 656 2020; x_wconf 86' lang='lat' dir='ltr'>filiabus</span> <span class='ocrx_word' id='word_1_150' title='bbox 686 1988 802 2024; x_wconf 82' lang='lat' dir='ltr'>Danai,</span> <span class='ocrx_word' id='word_1_151' title='bbox 833 1989 934 2019; x_wconf 79' lang='lat' dir='ltr'>fratris</span> 
     </span>
     <span class='ocr_line' id='line_1_30' title="bbox 267 2036 932 2079; baseline 0.003 -13"><span class='ocrx_word' id='word_1_152' title='bbox 267 2036 418 2079; x_wconf 80' lang='lat' dir='ltr'>AEgypti:</span> <span class='ocrx_word' id='word_1_153' title='bbox 443 2048 536 2078; x_wconf 89' lang='lat' dir='ltr'>quam</span> <span class='ocrx_word' id='word_1_154' title='bbox 553 2048 623 2067; x_wconf 84' lang='lat' dir='ltr'>cum</span> <span class='ocrx_word' id='word_1_155' title='bbox 648 2043 736 2079; x_wconf 90' lang='lat' dir='ltr'>pater</span> <span class='ocrx_word' id='word_1_156' title='bbox 753 2038 819 2079; x_wconf 82' lang='lat' dir='ltr'>ejus</span> <span class='ocrx_word' id='word_1_157' title='bbox 836 2049 932 2079; x_wconf 84' lang='lat' dir='ltr'>aqua-</span> 
     </span>
     <span class='ocr_line' id='line_1_31' title="bbox 266 2086 931 2128; baseline 0.002 -11"><span class='ocrx_word' id='word_1_158' title='bbox 266 2092 332 2118; x_wconf 89' lang='lat' dir='ltr'>tum</span> <span class='ocrx_word' id='word_1_159' title='bbox 357 2086 501 2122; x_wconf 76' lang='lat' dir='ltr'>misisset,</span> <span class='ocrx_word' id='word_1_160' title='bbox 525 2092 555 2117; x_wconf 86' lang='lat' dir='ltr'>et</span> <span class='ocrx_word' id='word_1_161' title='bbox 578 2088 706 2128; x_wconf 81' lang='lat' dir='ltr'>Satyrus</span> <span class='ocrx_word' id='word_1_162' title='bbox 727 2087 823 2118; x_wconf 83' lang='lat' dir='ltr'>visam</span> <span class='ocrx_word' id='word_1_163' title='bbox 850 2088 931 2118; x_wconf 75' lang='lat' dir='ltr'>inse-</span> 
     </span>
     <span class='ocr_line' id='line_1_32' title="bbox 265 2135 931 2178; baseline 0 -11"><span class='ocrx_word' id='word_1_164' title='bbox 265 2142 422 2177; x_wconf 82' lang='lat' dir='ltr'>queretur,</span> <span class='ocrx_word' id='word_1_165' title='bbox 437 2141 468 2166; x_wconf 91' lang='lat' dir='ltr'>et</span> <span class='ocrx_word' id='word_1_166' title='bbox 483 2136 537 2166; x_wconf 86' lang='lat' dir='ltr'>illa</span> <span class='ocrx_word' id='word_1_167' title='bbox 552 2135 703 2166; x_wconf 84' lang='lat' dir='ltr'>auxilium</span> <span class='ocrx_word' id='word_1_168' title='bbox 719 2136 861 2178; x_wconf 77' lang='lat' dir='ltr'>Neptuni</span> <span class='ocrx_word' id='word_1_169' title='bbox 875 2137 931 2167; x_wconf 89' lang='lat' dir='ltr'>im-</span> 
     </span>
     <span class='ocr_line' id='line_1_33' title="bbox 264 2185 930 2227; baseline 0.002 -12"><span class='ocrx_word' id='word_1_170' title='bbox 264 2185 410 2227; x_wconf 82' lang='lat' dir='ltr'>ploraret,</span> <span class='ocrx_word' id='word_1_171' title='bbox 423 2186 601 2227; x_wconf 84' lang='lat' dir='ltr'>Neptunus,</span> <span class='ocrx_word' id='word_1_172' title='bbox 611 2186 718 2226; x_wconf 76' lang='lat' dir='ltr'>fugato</span> <span class='ocrx_word' id='word_1_173' title='bbox 728 2186 848 2227; x_wconf 77' lang='lat' dir='ltr'>Satyro,</span> <span class='ocrx_word' id='word_1_174' title='bbox 862 2197 930 2216; x_wconf 85' lang='lat' dir='ltr'>eam</span> 
     </span>
     <span class='ocr_line' id='line_1_34' title="bbox 265 2235 930 2278; baseline 0 -12"><span class='ocrx_word' id='word_1_175' title='bbox 265 2236 462 2277; x_wconf 78' lang='lat' dir='ltr'>compressit:</span> <span class='ocrx_word' id='word_1_176' title='bbox 488 2246 525 2266; x_wconf 90' lang='lat' dir='ltr'>ex</span> <span class='ocrx_word' id='word_1_177' title='bbox 542 2246 606 2277; x_wconf 83' lang='lat' dir='ltr'>qua</span> <span class='ocrx_word' id='word_1_178' title='bbox 620 2235 730 2277; x_wconf 83' lang='lat' dir='ltr'>genuit</span> <span class='ocrx_word' id='word_1_179' title='bbox 746 2236 930 2278; x_wconf 80' lang='lat' dir='ltr'>Nauplium,</span> 
     </span>
     <span class='ocr_line' id='line_1_35' title="bbox 264 2284 591 2326; baseline 0 -11"><span class='ocrx_word' id='word_1_180' title='bbox 264 2290 384 2326; x_wconf 86' lang='lat' dir='ltr'>patrem</span> <span class='ocrx_word' id='word_1_181' title='bbox 401 2284 591 2315; x_wconf 79' lang='lat' dir='ltr'>Palamedis.</span> 
     </span>
    </p>

    <p class='ocr_par' dir='ltr' id='par_1_14' title="bbox 263 2334 930 2623">
     <span class='ocr_line' id='line_1_36' title="bbox 313 2334 928 2374; baseline 0.002 -10"><span class='ocrx_word' id='word_1_182' title='bbox 313 2335 385 2364; x_wconf 88' lang='lat'>133.</span> <span class='ocrx_word' id='word_1_183' title='bbox 415 2334 578 2374; x_wconf 58' lang='lat' dir='ltr'>Alc-yona]</span> <span class='ocrx_word' id='word_1_184' title='bbox 612 2334 690 2365; x_wconf 81' lang='lat' dir='ltr'>Haec</span> <span class='ocrx_word' id='word_1_185' title='bbox 719 2334 777 2365; x_wconf 84' lang='lat' dir='ltr'>suit</span> <span class='ocrx_word' id='word_1_186' title='bbox 805 2345 868 2365; x_wconf 86' lang='lat' dir='ltr'>una</span> <span class='ocrx_word' id='word_1_187' title='bbox 891 2345 928 2365; x_wconf 82' lang='lat' dir='ltr'>cx</span> 
     </span>
     <span class='ocr_line' id='line_1_37' title="bbox 264 2382 930 2426; baseline 0.005 -14"><span class='ocrx_word' id='word_1_188' title='bbox 264 2382 456 2419; x_wconf 87' lang='lat' dir='ltr'>I’leiadibus,</span> <span class='ocrx_word' id='word_1_189' title='bbox 494 2383 560 2414; x_wconf 80' lang='lat' dir='ltr'>filia</span> <span class='ocrx_word' id='word_1_190' title='bbox 597 2383 752 2415; x_wconf 82' lang='lat' dir='ltr'>Atlantis:</span> <span class='ocrx_word' id='word_1_191' title='bbox 792 2396 829 2415; x_wconf 83' lang='lat' dir='ltr'>ex</span> <span class='ocrx_word' id='word_1_192' title='bbox 868 2396 930 2426; x_wconf 85' lang='lat' dir='ltr'>qua</span> 
     </span>
     <span class='ocr_line' id='line_1_38' title="bbox 263 2432 928 2475; baseline 0.005 -13"><span class='ocrx_word' id='word_1_193' title='bbox 263 2432 432 2474; x_wconf 85' lang='lat' dir='ltr'>Neptunus</span> <span class='ocrx_word' id='word_1_194' title='bbox 455 2433 591 2475; x_wconf 82' lang='lat' dir='ltr'>suscepit</span> <span class='ocrx_word' id='word_1_195' title='bbox 615 2434 771 2474; x_wconf 75' lang='lat' dir='ltr'>Lycaona,</span> <span class='ocrx_word' id='word_1_196' title='bbox 788 2440 819 2465; x_wconf 86' lang='lat' dir='ltr'>et</span> <span class='ocrx_word' id='word_1_197' title='bbox 834 2435 928 2475; x_wconf 85' lang='lat' dir='ltr'>Hyri-</span> 
     </span>
     <span class='ocr_line' id='line_1_39' title="bbox 264 2482 930 2524; baseline 0.005 -13"><span class='ocrx_word' id='word_1_198' title='bbox 264 2491 346 2518; x_wconf 89' lang='lat' dir='ltr'>eum,</span> <span class='ocrx_word' id='word_1_199' title='bbox 363 2486 482 2523; x_wconf 88' lang='lat' dir='ltr'>patrem</span> <span class='ocrx_word' id='word_1_200' title='bbox 501 2482 635 2513; x_wconf 79' lang='lat' dir='ltr'>Orionis.</span> <span class='ocrx_word' id='word_1_201' title='bbox 664 2483 815 2524; x_wconf 48' lang='lat' dir='ltr'>Lucida]</span> <span class='ocrx_word' id='word_1_202' title='bbox 845 2484 930 2520; x_wconf 79' lang='lat' dir='ltr'>Quia</span> 
     </span>
     <span class='ocr_line' id='line_1_40' title="bbox 263 2529 929 2564; baseline 0.006 -4"><span class='ocrx_word' id='word_1_203' title='bbox 263 2529 295 2560; x_wconf 90' lang='lat' dir='ltr'>in</span> <span class='ocrx_word' id='word_1_204' title='bbox 319 2530 442 2561; x_wconf 87' lang='lat' dir='ltr'>stellam</span> <span class='ocrx_word' id='word_1_205' title='bbox 458 2542 607 2562; x_wconf 87' lang='lat' dir='ltr'>conversa</span> <span class='ocrx_word' id='word_1_206' title='bbox 629 2537 688 2562; x_wconf 86' lang='lat' dir='ltr'>est.</span> <span class='ocrx_word' id='word_1_207' title='bbox 712 2533 801 2564; x_wconf 79' lang='lat' dir='ltr'>Hun.</span> <span class='ocrx_word' id='word_1_208' title='bbox 843 2534 929 2564; x_wconf 71' lang='lat' dir='ltr'>Circe</span> 
     </span>
     <span class='ocr_line' id='line_1_41' title="bbox 264 2580 928 2623; baseline 0.006 -14"><span class='ocrx_word' id='word_1_209' title='bbox 264 2585 292 2609; x_wconf 80' lang='lat' dir='ltr'>et</span> <span class='ocrx_word' id='word_1_210' title='bbox 308 2580 454 2620; x_wconf 70' lang='lat' dir='ltr'>Alymmze</span> <span class='ocrx_word' id='word_1_211' title='bbox 476 2581 581 2621; x_wconf 61' lang='lat' dir='ltr'>natm]</span> <span class='ocrx_word' id='word_1_212' title='bbox 609 2581 817 2623; x_wconf 82' lang='lat' dir='ltr'>Iphimediam</span> <span class='ocrx_word' id='word_1_213' title='bbox 832 2582 928 2623; x_wconf 80' lang='lat' dir='ltr'>signi-</span> 
     </span>
    </p>
   </div>
   <div class='ocr_carea' id='block_1_8' title="bbox 263 2628 927 2716">
    <p class='ocr_par' dir='ltr' id='par_1_15' title="bbox 263 2628 927 2716">
     <span class='ocr_line' id='line_1_42' title="bbox 264 2628 926 2674; baseline 0.008 -16"><span class='ocrx_word' id='word_1_214' title='bbox 264 2629 347 2664; x_wconf 80' lang='lat' dir='ltr'>ficat,</span> <span class='ocrx_word' id='word_1_215' title='bbox 364 2628 470 2660; x_wconf 89' lang='lat' dir='ltr'>Circes</span> <span class='ocrx_word' id='word_1_216' title='bbox 490 2635 521 2660; x_wconf 91' lang='lat' dir='ltr'>et</span> <span class='ocrx_word' id='word_1_217' title='bbox 544 2630 708 2672; x_wconf 79' lang='lat' dir='ltr'>Alymonis</span> <span class='ocrx_word' id='word_1_218' title='bbox 731 2632 838 2668; x_wconf 85' lang='lat' dir='ltr'>filiam,</span> <span class='ocrx_word' id='word_1_219' title='bbox 857 2644 926 2674; x_wconf 82' lang='lat' dir='ltr'>quae</span> 
     </span>
     <span class='ocr_line' id='line_1_43' title="bbox 263 2671 927 2716; baseline 0.008 -15"><span class='ocrx_word' id='word_1_220' title='bbox 263 2671 362 2702; x_wconf 90' lang='lat' dir='ltr'>Aloeo</span> <span class='ocrx_word' id='word_1_221' title='bbox 391 2672 505 2714; x_wconf 85' lang='lat' dir='ltr'>nupsit,</span> <span class='ocrx_word' id='word_1_222' title='bbox 530 2679 563 2704; x_wconf 92' lang='lat' dir='ltr'>ut</span> <span class='ocrx_word' id='word_1_223' title='bbox 591 2674 623 2704; x_wconf 91' lang='lat' dir='ltr'>in</span> <span class='ocrx_word' id='word_1_224' title='bbox 653 2675 797 2716; x_wconf 78' lang='lat' dir='ltr'>Odyssea</span> <span class='ocrx_word' id='word_1_225' title='bbox 820 2677 927 2707; x_wconf 84' lang='lat' dir='ltr'>scribit</span> 
     </span>
    </p>
   </div>
   <div class='ocr_carea' id='block_1_9' title="bbox 265 2721 925 2767">
    <p class='ocr_par' dir='ltr' id='par_1_16' title="bbox 265 2721 925 2767">
     <span class='ocr_line' id='line_1_44' title="bbox 265 2721 925 2767; baseline 0.009 -17"><span class='ocrx_word' id='word_1_226' title='bbox 265 2721 434 2753; x_wconf 86' lang='lat' dir='ltr'>Homerus:</span> <span class='ocrx_word' id='word_1_227' title='bbox 457 2723 650 2765; x_wconf 76' lang='lat' dir='ltr'>jactavitque</span> <span class='ocrx_word' id='word_1_228' title='bbox 667 2736 698 2755; x_wconf 64' lang='lat' dir='ltr'>se</span> <span class='ocrx_word' id='word_1_229' title='bbox 715 2736 784 2755; x_wconf 67' lang='lat' dir='ltr'>eum</span> <span class='ocrx_word' id='word_1_230' title='bbox 807 2726 925 2767; x_wconf 60' lang='lat' dir='ltr'>Neptu&lt;</span> 
     </span>
    </p>
   </div>
   <div class='ocr_carea' id='block_1_10' title="bbox 1001 1241 1674 1975">
    <p class='ocr_par' dir='ltr' id='par_1_17' title="bbox 1001 1241 1674 1975">
     <span class='ocr_line' id='line_1_45' title="bbox 1007 1241 1673 1284; baseline 0 -12"><span class='ocrx_word' id='word_1_231' title='bbox 1007 1252 1045 1272; x_wconf 94' lang='lat' dir='ltr'>no</span> <span class='ocrx_word' id='word_1_232' title='bbox 1061 1242 1234 1279; x_wconf 86' lang='lat' dir='ltr'>miscuisse,</span> <span class='ocrx_word' id='word_1_233' title='bbox 1249 1247 1328 1273; x_wconf 85' lang='lat' dir='ltr'>etex</span> <span class='ocrx_word' id='word_1_234' title='bbox 1342 1253 1378 1273; x_wconf 86' lang='lat' dir='ltr'>eo</span> <span class='ocrx_word' id='word_1_235' title='bbox 1389 1242 1507 1284; x_wconf 87' lang='lat' dir='ltr'>prolem</span> <span class='ocrx_word' id='word_1_236' title='bbox 1522 1241 1673 1283; x_wconf 83' lang='lat' dir='ltr'>inclytam</span> 
     </span>
     <span class='ocr_line' id='line_1_46' title="bbox 1007 1291 1660 1334; baseline 0 -12"><span class='ocrx_word' id='word_1_237' title='bbox 1007 1292 1105 1322; x_wconf 91' lang='lat' dir='ltr'>Otum</span> <span class='ocrx_word' id='word_1_238' title='bbox 1121 1298 1152 1323; x_wconf 92' lang='lat' dir='ltr'>et</span> <span class='ocrx_word' id='word_1_239' title='bbox 1167 1292 1347 1334; x_wconf 84' lang='lat' dir='ltr'>Ephialtem</span> <span class='ocrx_word' id='word_1_240' title='bbox 1363 1291 1548 1334; x_wconf 81' lang='lat' dir='ltr'>suscepisse.</span> <span class='ocrx_word' id='word_1_241' title='bbox 1573 1291 1660 1322; x_wconf 62' lang='lat' dir='ltr'>Am.</span> 
     </span>
     <span class='ocr_line' id='line_1_47' title="bbox 1052 1341 1672 1382; baseline -0.002 -10"><span class='ocrx_word' id='word_1_242' title='bbox 1052 1342 1194 1382; x_wconf 77' lang='lat' dir='ltr'>Circeqzte</span> <span class='ocrx_word' id='word_1_243' title='bbox 1208 1349 1236 1372; x_wconf 76' lang='lat' dir='ltr'>et</span> <span class='ocrx_word' id='word_1_244' title='bbox 1252 1343 1398 1382; x_wconf 70' lang='lat' dir='ltr'>Aiymone</span> <span class='ocrx_word' id='word_1_245' title='bbox 1420 1341 1526 1381; x_wconf 64' lang='lat' dir='ltr'>natm]</span> <span class='ocrx_word' id='word_1_246' title='bbox 1553 1341 1672 1377; x_wconf 85' lang='lat' dir='ltr'>Scribo,</span> 
     </span>
     <span class='ocr_line' id='line_1_48' title="bbox 1008 1391 1674 1432; baseline 0.003 -12"><span class='ocrx_word' id='word_1_247' title='bbox 1008 1391 1175 1432; x_wconf 69' lang='lat' dir='ltr'>Calyceque</span> <span class='ocrx_word' id='word_1_248' title='bbox 1201 1392 1370 1422; x_wconf 78' lang='lat' dir='ltr'>Ecatheone</span> <span class='ocrx_word' id='word_1_249' title='bbox 1394 1397 1480 1421; x_wconf 77' lang='lat' dir='ltr'>nata.</span> <span class='ocrx_word' id='word_1_250' title='bbox 1527 1391 1674 1432; x_wconf 77' lang='lat' dir='ltr'>Hyginus</span> 
     </span>
     <span class='ocr_line' id='line_1_49' title="bbox 1006 1439 1672 1482; baseline 0.005 -12"><span class='ocrx_word' id='word_1_251' title='bbox 1006 1440 1084 1471; x_wconf 84' lang='lat' dir='ltr'>Fal).</span> <span class='ocrx_word' id='word_1_252' title='bbox 1099 1440 1185 1471; x_wconf 90' lang='lat' dir='ltr'>clvii.</span> <span class='ocrx_word' id='word_1_253' title='bbox 1203 1441 1256 1471; x_wconf 88' lang='lat' dir='ltr'>ubi</span> <span class='ocrx_word' id='word_1_254' title='bbox 1269 1439 1412 1482; x_wconf 89' lang='lat' dir='ltr'>Neptuni</span> <span class='ocrx_word' id='word_1_255' title='bbox 1427 1440 1507 1470; x_wconf 82' lang='lat' dir='ltr'>filios</span> <span class='ocrx_word' id='word_1_256' title='bbox 1520 1445 1672 1476; x_wconf 79' lang='lat' dir='ltr'>recenset,</span> 
     </span>
     <span class='ocr_line' id='line_1_50' title="bbox 1008 1489 1672 1532; baseline 0 -13"><span class='ocrx_word' id='word_1_257' title='bbox 1008 1490 1132 1532; x_wconf 61' lang='lat' dir='ltr'>Cygnus</span> <span class='ocrx_word' id='word_1_258' title='bbox 1154 1502 1187 1521; x_wconf 60' lang='lat' dir='ltr'>es</span> <span class='ocrx_word' id='word_1_259' title='bbox 1203 1491 1315 1531; x_wconf 71' lang='lat' dir='ltr'>Calyce</span> <span class='ocrx_word' id='word_1_260' title='bbox 1331 1490 1495 1520; x_wconf 77' lang='lat' dir='ltr'>Hecatonis</span> <span class='ocrx_word' id='word_1_261' title='bbox 1504 1490 1592 1530; x_wconf 77' lang='lat' dir='ltr'>filia.</span> <span class='ocrx_word' id='word_1_262' title='bbox 1618 1489 1672 1520; x_wconf 80' lang='lat' dir='ltr'>ubi</span> 
     </span>
     <span class='ocr_line' id='line_1_51' title="bbox 1006 1538 1671 1570; baseline -0.002 -1"><span class='ocrx_word' id='word_1_263' title='bbox 1006 1539 1193 1570; x_wconf 67' lang='lat' dir='ltr'>Hecatoeonis</span> <span class='ocrx_word' id='word_1_264' title='bbox 1251 1539 1374 1570; x_wconf 87' lang='lat' dir='ltr'>videtur</span> <span class='ocrx_word' id='word_1_265' title='bbox 1424 1538 1671 1569; x_wconf 81' lang='lat' dir='ltr'>rescribendum.</span> 
     </span>
     <span class='ocr_line' id='line_1_52' title="bbox 1003 1588 1670 1629; baseline 0.001 -11"><span class='ocrx_word' id='word_1_266' title='bbox 1003 1588 1193 1619; x_wconf 88' lang='lat' dir='ltr'>Scholiastes</span> <span class='ocrx_word' id='word_1_267' title='bbox 1207 1588 1363 1619; x_wconf 81' lang='lat' dir='ltr'>Theocriti</span> <span class='ocrx_word' id='word_1_268' title='bbox 1380 1588 1475 1629; x_wconf 85' lang='lat' dir='ltr'>Idyll.</span> <span class='ocrx_word' id='word_1_269' title='bbox 1491 1588 1555 1618; x_wconf 84' lang='lat' dir='ltr'>xvi.</span> <span class='ocrx_word' id='word_1_270' title='bbox 1583 1588 1670 1619; x_wconf 80' lang='grc' dir='ltr'><em>Κύκ-</em></span> 
     </span>
     <span class='ocr_line' id='line_1_53' title="bbox 1004 1637 1670 1680; baseline -0.003 -11"><span class='ocrx_word' id='word_1_271' title='bbox 1004 1650 1064 1669; x_wconf 73' lang='grc' dir='ltr'>νον</span> <span class='ocrx_word' id='word_1_272' title='bbox 1089 1637 1173 1680; x_wconf 77' lang='grc' dir='ltr'>λέγει</span> <span class='ocrx_word' id='word_1_273' title='bbox 1196 1639 1256 1669; x_wconf 86' lang='grc' dir='ltr'>τὸν</span> <span class='ocrx_word' id='word_1_274' title='bbox 1281 1637 1482 1675; x_wconf 70' lang='grc' dir='ltr'><em>Π(τειδῶνος</em></span> <span class='ocrx_word' id='word_1_275' title='bbox 1503 1638 1555 1668; x_wconf 80' lang='grc' dir='ltr'>καὶ</span> <span class='ocrx_word' id='word_1_276' title='bbox 1582 1638 1670 1676; x_wconf 79' lang='grc' dir='ltr'>Κὴϋ-</span> 
     </span>
     <span class='ocr_line' id='line_1_54' title="bbox 1002 1686 1670 1724; baseline 0 -6"><span class='ocrx_word' id='word_1_277' title='bbox 1002 1699 1069 1724; x_wconf 83' lang='grc' dir='ltr'><strong>κος.</strong></span> <span class='ocrx_word' id='word_1_278' title='bbox 1117 1687 1178 1718; x_wconf 79' lang='lat' dir='ltr'>Vel</span> <span class='ocrx_word' id='word_1_279' title='bbox 1205 1693 1240 1718; x_wconf 92' lang='lat' dir='ltr'>ut</span> <span class='ocrx_word' id='word_1_280' title='bbox 1268 1687 1337 1717; x_wconf 83' lang='lat' dir='ltr'>aliae</span> <span class='ocrx_word' id='word_1_281' title='bbox 1364 1686 1516 1717; x_wconf 86' lang='lat' dir='ltr'>editiones</span> <span class='ocrx_word' id='word_1_282' title='bbox 1542 1686 1670 1724; x_wconf 84' lang='lat' dir='ltr'>habent,</span> 
     </span>
     <span class='ocr_line' id='line_1_55' title="bbox 1004 1736 1670 1778; baseline -0.003 -10"><span class='ocrx_word' id='word_1_283' title='bbox 1004 1737 1145 1774; x_wconf 78' lang='grc' dir='ltr'><strong>Καΰκος.</strong></span> <span class='ocrx_word' id='word_1_284' title='bbox 1191 1738 1275 1778; x_wconf 82' lang='lat' dir='ltr'>Lego</span> <span class='ocrx_word' id='word_1_285' title='bbox 1303 1737 1472 1776; x_wconf 76' lang='grc' dir='ltr'>Καλύκης.</span> <span class='ocrx_word' id='word_1_286' title='bbox 1503 1736 1592 1767; x_wconf 85' lang='lat' dir='ltr'>addit</span> <span class='ocrx_word' id='word_1_287' title='bbox 1615 1748 1670 1767; x_wconf 82' lang='lat' dir='ltr'>au-</span> 
     </span>
     <span class='ocr_line' id='line_1_56' title="bbox 1002 1786 1669 1823; baseline 0 -6"><span class='ocrx_word' id='word_1_288' title='bbox 1002 1792 1076 1823; x_wconf 86' lang='lat' dir='ltr'>tem,</span> <span class='ocrx_word' id='word_1_289' title='bbox 1095 1787 1273 1818; x_wconf 68' lang='lat' dir='ltr'>Hecatmwze</span> <span class='ocrx_word' id='word_1_290' title='bbox 1290 1793 1374 1823; x_wconf 71' lang='lat' dir='ltr'>nala,</span> <span class='ocrx_word' id='word_1_291' title='bbox 1391 1792 1424 1816; x_wconf 92' lang='lat' dir='ltr'>ut</span> <span class='ocrx_word' id='word_1_292' title='bbox 1440 1787 1479 1817; x_wconf 87' lang='lat' dir='ltr'>ab</span> <span class='ocrx_word' id='word_1_293' title='bbox 1496 1786 1594 1817; x_wconf 86' lang='lat' dir='ltr'>altera</span> <span class='ocrx_word' id='word_1_294' title='bbox 1608 1787 1669 1817; x_wconf 92' lang='lat' dir='ltr'>Ca-</span> 
     </span>
     <span class='ocr_line' id='line_1_57' title="bbox 1001 1835 1669 1878; baseline -0.001 -11"><span class='ocrx_word' id='word_1_295' title='bbox 1001 1836 1071 1877; x_wconf 90' lang='lat' dir='ltr'>lyce</span> <span class='ocrx_word' id='word_1_296' title='bbox 1101 1836 1307 1878; x_wconf 85' lang='lat' dir='ltr'>Endymionis</span> <span class='ocrx_word' id='word_1_297' title='bbox 1340 1842 1450 1872; x_wconf 88' lang='lat' dir='ltr'>matre,</span> <span class='ocrx_word' id='word_1_298' title='bbox 1478 1835 1542 1866; x_wconf 87' lang='lat' dir='ltr'>filia</span> <span class='ocrx_word' id='word_1_299' title='bbox 1570 1836 1669 1872; x_wconf 78' lang='lat' dir='ltr'>AEoli,</span> 
     </span>
     <span class='ocr_line' id='line_1_58' title="bbox 1001 1885 1644 1927; baseline -0.002 -11"><span class='ocrx_word' id='word_1_300' title='bbox 1001 1886 1185 1927; x_wconf 81' lang='lat' dir='ltr'>distinguat.</span> <span class='ocrx_word' id='word_1_301' title='bbox 1198 1886 1242 1916; x_wconf 85' lang='lat' dir='ltr'>sic</span> <span class='ocrx_word' id='word_1_302' title='bbox 1259 1886 1313 1916; x_wconf 90' lang='lat' dir='ltr'>lib.</span> <span class='ocrx_word' id='word_1_303' title='bbox 1330 1885 1397 1916; x_wconf 89' lang='lat' dir='ltr'>viii.</span> <span class='ocrx_word' id='word_1_304' title='bbox 1412 1887 1548 1916; x_wconf 84' lang='lat' dir='ltr'>Metam.</span> <span class='ocrx_word' id='word_1_305' title='bbox 1567 1886 1644 1916; x_wconf 81' lang='lat'>307.</span> 
     </span>
     <span class='ocr_line' id='line_1_59' title="bbox 1146 1935 1632 1975; baseline 0 -10"><span class='ocrx_word' id='word_1_306' title='bbox 1146 1935 1185 1965; x_wconf 79' lang='lat' dir='ltr'>Et</span> <span class='ocrx_word' id='word_1_307' title='bbox 1201 1942 1300 1965; x_wconf 76' lang='lat' dir='ltr'>cretus</span> <span class='ocrx_word' id='word_1_308' title='bbox 1316 1936 1480 1975; x_wconf 70' lang='lat' dir='ltr'>Amyntore</span> <span class='ocrx_word' id='word_1_309' title='bbox 1494 1935 1632 1965; x_wconf 62' lang='lat' dir='ltr'>Plioeniae.</span> 
     </span>
    </p>
   </div>
   <div class='ocr_carea' id='block_1_11' title="bbox 1043 1954 1129 1958">
    <p class='ocr_par' dir='ltr' id='par_1_18' title="bbox 1043 1954 1129 1958">
     <span class='ocr_line' id='line_1_60' title="bbox 1043 1954 1129 1958; baseline 0 0"><span class='ocrx_word' id='word_1_310' title='bbox 1043 1954 1129 1958; x_wconf 95' lang='lat' dir='ltr'> </span> 
     </span>
    </p>
   </div>
   <div class='ocr_carea' id='block_1_12' title="bbox 979 1983 1668 2025">
    <p class='ocr_par' dir='ltr' id='par_1_19' title="bbox 979 1983 1668 2025">
     <span class='ocr_line' id='line_1_61' title="bbox 979 1983 1668 2025; baseline 0.003 -12"><span class='ocrx_word' id='word_1_311' title='bbox 979 1988 985 1989; x_wconf 62' lang='grc'><em>’</em></span> <span class='ocrx_word' id='word_1_312' title='bbox 1002 1984 1052 2015; x_wconf 84' lang='lat' dir='ltr'>Ne</span> <span class='ocrx_word' id='word_1_313' title='bbox 1068 1983 1222 2025; x_wconf 82' lang='lat' dir='ltr'>Agenoris</span> <span class='ocrx_word' id='word_1_314' title='bbox 1238 1984 1319 2014; x_wconf 83' lang='lat' dir='ltr'>filius</span> <span class='ocrx_word' id='word_1_315' title='bbox 1335 1983 1541 2024; x_wconf 67' lang='lat' dir='ltr'>intelligatur.</span> <span class='ocrx_word' id='word_1_316' title='bbox 1575 1983 1668 2015; x_wconf 86' lang='lat' dir='ltr'>Certe</span> 
     </span>
    </p>
   </div>
   <div class='ocr_carea' id='block_1_13' title="bbox 995 2033 1668 2767">
    <p class='ocr_par' dir='ltr' id='par_1_20' title="bbox 999 2033 1668 2314">
     <span class='ocr_line' id='line_1_62' title="bbox 1002 2033 1668 2076; baseline 0 -12"><span class='ocrx_word' id='word_1_317' title='bbox 1002 2034 1103 2075; x_wconf 89' lang='lat' dir='ltr'>Cycni</span> <span class='ocrx_word' id='word_1_318' title='bbox 1115 2039 1257 2069; x_wconf 84' lang='lat' dir='ltr'>matrem,</span> <span class='ocrx_word' id='word_1_319' title='bbox 1272 2044 1459 2074; x_wconf 84' lang='lat' dir='ltr'>quocunque</span> <span class='ocrx_word' id='word_1_320' title='bbox 1471 2033 1597 2063; x_wconf 84' lang='lat' dir='ltr'>tandem</span> <span class='ocrx_word' id='word_1_321' title='bbox 1614 2045 1668 2076; x_wconf 89' lang='lat' dir='ltr'>ap-</span> 
     </span>
     <span class='ocr_line' id='line_1_63' title="bbox 1000 2083 1666 2125; baseline 0 -11"><span class='ocrx_word' id='word_1_322' title='bbox 1000 2083 1151 2125; x_wconf 73' lang='lat' dir='ltr'>pellatam</span> <span class='ocrx_word' id='word_1_323' title='bbox 1168 2084 1305 2117; x_wconf 83' lang='lat' dir='ltr'>nomine,</span> <span class='ocrx_word' id='word_1_324' title='bbox 1320 2083 1370 2113; x_wconf 79' lang='lat' dir='ltr'>hic</span> <span class='ocrx_word' id='word_1_325' title='bbox 1387 2083 1520 2123; x_wconf 77' lang='lat' dir='ltr'>intelligi</span> <span class='ocrx_word' id='word_1_326' title='bbox 1538 2084 1576 2113; x_wconf 84' lang='lat' dir='ltr'>ab</span> <span class='ocrx_word' id='word_1_327' title='bbox 1590 2083 1666 2114; x_wconf 87' lang='lat' dir='ltr'>Ovi-</span> 
     </span>
     <span class='ocr_line' id='line_1_64' title="bbox 999 2132 1666 2174; baseline 0.001 -12"><span class='ocrx_word' id='word_1_328' title='bbox 999 2133 1051 2163; x_wconf 86' lang='lat' dir='ltr'>dio</span> <span class='ocrx_word' id='word_1_329' title='bbox 1070 2144 1132 2163; x_wconf 90' lang='lat' dir='ltr'>non</span> <span class='ocrx_word' id='word_1_330' title='bbox 1154 2138 1201 2163; x_wconf 87' lang='lat' dir='ltr'>est</span> <span class='ocrx_word' id='word_1_331' title='bbox 1217 2133 1361 2163; x_wconf 86' lang='lat' dir='ltr'>dubium.</span> <span class='ocrx_word' id='word_1_332' title='bbox 1407 2132 1438 2162; x_wconf 84' lang='lat' dir='ltr'>Si</span> <span class='ocrx_word' id='word_1_333' title='bbox 1455 2132 1525 2174; x_wconf 87' lang='lat' dir='ltr'>quis</span> <span class='ocrx_word' id='word_1_334' title='bbox 1540 2133 1666 2163; x_wconf 67' lang='lat' dir='ltr'>meliora</span> 
     </span>
     <span class='ocr_line' id='line_1_65' title="bbox 999 2181 1667 2224; baseline -0.001 -11"><span class='ocrx_word' id='word_1_335' title='bbox 999 2182 1173 2224; x_wconf 87' lang='lat' dir='ltr'>protulerit,</span> <span class='ocrx_word' id='word_1_336' title='bbox 1192 2182 1217 2213; x_wconf 88' lang='lat' dir='ltr'>is</span> <span class='ocrx_word' id='word_1_337' title='bbox 1242 2184 1352 2213; x_wconf 86' lang='lat' dir='ltr'>Musas</span> <span class='ocrx_word' id='word_1_338' title='bbox 1376 2181 1526 2223; x_wconf 71' lang='lat' dir='ltr'>singulari</span> <span class='ocrx_word' id='word_1_339' title='bbox 1550 2183 1667 2213; x_wconf 86' lang='lat' dir='ltr'>benefi-</span> 
     </span>
     <span class='ocr_line' id='line_1_66' title="bbox 999 2232 1668 2264; baseline 0.003 -2"><span class='ocrx_word' id='word_1_340' title='bbox 999 2232 1047 2262; x_wconf 83' lang='lat' dir='ltr'>cio</span> <span class='ocrx_word' id='word_1_341' title='bbox 1062 2232 1285 2263; x_wconf 84' lang='lat' dir='ltr'>demerebitur.</span> <span class='ocrx_word' id='word_1_342' title='bbox 1310 2233 1482 2263; x_wconf 56' lang='lat' dir='ltr'>Hizlxsws.</span> <span class='ocrx_word' id='word_1_343' title='bbox 1530 2233 1668 2264; x_wconf 77' lang='lat' dir='ltr'>Amiione</span> 
     </span>
     <span class='ocr_line' id='line_1_67' title="bbox 999 2283 1179 2314; baseline -0.006 0"><span class='ocrx_word' id='word_1_344' title='bbox 999 2283 1179 2314; x_wconf 85' lang='lat' dir='ltr'>Bernensis.</span> 
     </span>
    </p>

    <p class='ocr_par' dir='ltr' id='par_1_21' title="bbox 995 2331 1665 2767">
     <span class='ocr_line' id='line_1_68' title="bbox 1045 2331 1665 2374; baseline -0.002 -11"><span class='ocrx_word' id='word_1_345' title='bbox 1045 2334 1115 2364; x_wconf 89' lang='grc'><strong>135.</strong></span> <span class='ocrx_word' id='word_1_346' title='bbox 1150 2333 1307 2374; x_wconf 63' lang='lat' dir='ltr'>Laodice]</span> <span class='ocrx_word' id='word_1_347' title='bbox 1340 2333 1422 2363; x_wconf 80' lang='lat' dir='ltr'>Duae</span> <span class='ocrx_word' id='word_1_348' title='bbox 1452 2333 1577 2363; x_wconf 89' lang='lat' dir='ltr'>fuerunt</span> <span class='ocrx_word' id='word_1_349' title='bbox 1607 2331 1665 2362; x_wconf 85' lang='lat' dir='ltr'>hoc</span> 
     </span>
     <span class='ocr_line' id='line_1_69' title="bbox 999 2380 1665 2422; baseline -0.003 -10"><span class='ocrx_word' id='word_1_350' title='bbox 999 2382 1122 2413; x_wconf 88' lang='lat' dir='ltr'>nomine</span> <span class='ocrx_word' id='word_1_351' title='bbox 1135 2381 1226 2413; x_wconf 82' lang='lat' dir='ltr'>dictae</span> <span class='ocrx_word' id='word_1_352' title='bbox 1242 2395 1247 2413; x_wconf 91' lang='lat'><strong>:</strong></span> <span class='ocrx_word' id='word_1_353' title='bbox 1266 2380 1665 2422; x_wconf 79' lang='lat' dir='ltr'>una,filiaAgamemnonis</span> 
     </span>
     <span class='ocr_line' id='line_1_70' title="bbox 997 2430 1661 2473; baseline -0.005 -11"><span class='ocrx_word' id='word_1_354' title='bbox 997 2437 1029 2462; x_wconf 88' lang='lat' dir='ltr'>et</span> <span class='ocrx_word' id='word_1_355' title='bbox 1048 2432 1303 2473; x_wconf 81' lang='lat' dir='ltr'>Clytemnestrae:</span> <span class='ocrx_word' id='word_1_356' title='bbox 1327 2432 1435 2468; x_wconf 87' lang='lat' dir='ltr'>altera,</span> <span class='ocrx_word' id='word_1_357' title='bbox 1448 2431 1513 2461; x_wconf 82' lang='lat' dir='ltr'>filia</span> <span class='ocrx_word' id='word_1_358' title='bbox 1528 2430 1661 2461; x_wconf 85' lang='lat' dir='ltr'>Priami:</span> 
     </span>
     <span class='ocr_line' id='line_1_71' title="bbox 998 2481 1663 2524; baseline -0.002 -13"><span class='ocrx_word' id='word_1_359' title='bbox 998 2491 1092 2522; x_wconf 83' lang='lat' dir='ltr'>quam</span> <span class='ocrx_word' id='word_1_360' title='bbox 1115 2492 1197 2512; x_wconf 86' lang='lat' dir='ltr'>nunc</span> <span class='ocrx_word' id='word_1_361' title='bbox 1224 2488 1300 2524; x_wconf 88' lang='lat' dir='ltr'>puta</span> <span class='ocrx_word' id='word_1_362' title='bbox 1324 2483 1450 2523; x_wconf 64' lang='lat' dir='ltr'>poetam</span> <span class='ocrx_word' id='word_1_363' title='bbox 1476 2481 1663 2521; x_wconf 69' lang='lat' dir='ltr'>intelligere,</span> 
     </span>
     <span class='ocr_line' id='line_1_72' title="bbox 997 2531 1664 2574; baseline -0.001 -14"><span class='ocrx_word' id='word_1_364' title='bbox 997 2531 1081 2572; x_wconf 89' lang='lat' dir='ltr'>quod</span> <span class='ocrx_word' id='word_1_365' title='bbox 1107 2542 1126 2561; x_wconf 84' lang='lat' dir='ltr'>a</span> <span class='ocrx_word' id='word_1_366' title='bbox 1140 2531 1289 2574; x_wconf 87' lang='lat' dir='ltr'>Neptuno</span> <span class='ocrx_word' id='word_1_367' title='bbox 1305 2537 1408 2562; x_wconf 85' lang='lat' dir='ltr'>amata</span> <span class='ocrx_word' id='word_1_368' title='bbox 1429 2531 1481 2561; x_wconf 84' lang='lat' dir='ltr'>sit.</span> <span class='ocrx_word' id='word_1_369' title='bbox 1531 2532 1664 2570; x_wconf 59' lang='lat' dir='ltr'>Calesque</span> 
     </span>
     <span class='ocr_line' id='line_1_73' title="bbox 996 2580 1662 2622; baseline 0 -13"><span class='ocrx_word' id='word_1_370' title='bbox 996 2587 1112 2620; x_wconf 66' lang='lat' dir='ltr'>ret-epla</span> <span class='ocrx_word' id='word_1_371' title='bbox 1131 2581 1276 2622; x_wconf 56' lang='lat' dir='ltr'>camum]</span> <span class='ocrx_word' id='word_1_372' title='bbox 1304 2581 1443 2612; x_wconf 88' lang='lat' dir='ltr'>Atlantis</span> <span class='ocrx_word' id='word_1_373' title='bbox 1466 2580 1531 2611; x_wconf 91' lang='lat' dir='ltr'>filia</span> <span class='ocrx_word' id='word_1_374' title='bbox 1546 2580 1662 2620; x_wconf 79' lang='lat' dir='ltr'>Alcyo-</span> 
     </span>
     <span class='ocr_line' id='line_1_74' title="bbox 996 2629 1660 2666; baseline -0.003 -7"><span class='ocrx_word' id='word_1_375' title='bbox 996 2640 1051 2660; x_wconf 89' lang='lat' dir='ltr'>nes</span> <span class='ocrx_word' id='word_1_376' title='bbox 1066 2641 1159 2666; x_wconf 87' lang='lat' dir='ltr'>soror,</span> <span class='ocrx_word' id='word_1_377' title='bbox 1176 2641 1238 2661; x_wconf 87' lang='lat' dir='ltr'>una</span> <span class='ocrx_word' id='word_1_378' title='bbox 1253 2630 1311 2661; x_wconf 89' lang='lat' dir='ltr'>fuit</span> <span class='ocrx_word' id='word_1_379' title='bbox 1326 2642 1362 2661; x_wconf 83' lang='lat' dir='ltr'>ex</span> <span class='ocrx_word' id='word_1_380' title='bbox 1380 2629 1574 2661; x_wconf 77' lang='lat' dir='ltr'>Plciadihus.</span> <span class='ocrx_word' id='word_1_381' title='bbox 1601 2629 1660 2658; x_wconf 75' lang='lat' dir='ltr'>Re-</span> 
     </span>
     <span class='ocr_line' id='line_1_75' title="bbox 995 2677 1660 2720; baseline -0.009 -8"><span class='ocrx_word' id='word_1_382' title='bbox 995 2686 1079 2718; x_wconf 71' lang='lat' dir='ltr'>cepta</span> <span class='ocrx_word' id='word_1_383' title='bbox 1103 2681 1204 2720; x_wconf 55' lang='lat' dir='ltr'>culm]</span> <span class='ocrx_word' id='word_1_384' title='bbox 1232 2680 1389 2715; x_wconf 71' lang='lat' dir='ltr'>Diximus,</span> <span class='ocrx_word' id='word_1_385' title='bbox 1407 2679 1462 2709; x_wconf 70' lang='lat' dir='ltr'>has</span> <span class='ocrx_word' id='word_1_386' title='bbox 1489 2688 1605 2708; x_wconf 76' lang='lat' dir='ltr'>sorores</span> <span class='ocrx_word' id='word_1_387' title='bbox 1630 2677 1660 2707; x_wconf 82' lang='lat' dir='ltr'>in</span> 
     </span>
     <span class='ocr_line' id='line_1_76' title="bbox 995 2725 1659 2767; baseline -0.003 -10"><span class='ocrx_word' id='word_1_388' title='bbox 995 2728 1110 2758; x_wconf 65' lang='lat' dir='ltr'>(mlum</span> <span class='ocrx_word' id='word_1_389' title='bbox 1129 2729 1304 2764; x_wconf 71' lang='lat' dir='ltr'>translatas,</span> <span class='ocrx_word' id='word_1_390' title='bbox 1318 2727 1562 2761; x_wconf 43' lang='lat' dir='ltr'>§dimetri-(4³:³20,</span> <span class='ocrx_word' id='word_1_391' title='bbox 1576 2725 1659 2767; x_wconf 78' lang='lat' dir='ltr'>quod</span> 
     </span>
    </p>
   </div>
   <div class='ocr_carea' id='block_1_14' title="bbox 1054 2781 1109 2812">
    <p class='ocr_par' dir='ltr' id='par_1_22' title="bbox 1054 2781 1109 2812">
     <span class='ocr_line' id='line_1_77' title="bbox 1054 2781 1109 2812; baseline -0.018 0"><span class='ocrx_word' id='word_1_392' title='bbox 1054 2781 1109 2812; x_wconf 81' lang='lat' dir='ltr'>S4</span> 
     </span>
    </p>
   </div>
  </div>
 </body>
</html>
