1849 3198
613 249 958 294 HEROIDES.
990 249 1084 291 ΕΡ.
1117 248 1182 290 ΙΙ.
1545 252 1602 294 13

206 369 423 433 Respice
449 368 684 417 Laerten:
713 373 768 413 ut
786 367 889 429 jam
916 381 1006 412 sua
1027 365 1214 412 lumina
1238 366 1440 423 condas,

274 446 567 493 Extremum
591 444 677 491 fati
703 443 914 490 sustinet
938 442 1019 489 ille
1037 442 1185 489 diem.

208 523 358 571 Certe
383 539 492 585 ego,
520 538 631 585 quae
655 521 860 576 fueram,
887 527 936 567 te
961 520 1266 575 discedente,
1293 521 1474 584 puella,
1506 524 1598 569 115

273 599 506 648 Protinus
531 605 586 646 ut
610 598 799 654 redeaS,
827 596 958 644 facta
980 597 1184 644 videbor
1208 612 1348 645 anus.

671 917 1019 966 EPISTOLA
1057 917 1127 965 II.

500 1037 777 1080 PHYLLIS
811 1038 1306 1080 DEMOPHOONTI.

207 1131 436 1195 Hospita,
466 1131 810 1195 Demophoon,
836 1137 923 1177 tua
945 1137 1011 1185 te,
1040 1129 1337 1194 Rhodopeia
1362 1131 1573 1196 Phyllis,

275 1209 419 1256 Ultra
441 1209 739 1273 promissum
762 1214 960 1271 tempus
987 1207 1163 1255 abesse
1189 1225 1382 1271 queror.

207 1287 407 1334 Cornua
430 1303 542 1334 cum
569 1286 720 1333 Lunae
744 1286 892 1349 pleno
918 1293 1093 1349 quater
1118 1287 1236 1333 orbe
1261 1288 1494 1345 coissent,

273 1363 519 1412 Litoribus
544 1363 723 1411 nostris
749 1363 966 1410 anchora
988 1370 1137 1426 pacta
1158 1370 1244 1410 tua
1268 1370 1360 1411 est.

206 1440 346 1488 Luna
371 1448 545 1505 quater
567 1441 737 1498 latuit;
767 1441 914 1504 pleno
940 1448 1116 1504 quater
1140 1442 1259 1488 orbe
1283 1443 1513 1502 recrevit3
1565 1448 1595 1492 5

273 1518 381 1566 Nec
405 1519 539 1565 vehit
562 1517 759 1565 Actaeas
789 1518 1008 1565 Sithonis
1033 1519 1167 1565 unda
1190 1526 1337 1567 rates.

204 1595 453 1660 Tempora
476 1596 515 1642 si
541 1611 786 1650 numeres,
807 1595 935 1642 bene
955 1611 1066 1658 quae
1093 1612 1407 1644 numeramus
1428 1614 1594 1647 aman-

274 1674 388 1721 Non
402 1674 536 1722 venit
554 1680 668 1721 ante
687 1690 830 1720 suum
850 1680 1017 1720 nostra
1035 1674 1238 1737 querela
1256 1674 1404 1722 diem.

206 1815 318 1847 Rarior
342 1827 412 1847 vero
435 1815 549 1847 locutio
569 1817 684 1846 erudiri
714 1817 745 1845 in
775 1821 864 1851 artes,

207 1877 301 1907 quam
317 1871 347 1896 et
362 1866 459 1897 Statio
475 1876 512 1896 ex
528 1866 620 1896 MSS.
636 1864 738 1895 reddit
754 1863 864 1895 Barth.

206 1915 261 1946 lib.
274 1927 303 1946 x.
315 1915 414 1945 Theb.
426 1916 499 1946 501.

251 1965 291 1995 Et
306 1976 368 2005 quae
385 1971 412 1994 te
425 1966 456 1994 in
471 1965 545 2005 leges
556 1962 865 2004 praeceptaquesortia

292 2015 370 2048 belli,

252 2063 377 2094 Emdiit
390 2064 537 2104 genetrix.
575 2062 692 2092 Eunu.

254 2114 322 2144 113.
352 2112 392 2142 Ut
410 2113 477 2151 jam
503 2122 556 2141 sua
588 2112 702 2140 lumina
724 2111 862 2151 condas]

207 2163 329 2192 Morem
357 2161 439 2191 hunc
470 2159 636 2190 claudendi
665 2159 770 2190 oculos
797 2171 865 2202 pro-

206 2209 330 2253 pinquis
344 2208 477 2240 ostendit
492 2214 522 2239 et
537 2207 700 2251 Euripides
714 2207 746 2239 in
761 2209 866 2239 Hecu-

207 2261 248 2291 ba
263 2260 302 2291 de
317 2259 487 2301 Polydoro:

252 2312 310 2348 Ζῆ,
326 2310 379 2340 καὶ
394 2307 561 2346 θανούσης
581 2307 669 2349 ὄμμα
685 2306 866 2349 συγκλείσει

294 2359 331 2389 τὸ
347 2358 418 2389 σόν.

256 2408 346 2444 Vivit,
361 2413 388 2437 et
404 2406 541 2436 morienti
555 2405 652 2435 oculos
663 2405 783 2435 claudet
799 2406 864 2435 tibi.

722 2453 864 2485 Cmnm.

255 2507 327 2537 115.
363 2503 567 2544 Dis-cedente]
588 2503 626 2534 In
649 2503 767 2534 bellum
791 2503 866 2534 Tro-

207 2556 314 2597 janum
329 2553 552 2596 proficiscente.
569 2554 752 2584 CmFAxus.

255 2604 326 2635 116.
363 2603 457 2634 Facta
484 2605 599 2633 videbor
626 2603 732 2643 anus]
764 2603 867 2634 Verus

210 2652 368 2684 muliebris
382 2651 498 2694 ingenii
513 2652 655 2684 affectus.
701 2652 842 2684 Cxoriix.

256 2752 286 2782 1.
312 2751 528 2792 Demophoon]
557 2751 607 2782 De
631 2751 867 2794 Demophoonte

209 2805 241 2831 et
256 2800 400 2842 Phyllide
414 2800 458 2831 sic
470 2799 614 2842 Hyginus
629 2810 699 2843 cap.
717 2811 788 2831 Lxx.
806 2800 866 2831 De-

1479 1677 1594 1739 [tes,

932 1816 1071 1854 mophoon
1103 1815 1202 1846 Thesei
1221 1816 1314 1856 filius
1337 1818 1368 1847 in
1401 1817 1442 1848 Th
1464 1820 1530 1848 acia
1556 1821 1596 1849 ad

934 1865 1104 1906 Phyllidem
1122 1867 1153 1895 in
1169 1866 1325 1905 hospitium
1340 1869 1454 1898 dicitnr
1478 1871 1595 1906 venisse,

933 1920 961 1944 et
975 1916 1012 1944 ab
1036 1925 1069 1944 ea
1091 1925 1146 1945 esse
1165 1921 1294 1946 amatus.
1322 1916 1462 1950 Quicum
1488 1920 1521 1949 in
1540 1930 1595 1958 pa-

934 1965 1025 1993 triam
1044 1965 1129 1994 vellet
1144 1966 1355 2006 redire,fidem
1376 1968 1402 1997 ei
1417 1968 1499 1998 dedit
1513 1979 1541 1998 se
1555 1971 1595 2000 ad

934 2024 995 2043 eam
1013 2015 1192 2050 reddamini,
1208 2017 1258 2055 qui
1282 2017 1330 2045 die
1349 2018 1510 2047 constituta
1526 2029 1593 2049 cum

934 2074 992 2093 ‘non
1014 2065 1147 2100 venisset,
1165 2065 1217 2095 illa
1240 2076 1271 2095 eo
1293 2067 1341 2096 die
1361 2068 1476 2097 dicitur
1498 2070 1595 2100 novies

934 2114 973 2142 ad
989 2113 1074 2143 littus
1089 2116 1265 2150 cucurrisse,
1282 2117 1358 2155 quod
1372 2127 1406 2145 ex
1421 2127 1454 2146 ea
1473 2117 1593 2148 Ennea-

934 2164 982 2193 dos
998 2163 1100 2194 Graece
1110 2165 1294 2203 appellatur.
1321 2165 1440 2206 Phyllis
1449 2173 1549 2198 antem
1561 2169 1594 2198 ob

933 2214 1110 2244 desiderium
1127 2214 1352 2254 Demophoontis
1369 2217 1507 2255 spiritum
1523 2219 1593 2248 emi-

933 2264 983 2293 sit.
1001 2265 1050 2293 cui
1064 2269 1202 2303 parentes
1225 2275 1290 2294 cum
1314 2266 1502 2304 sepulchrum
1523 2278 1592 2297 con-

933 2314 1106 2348 stituissent,
1132 2314 1246 2343 arbores
1270 2315 1309 2343 ibi
1332 2320 1409 2344 nuta>
1433 2322 1514 2351 sunt,
1530 2328 1593 2355 quae

933 2367 1012 2391 certo
1026 2367 1151 2401 tempore
1171 2362 1320 2403 Phyllidis
1339 2370 1456 2394 mortem
1472 2366 1593 2405 dffiwf·

933 2422 988 2451 quo
1000 2411 1083 2452 folia
1107 2418 1245 2442 arescunt
1268 2418 1296 2442 et
1320 2413 1483 2453 diffluunt:
1507 2418 1596 2455 cujus

932 2471 966 2491 es
980 2461 1185 2502 uominefolia
1202 2461 1306 2492 Graece
1324 2462 1435 2502 Phylla
1454 2470 1526 2494 sunt
1539 2476 1593 2504 ap-

930 2510 1056 2548 pellata.
1073 2509 1253 2541 Cmmxus.

977 2559 1009 2589 6.
1047 2559 1176 2589 Sithonis
1214 2560 1329 2600 unda]
1369 2561 1470 2596 Mare,
1510 2562 1592 2602 quod

932 2607 1096 2638 Thraciam
1120 2607 1220 2639 alluit.
1254 2608 1383 2639 Sithonis
1403 2615 1506 2640 autem
1532 2611 1593 2641 Pa-

933 2656 1172 2697 tronymicorum
1197 2667 1280 2688 more
1303 2657 1432 2688 dictum.
1456 2658 1592 2690 Carisius

934 2705 1017 2736 lib.i.
1032 2711 1063 2736 et
1082 2716 1139 2747 ego
1164 2706 1238 2738 alibi
1257 2706 1346 2749 plura
1364 2707 1508 2749 exempla
1528 2708 1591 2738 col-

934 2754 1009 2796 legi.
1023 2754 1116 2786 Cior.
