1849 3198
239 170 325 211 454

623 169 673 211 P.
708 169 923 211 OVIDII
955 169 1235 212 NASONIS

245 283 304 331 In
330 284 494 330 medio
520 286 698 347 plausu
726 285 954 348 (plausus
980 292 1098 332 tunc
1125 293 1228 333 arte
1254 285 1478 344 carebat)

311 360 424 407 Rex
451 362 634 425 populo
659 362 841 424 praedae
871 361 1013 423 signa
1037 363 1256 425 petenda
1279 362 1433 409 dedit.

245 436 479 483 Protinus
505 438 757 493 exsiliunt,
786 438 1005 484 animum
1032 439 1246 485 clamore
1270 438 1501 492 fatenteS‚
1543 439 1633 483 115

310 513 599 576 Virginibus
626 516 835 578 cupidas
861 515 1191 578 injiciuntque
1217 531 1409 562 manus.

248 590 317 636 Ut
342 590 538 653 fugiunt
564 592 774 654 aquilas,
801 592 1117 638 timidissima
1141 593 1302 647 turba,
1330 592 1590 645 columbae,

314 667 483 730 thue
509 667 636 730 fugit
660 669 790 715 visos
818 684 946 730 agna
970 669 1162 715 novella
1184 669 1356 732 lupos;

246 743 329 791 Sic
356 745 450 791 illae
475 745 683 792 timuere
708 746 838 791 viros
865 744 970 791 sine
996 761 1131 792 more
1157 753 1376 792 ruentes.

312 821 551 868 Constitit
576 822 625 868 in
651 822 804 877 nulla,
834 822 919 884 qui
944 821 1036 868 fuit
1060 828 1190 877 ante,
1214 822 1364 868 color.

1543 823 1634 866 120

246 897 376 945 Nam
406 899 551 946 timor
576 916 703 945 unus
730 907 856 956 erat3
898 898 1049 946 facies
1075 916 1173 945 non
1197 915 1296 945 una
1319 898 1524 945 timoris.

310 975 433 1023 Pars
458 978 610 1024 laniat
636 978 825 1025 crines:
866 994 979 1041 pars
1006 977 1111 1023 sine
1136 983 1301 1023 mente
1328 976 1497 1022 sedet:

242 1052 414 1099 Altera
438 1061 616 1100 moesta
641 1054 777 1109 silet3
818 1054 1000 1100 frustra
1022 1060 1168 1100 vocat
1191 1053 1345 1099 altera
1370 1058 1578 1098 matrem
1598 1068 1607 1098 :

311 1129 435 1176 Haec
449 1131 694 1194 queritur3
721 1138 889 1194 stupet
903 1132 1034 1178 haec:
1059 1131 1164 1177 haec
1182 1138 1369 1187 manet3
1392 1130 1475 1176 illa
1488 1129 1630 1191 fugit.

245 1207 508 1254 Ducuntur
533 1215 703 1271 raptae,
732 1209 939 1270 genialis
965 1209 1149 1272 praeda,
1176 1209 1379 1272 puellae:

1542 1210 1632 1254 125

311 1284 377 1330 Et
400 1285 563 1347 potuit
589 1286 770 1333 multas
797 1287 904 1350 ipse
929 1288 1108 1334 decere
1133 1286 1307 1349 pudor.

244 1360 296 1407 Si
323 1377 425 1423 qua
447 1363 751 1424 repugnarat
776 1363 1000 1419 nimium,
1029 1363 1364 1424 comitemque
1393 1362 1627 1424 negaram

312 1438 572 1485 Sublatam
598 1440 781 1503 cupido
806 1440 877 1486 vir
899 1440 1013 1487 tulit
1036 1439 1145 1503 ipse
1170 1440 1295 1485 sinu.

242 1514 408 1576 Atque
425 1515 507 1570 ita,
527 1515 658 1569 Quid
680 1523 876 1564 teneros
898 1516 1113 1563 lacrimis
1130 1514 1403 1578 corrumpis
1419 1515 1632 1562 ocellos?

309 1591 456 1644 Quod
483 1593 624 1639 matri
653 1601 793 1655 pater
818 1599 910 1648 est,
938 1594 1032 1639 hoc
1058 1593 1164 1647 tibi,
1193 1592 1334 1647 dixit,
1363 1608 1462 1639 ero.

238 1825 377 1867 Scaliger
394 1832 425 1856 et
446 1827 631 1857 Politianus.
658 1838 714 1858 nec
736 1827 826 1859 aliter
849 1840 902 1870 pro

239 1876 361 1906 diversa
375 1875 509 1906 lectione
524 1876 555 1905 in
568 1876 683 1907 Moreti
699 1877 788 1907 libro.
837 1878 900 1907 Lu-

238 1927 282 1955 ‹liz'
311 1924 404 1954 iidem
431 1924 484 1965 qui
514 1924 690 1956 histriones.
720 1925 760 1956 de
789 1926 902 1967 quibus

239 1985 310 2005 cum
325 1974 377 2004 alii
398 1974 464 2015 jam
480 1974 604 2004 abunde
620 1985 657 2005 ex
675 1975 811 2016 professo
829 1986 900 2016 ege-

238 2023 310 2058 rint,
328 2023 412 2064 quod
428 2023 543 2053 addam
560 2033 620 2053 non
636 2023 746 2054 habeo.
785 2025 900 2055 Bmm.

284 2073 358 2102 113.
394 2072 526 2102 Plausus
556 2079 628 2103 tunc
654 2080 720 2103 arte
745 2074 897 2114 careban]

238 2119 381 2162 Respicit
393 2121 431 2151 ad
447 2131 504 2151 sua
518 2126 669 2162 tempora,
686 2121 800 2163 quibus
816 2122 902 2154 varia

236 2170 402 2211 plausuum
433 2181 558 2211 genera,
581 2182 650 2211 quae
676 2171 899 2202 condisceban-

236 2223 297 2254 tur,
325 2224 414 2249 erant
444 2220 475 2249 in
504 2231 573 2250 usu.
603 2220 667 2251 vid.
694 2221 832 2251 Casaub⁴⁷
860 2221 900 2252 ad

236 2268 365 2298 Sueton.
406 2269 524 2299 Neron.
559 2279 628 2311 cap.
666 2281 717 2300 xx.
759 2272 900 2301 carebant

237 2322 371 2357 quatuor
391 2317 510 2358 scripti.
547 2328 617 2348 cum
636 2318 897 2350 Francofurtensi.

238 2365 355 2395 Bunm.

283 2414 354 2444 114.
378 2414 472 2455 Signa
485 2417 613 2454 petenda
630 2415 740 2455 dadin]
766 2415 817 2446 An
840 2416 897 2447 hoc

237 2462 348 2493 Latine
381 2462 505 2494 dicatur
538 2463 737 2494 vehementer
774 2465 896 2496 dubito:

236 2510 395 2541 debuisset
402 2513 535 2550 petendoe
547 2514 654 2551 praedze
664 2512 780 2543 dicere.
793 2523 898 2554 quare,

235 2559 261 2589 si
278 2559 375 2590 codex
399 2560 482 2590 ullus
507 2560 678 2597 addiceret,
698 2560 832 2592 libenter
853 2562 897 2593 le—

235 2619 352 2650 gerem,
368 2611 455 2651 signa
481 2616 601 2649 repente
625 2612 718 2640 dedit.
744 2611 805 2646 vel,
823 2610 898 2647 Rea,

235 2660 343 2698 populo
378 2661 484 2698 przrda‘
519 2662 605 2701 signa
641 2666 768 2698 petente,
805 2662 899 2691 dedit.

238 2708 353 2738 Burni.

283 2758 353 2788 122.
372 2757 440 2787 Sine
457 2764 551 2788 niente
562 2759 668 2798 sedek]
693 2758 897 2797 [emimegim

1540 1594 1632 1638 130

970 1833 1002 1858 et
1023 1828 1149 1858 Moreti.
1173 1832 1204 1857 et
1218 1838 1305 1857 ruere
1320 1831 1367 1857 est
1381 1827 1502 1869 proprie
1519 1832 1631 1858 temere

969 1882 1000 1907 et
1015 1876 1080 1907 sine
1097 1883 1200 1906 mente
1216 1877 1297 1908 ferri.
1321 1876 1375 1907 sed
1395 1876 1554 1918 praecessit
1574 1888 1627 1907 rn—

969 1932 1059 1961 entes‚
1076 1925 1133 1956 nisi
1149 1924 1191 1955 ibi
1205 1926 1351 1966 furentes
1365 1925 1530 1956 malumus.
1544 1928 1630 1965 jacet

969 1974 1147 2009 Bernensis,
1175 1974 1263 2005 Junii
1293 1980 1324 2005 et
1347 1980 1408 2005 tres
1437 1974 1502 2010 alii,
1531 1982 1629 2006 manet

970 2033 1061 2053 unus.

1015 2073 1084 2103 125.
1111 2072 1249 2102 Genialis
1266 2072 1397 2112 pruzia]
1427 2073 1554 2103 Merula
1576 2083 1630 2103 ex—

968 2120 1065 2161 plicat
1095 2121 1282 2162 generandis
1310 2121 1415 2151 liberis
1442 2128 1561 2162 parata.
1598 2128 1629 2153 et

969 2169 1097 2200 adducit
1123 2171 1256 2211 geniales
1279 2176 1354 2200 toros
1376 2180 1413 2200 ex
1438 2170 1561 2212 Virgilii
1588 2170 1630 2201 vi.

969 2217 1044 2248 603.
1058 2217 1113 2248 sed
1128 2218 1171 2248 ibi
1185 2224 1267 2254 sunt,
1284 2218 1397 2259 quibus
1416 2219 1506 2259 genio
1521 2219 1626 2250 indul—

968 2272 1076 2307 getur3
1100 2267 1175 2298 licet
1189 2267 1314 2298 Servius
1329 2268 1435 2298 doctos
1452 2268 1537 2304 velit,
1554 2268 1628 2309 quia

967 2321 1146 2346 sternuntur
1164 2317 1277 2358 puellis
1300 2317 1500 2353 nubentibus,
1517 2317 1593 2348 dicti
1610 2327 1628 2347 a

966 2366 1152 2405 generandis
1166 2366 1281 2396 liberis.
1304 2367 1358 2397 sed
1372 2367 1467 2397 male.
1484 2377 1503 2397 a
1515 2367 1628 2403 Genio,

967 2413 1016 2443 cui
1032 2414 1122 2450 sacri,
1138 2414 1214 2445 dicti
1227 2414 1273 2444 illi
1288 2414 1375 2446 lecti.
1399 2420 1483 2446 certe
1496 2417 1628 2457 genialis

965 2465 1079 2501 prada.
1124 2464 1196 2493 Eun
1204 2475 1239 2494 M.

1013 2514 1083 2544 129.
1110 2514 1191 2548 Quid
1210 2520 1323 2544 teneros
1348 2515 1479 2544 lacrimis
1492 2525 1626 2544 corrum-

965 2563 1010 2600 pis
1037 2563 1176 2602 ocellos?]
1210 2562 1329 2593 Livius.
1386 2566 1405 2579 “
1420 2562 1627 2593 Accedebant

965 2611 1127 2642 blanditiae
1142 2611 1274 2642 virorum
1292 2611 1407 2642 factum
1425 2612 1625 2654 purgantium

966 2659 1137 2701 cupiditate
1153 2665 1247 2701 atque
1260 2668 1362 2691 amore
1372 2672 1380 2698 ;
1404 2671 1474 2702 quae
1490 2659 1625 2691 maxime

967 2709 1005 2739 ad
1021 2709 1171 2740 muliebre
1188 2709 1346 2750 ingenium
1360 2710 1502 2740 efficaces
1517 2720 1625 2752 preces

967 2759 1073 2788 sums·
1122 2759 1237 2789 Anni.
