1849 3198
669 189 967 231 AMORUM.
1009 189 1143 231 LIB.'
1166 190 1202 231 I.
1232 190 1274 231 3.

1587 193 1672 234 303

282 305 348 353 Et
372 305 493 352 nulli
519 320 723 352 cessura
744 304 898 362 fides3
940 305 1045 351 sine
1070 305 1275 352 crimine
1301 321 1491 364 mores3

350 382 604 446 Nudaque
629 382 939 446 simplicitas,
965 398 1347 446 purpureusque
1372 383 1547 447 pudor.

284 458 401 506 Non
422 460 542 506 mihi
562 459 696 507 mille
716 459 940 523 placent:
970 476 1067 506 non
1090 476 1199 505 sum
1218 459 1439 507 desultor
1458 461 1671 509 Amoris.

348 536 425 583 Tu
450 536 570 583 mihi
595 536 660 598 (si
686 552 787 599 qua
810 535 957 596 fides)
983 552 1103 583 cura
1126 536 1358 599 perennis
1384 537 1496 585 eris.
1617 542 1674 585 16

283 613 489 669 Tecum,
517 630 644 676 quos
671 614 900 661 dederint
924 629 1078 661 annos
1104 613 1224 659 mihi
1249 613 1333 660 fila
1359 613 1610 671 Sororum,

351 690 528 738 Vivere
555 692 839 754 contingat:
865 697 1030 754 'teque
1055 690 1257 737 dolente
1281 690 1421 737 mori.

284 767 356 816 Te
381 768 501 815 mihi
526 769 784 816 materiem
809 764 1004 816 felicem
1029 768 1079 814 in
1104 768 1325 815 carmina
1346 769 1545 832 praebe;

354 845 652 893 Provenient
676 846 855 893 caussa
879 847 1099 893 carmina
1123 846 1277 908 digna
1303 846 1408 893 sua.
1612 852 1676 895 20

286 922 521 970 Carmine
546 939 727 970 nomen
752 923 954 979 habent,
981 924 1219 971 exterrita
1242 923 1475 971 cornibus
1504 924 1574 981 Io‘,

352 999 419 1046 Et
443 1016 593 1063 quam
618 1001 856 1048 fluminea
882 1001 1001 1048 lusit
1025 1002 1220 1049 adulter
1244 1017 1333 1049 ave
1355 1018 1364 1050 z

287 1075 532 1140 Quaeque,
559 1093 710 1141 super
734 1085 943 1141 pontum
969 1079 1201 1126 simulato
1226 1086 1370 1126 vecta
1389 1078 1619 1142 juvenco,

352 1152 588 1217 Virginea
612 1155 772 1203 tenuit
796 1170 982 1202 cornua
1005 1171 1121 1202 vara
1144 1170 1311 1202 manu.

290 1228 396 1277 Nos
422 1248 625 1295 quoque
649 1248 738 1296 per
762 1239 921 1280 totum
943 1234 1127 1296 pariter
1145 1233 1457 1281 cantabimur
1481 1235 1675 1283 orbem:

353 1306 383 1353 J
389 1316 640 1372 unctaque
666 1326 864 1373 semper
888 1318 1032 1357 erunt
1057 1311 1257 1358 nomina
1281 1318 1448 1358 nostra
1470 1311 1586 1359 tuis.
1614 1315 1677 1359 26

288 1440 344 1471 lib.
380 1440 403 1472 i.
439 1440 480 1472 ad
508 1443 718 1474 Maecenatem
749 1443 951 1479 demonstrat,

289 1490 365 1533 quin
386 1491 483 1522 etiam
498 1491 678 1534 Propertius
698 1491 756 1523 lib.
774 1491 819 1523 iii.
842 1492 952 1533 Elegia

289 1540 329 1571 ad
342 1541 516 1579 Bacchum,
528 1541 557 1572 ei
569 1547 735 1583 acceptum
750 1541 855 1578 refert,
869 1542 951 1583 quod

293 1590 392 1621 Po'eta
407 1590 535 1622 feratur.
577 1591 669 1628 Quod
686 1597 790 1622 autem
807 1591 953 1622 Bacchus

289 1639 394 1681 praesit
416 1639 534 1676 Poetis,
550 1639 582 1670 id
605 1651 672 1671 esse
696 1651 798 1671 causae
815 1646 951 1675 autumo,

290 1689 374 1729 quod
399 1689 504 1721 Poe'tae
533 1690 614 1720 sicut
637 1690 828 1721 bacchantes
852 1690 952 1721 furere

290 1737 453 1770 dicuntur:
471 1739 554 1770 unde
565 1744 598 1770 et
610 1741 753 1770 malesani
766 1739 953 1770 vocitantur.

292 1788 445 1819 mimus.

338 1838 390 1868 13.
409 1837 449 1868 Et
468 1839 548 1868 nulli
564 1837 712 1877 cessura]
743 1836 810 1867 Nisi
829 1838 897 1867 Dis.
915 1837 953 1867 de

293 1885 400 1917 Ovidii
415 1886 552 1918 moribus
568 1886 644 1918 alibi
661 1886 736 1917 dixi.
762 1886 856 1917 C1or.

339 1937 390 1966 15.
413 1936 483 1966 Non
497 1948 560 1967 snm
573 1938 704 1967 desertor·
719 1936 863 1976 Amoris]
892 1936 953 1966 De-

293 1985 388 2015 sultor
403 1984 518 2027 optime
529 1986 708 2016 Puteaneus
721 1990 751 2015 et
768 1984 954 2015 Arondelia—

295 2045 363 2070 nus,
377 2034 519 2065 Desertor
533 2033 616 2065 enim
631 2036 738 2064 amoris
754 2039 811 2070 est,
825 2033 878 2075 qui
895 2044 956 2064 non

295 2090 390 2120 amat,
405 2084 548 2119 desultor,
564 2083 618 2125 qui
634 2089 717 2114 amat
734 2083 954 2118 inconstanter,

296 2142 378 2164 nunc
389 2132 471 2163 hanc
487 2143 569 2163 nunc
581 2132 667 2163 illam
680 2138 815 2163 secutus.
840 2132 958 2163 mes.

342 2183 394 2214 18.
413 2183 509 2224 Teque
522 2184 637 2214 dolente
654 2182 756 2222 mori]
775 2181 882 2213 Codex
894 2182 958 2213 Re-

296 2232 376 2273 gius,
394 2239 420 2262 te
436 2233 578 2263 moriente
592 2234 676 2267 mori,
693 2237 812 2272 argute.
857 2230 958 2273 Scrip-

296 2286 378 2312 serat
394 2286 469 2323 puto
485 2281 610 2316 Noster,
628 2287 710 2321 teque
733 2282 857 2311 obeunte
872 2283 958 2310 mori.

299 2330 473 2361 Heinsws.
521 2330 609 2360 Nihil
626 2337 743 2361 mutem
757 2342 765 2369 3
790 2336 816 2360 te
831 2332 959 2365 dolente,

297 2378 429 2416 scilicet,
459 2379 484 2410 si
513 2379 652 2410 desultor
682 2380 764 2416 fiam,
796 2386 826 2410 et
864 2379 958 2410 aliam

298 2438 412 2459 amem.
436 2427 556 2459 nullam
569 2438 641 2470 ergo
656 2428 782 2459 dolendi
799 2429 959 2459 materiem

298 2487 331 2507 se
358 2477 486 2508 levitate
523 2488 579 2509 sua
613 2477 814 2519 praebiturum
851 2478 958 2508 amicae

298 2526 477 2568 pollicetur.
524 2527 639 2558 Burni.

1063 1444 1117 1474 21.
1145 1444 1287 1475 Carmine
1306 1443 1440 1484 nomem]
1468 1444 1681 1481 Quemadmo-

1019 1492 1105 1529 dum,
1122 1492 1224 1534 inquit
1238 1494 1401 1535 poetarum
1426 1493 1616 1524 carminibus
1632 1505 1682 1525 ce-

1021 1542 1121 1573 lebres
1140 1548 1213 1572 sunt
1236 1543 1282 1578 Io,
1304 1542 1401 1578 Leda,
1415 1548 1447 1573 et
1467 1543 1611 1585 Europa:
1637 1543 1681 1574 ita

1021 1596 1051 1621 et
1068 1598 1100 1621 tu
1117 1601 1186 1621 meo
1196 1590 1334 1621 carmine
1347 1591 1566 1627 celebraberis,
1583 1603 1682 1633 coque

1020 1645 1112 1681 pacto
1124 1650 1182 1680 ego
1198 1650 1234 1670 ac
1251 1646 1284 1670 tu
1297 1639 1561 1670 immortalitatem
1575 1651 1683 1671 conse-

1021 1700 1163 1730 quemur.

1063 1740 1119 1769 24.
1154 1738 1297 1780 Virginea
1331 1739 1429 1769 tenuit
1457 1750 1571 1769 cornua
1595 1739 1683 1781 salsa

1023 1788 1144 1829 manu]
1173 1788 1295 1818 Cornua
1312 1799 1385 1818 vara
1401 1787 1508 1819 Carrio
1523 1789 1555 1819 in
1571 1790 1685 1820 Emen-

1022 1837 1213 1868 dationibus.
1247 1837 1402 1878 quomodo
1439 1837 1618 1869 Puteaneus
1655 1849 1685 1870 et

1024 1885 1252 1928 Neapolitanus
1269 1896 1307 1916 ex
1329 1885 1454 1916 nostris.
1498 1886 1685 1919 Arondelia-

1024 1946 1094 1971 nus,
1112 1947 1195 1966 vera,
1215 1934 1277 1965 duo
1296 1934 1361 1971 alii,
1377 1946 1485 1965 curva.
1530 1936 1687 1979 Excerpta

1024 1985 1154 2020 Douzae,
1171 1996 1283 2024 pressa.
1297 1995 1473 2026 perperam.
1525 1985 1604 2016 Vara
1620 1997 1686 2018 cor-

1025 2044 1087 2065 nua
1103 2040 1134 2065 et
1144 2035 1252 2074 patula
1267 2033 1379 2065 eadem
1393 2046 1400 2064 :
1426 2034 1548 2066 Patulis
1564 2047 1687 2068 camur-a

1025 2083 1275 2124 opponebantur.
1322 2083 1524 2124 Philargyrus
1539 2084 1578 2115 ad
1595 2085 1687 2127 Yirg.

1026 2131 1071 2162 iii.
1089 2133 1207 2173 Georg.
1224 2134 1277 2163 55.
1306 2132 1430 2163 Camari
1446 2135 1526 2164 boves
1540 2141 1622 2171 sunt,
1638 2137 1688 2175 qui

1026 2194 1164 2213 conversa
1182 2184 1329 2213 introrsus
1342 2183 1449 2213 habent
1465 2194 1598 2221 cornuc15
1623 2186 1688 2225 qui-

1029 2233 1080 2261 hus
1095 2232 1241 2262 contrarii
1254 2232 1367 2271 patuli,
1381 2233 1432 2271 qui
1447 2242 1559 2262 cornua
1572 2234 1690 2264 diversa

1028 2281 1145 2312 habent.
1169 2279 1235 2311 vid.
1252 2281 1377 2311 Festum
1394 2280 1425 2311 in
1445 2282 1560 2321 patulis
1575 2287 1606 2312 et
1619 2294 1688 2323 pro-

1026 2331 1143 2369 patulo.
1170 2330 1322 2366 πεταλεῖς
1349 2335 1381 2360 et
1406 2328 1543 2361 πέταλοι
1570 2331 1690 2362 Graecis

1028 2377 1135 2409 iidem.
1161 2378 1339 2408 consulatur
1359 2377 1537 2419 Hesychius
1562 2380 1690 2410 Noster.

1028 2428 1203 2459 mesms.
1238 2427 1350 2458 Douza
1364 2438 1463 2467 pressa
1479 2426 1550 2460 ideo
1566 2429 1687 2460 volebat

1028 2476 1102 2518 legi,
1117 2476 1192 2519 quia
1214 2477 1354 2507 simulato
1374 2484 1588 2519 praecesserat,
1607 2478 1688 2520 quod

1030 2527 1111 2557 idem
1128 2533 1174 2557 est
1189 2526 1273 2568 quod
1288 2525 1446 2569 hicfalsa.
