1849 3198
638 229 981 271 HEROIDES.
1017 231 1107 272 ΕΡ.
1142 232 1196 273 V.
1553 238 1605 277 51

227 341 350 396 Quis
378 342 514 391 Deus
540 345 770 407 opposuit
794 345 972 392 nostris
999 362 1088 393 sua
1113 348 1315 396 numina
1337 349 1495 398 votis?
1577 355 1606 399 5

292 418 371 466 Ne
395 427 480 467 tua
504 434 835 484 permaneam,
864 422 997 484 quod
1022 422 1142 469 mihi
1168 424 1353 472 crimen
1381 427 1557 475 obest?

226 494 438 553 Leniter,
460 514 521 545 ex
546 499 719 545 merito
740 499 982 562 quidquid
1002 500 1206 562 patiare,
1229 501 1485 550 ferendum
1504 512 1603 553 est:

291 573 413 628 Quae
439 576 571 622 venit
595 577 807 639 indignae
833 594 994 640 poena,
1022 578 1235 626 dolenda
1258 581 1406 627 venit.

224 649 458 698 Nondum
482 659 648 700 tantus
674 670 798 709 eras,
826 671 939 701 cum
964 662 1013 702 te
1039 663 1272 703 contenta
1296 658 1487 714 marito,

292 727 440 776 Edita
463 731 524 777 de
550 748 728 793 magno
753 733 955 779 flumine
983 733 1238 797 Nympha,
1265 733 1350 782 fui.
1549 739 1606 782 10

223 803 319 857 Qui
346 822 475 853 nunc
502 807 795 865 Priamides,
824 810 977 872 (adsit
1002 811 1274 858 reverentia
1298 812 1434 872 vero)

291 882 471 930 Servus
497 902 634 934 eras:
674 903 813 933 servo
839 888 1025 934 nubere
1053 887 1291 951 Nympha
1314 889 1419 935 tuli.

221 958 366 1022 Saepe
391 977 565 1023 greges
592 963 717 1010 inter
742 964 1071 1026 requievimus
1099 965 1272 1011 arbore
1299 965 1447 1019 tecti;

288 1035 550 1101 Mixtaque
576 1057 688 1086 cum
713 1040 838 1088 foliis
864 1042 1074 1104 praebuit
1099 1042 1253 1089 herba
1276 1049 1454 1089 torum.

223 1111 369 1176 Saepe
394 1132 541 1179 super
565 1125 795 1173 stramen,
823 1118 1053 1182 foenoque
1072 1120 1356 1182 jacentibus
1382 1120 1480 1166 alto
1546 1124 1600 1167 15

288 1189 506 1240 Defensa
530 1201 606 1240 est
629 1195 800 1241 humili
826 1211 949 1242 cana
973 1196 1148 1259 pruina
1173 1213 1304 1243 casa.

223 1266 344 1321 Quis
369 1270 458 1316 tibi
484 1272 789 1318 monstrabat
814 1272 967 1319 saltus
992 1274 1250 1321 venatibus
1278 1281 1448 1337 aptos;

286 1345 352 1394 Et
375 1355 566 1411 tegeret
589 1350 777 1397 catulos
804 1366 904 1413 qua
927 1350 1029 1397 fera
1052 1367 1173 1415 rupe
1199 1352 1347 1398 suos?

218 1456 380 1497 distinguit
409 1458 447 1488 ab
473 1458 611 1499 ejusdem
640 1459 771 1490 nominis
795 1459 875 1490 aliis.

219 1506 339 1536 OEnone
353 1506 434 1536 enim
450 1506 508 1538 fuit
523 1507 617 1538 etiam
633 1508 784 1539 Budionis
800 1509 874 1545 filia,

218 1566 237 1586 a
252 1566 314 1597 qua
328 1555 446 1596 AEgina
459 1556 560 1586 insula
579 1556 736 1598 appellata
752 1558 874 1589 OEnone.

218 1605 307 1636 Prius
334 1611 390 1641 est,
423 1611 457 1636 ut
490 1610 630 1636 autumat
666 1606 872 1647 Pythonetus‚

217 1656 435 1697 AEginetarum
459 1655 568 1696 prima.
613 1654 772 1685 OEnotium
796 1666 873 1697 prae-

215 1712 301 1737 terea
315 1706 451 1736 celebrat
466 1704 628 1747 Euripides
650 1704 680 1734 in
698 1704 872 1746 Iphigenia,

216 1752 316 1787 AEaco
331 1761 418 1798 patre
433 1760 547 1786 natam.
570 1755 798 1785 Pmmmsms.
824 1755 874 1786 Ita

216 1805 343 1846 quidem
372 1814 477 1835 omnes
506 1804 625 1844 legunt,
655 1814 691 1834 ac
720 1805 872 1835 OEnonem

218 1855 364 1895 Pegasion
378 1853 565 1895 appellative
580 1852 696 1883 dictam
715 1852 872 1894 accipiunt

215 1915 269 1946 pro
285 1903 399 1939 Naide,
411 1902 476 1933 sive
489 1902 638 1943 Nympha
648 1902 785 1932 fontana.
802 1901 870 1933 ἀπὸ

217 1955 278 1992 τῆς
293 1955 416 1994 πηγῆς.
431 1951 513 1993 quod
529 1961 641 1981 nomen
655 1950 771 1981 sontem
783 1951 870 1981 Grae-

215 2002 260 2033 cis
285 2002 448 2043 significat.
475 2000 533 2030 suit
559 2000 641 2030 enim
664 2000 784 2030 OEnone
806 2000 871 2031 filia

215 2050 376 2086 CebreniS,
397 2060 490 2091 quem
513 2048 641 2080 fluvium
664 2048 870 2086 Herodianus,

214 2101 330 2132 citante
346 2098 513 2140 Stephano,
529 2103 629 2128 vocat.
644 2107 663 2127 a
680 2107 741 2138 quo
761 2104 792 2127 et
807 2098 868 2129 Ce-

214 2150 323 2181 brenia
337 2149 421 2190 regio
436 2149 492 2178 sub
509 2147 567 2178 Ida
580 2152 684 2177 monte
701 2147 868 2188 appellata.

216 2200 362 2231 Ceterum
385 2198 459 2240 quia
480 2204 583 2228 tamen
611 2196 685 2227 alibi
710 2196 793 2227 idem
817 2208 869 2227 no-

216 2260 286 2280 men
310 2249 461 2289 Pegasidis
478 2247 617 2278 absolute
637 2257 690 2288 pro
712 2247 870 2288 Nympha,

216 2310 251 2330 ac
267 2299 450 2340 generaliter
472 2297 604 2339 positum
625 2306 685 2326 non
706 2296 797 2327 facile
822 2307 869 2327 re-

215 2348 340 2390 peritur,
365 2348 527 2389 ipsumque
550 2345 794 2388 patronymicum
813 2346 868 2377 Pe-

214 2401 302 2438 gasis,
316 2409 334 2429 a
359 2398 469 2437 Pegaso
491 2396 600 2436 magis,
618 2407 710 2437 quam
734 2406 752 2426 a
774 2398 868 2439 πηγὴ

216 2439 331 2478 factum
356 2447 487 2481 videtur,
510 2445 651 2476 dubitare
676 2445 768 2481 soleo,
794 2455 868 2475 num

215 2508 269 2539 pro
287 2497 417 2537 Pegasis,
435 2496 555 2526 Pedasis
572 2494 736 2535 legendum
758 2493 809 2525 sit.
834 2500 868 2524 ut

214 2547 254 2577 sit
277 2545 393 2587 gentile
418 2555 541 2580 nomen,
567 2554 585 2574 a
608 2544 727 2574 Pedaso
755 2543 868 2585 oppido

214 2601 358 2631 tractum,
370 2595 452 2636 quod
467 2594 523 2624 sub
536 2593 594 2624 Ida
606 2593 680 2624 olim
691 2593 783 2623 situm
800 2592 867 2628 fuit,

215 2644 351 2676 vicinum
373 2644 532 2675 Cebrenia:
554 2643 681 2684 regioni.
726 2643 808 2673 Nam
829 2643 868 2672 ab

214 2693 325 2724 eodem
340 2698 371 2723 et
386 2692 554 2723 Pedasides
568 2690 735 2722 Masculini
749 2691 870 2732 generis

215 2742 476 2784 Patronymicum,
501 2741 620 2772 Graecis
642 2739 810 2782 aliquando
833 2750 868 2770 u-

214 2798 372 2834 surpatum
397 2791 479 2833 apud
507 2790 698 2832 Stephanum
727 2789 869 2829 legimus.

943 1460 1036 1496 Quod
1052 1460 1102 1491 hic
1123 1459 1270 1491 adnotare
1294 1459 1396 1495 libuit,
1419 1466 1454 1490 ut
1469 1460 1601 1502 amplius

942 1509 1099 1550 cogitandi
1126 1508 1321 1539 occasionem
1351 1508 1496 1539 studiosis
1523 1520 1600 1550 prae—

940 1558 1094 1588 heremus.
1122 1558 1216 1587 Porro
1231 1563 1327 1588 totam
1344 1558 1480 1588 OEnones
1495 1564 1527 1588 et
1541 1558 1600 1588 Pa-

940 1607 1014 1637 ridis
1032 1607 1170 1638 fabulam
1194 1607 1339 1637 tractavit
1360 1607 1546 1638 Parthenius
1568 1608 1600 1637 in

941 1656 1083 1692 Eroticis,
1095 1662 1125 1687 et
1140 1656 1268 1697 collegit
1279 1656 1345 1697 ejus
1356 1656 1504 1697 pleraque
1518 1657 1599 1688 Pha-

941 1704 1064 1736 vorinus
1093 1716 1217 1746 quoque
1247 1705 1278 1735 in
1307 1704 1442 1735 dictione
1477 1706 1600 1736 OEnone.

940 1754 1130 1785 MmYLLvs.
1156 1755 1186 1785 id
1208 1760 1254 1785 est
1279 1757 1393 1796 πηγῆς
1417 1754 1482 1785 sive
1507 1754 1600 1786 sontis

939 1803 1013 1834 filia.
1030 1809 1065 1834 ut
1081 1810 1163 1834 recte
1180 1804 1335 1834 Passerat.
1350 1804 1389 1834 ad
1402 1804 1540 1846 Propert.
1555 1804 1599 1836 iii.

940 1853 1028 1893 Eleg.
1043 1854 1065 1883 i.
1082 1864 1114 1894 p.
1139 1854 1211 1883 407.
1232 1852 1348 1889 docuit,
1364 1858 1396 1883 et
1410 1852 1482 1884 inde
1499 1853 1596 1895 Pega-

937 1904 1015 1932 sidas
1030 1903 1140 1932 Musas
1151 1902 1266 1933 vocari.

983 1952 1032 1981 12.
1056 1951 1195 1991 Nympha
1220 1950 1309 1990 tuli]
1337 1950 1492 1981 Ovidiana
1513 1951 1596 1982 locu-

937 2000 991 2037 tio,
1007 2000 1061 2031 sed
1084 2011 1166 2042 saepe
1182 2011 1200 2031 a
1223 1999 1356 2031 librariis
1377 1999 1518 2042 expulsa.
1534 2000 1597 2032 xiii.

937 2052 1020 2081 Met.
1037 2050 1111 2080 460.

980 2099 1101 2130 Scilicet
1128 2105 1182 2129 aut
1210 2099 1270 2129 ulli
1297 2100 1407 2130 servire
1433 2098 1597 2139 Polyntena

1011 2148 1144 2190 ferrem.

939 2198 1002 2229 Ubi
1017 2197 1070 2228 alii
1085 2198 1199 2233 vellem,
1215 2196 1272 2227 lib.
1290 2197 1331 2228 xi.
1346 2197 1426 2227 Met.
1442 2198 1518 2227 447.

982 2248 1045 2278 Nec
1070 2249 1141 2278 tulit
1168 2247 1346 2287 Halcyonen
1369 2249 1528 2286 importem
1542 2249 1594 2277 ad-

1024 2298 1120 2328 hibere
1134 2298 1250 2336 pericli.

938 2346 986 2376 Ita
1002 2346 1092 2377 MSS.
1108 2345 1200 2386 vulgo
1212 2357 1264 2376 nec
1279 2346 1358 2375 vult.
1383 2345 1441 2386 Ep.
1453 2356 1504 2376 xv.
1523 2345 1593 2376 155.

937 2406 973 2426 ex
990 2395 1083 2425 MSS.
1100 2394 1247 2425 Heinsius
1262 2393 1410 2424 restituit:

981 2444 1058 2474 Tene
1079 2454 1185 2473 manus
1205 2454 1343 2483 umquam
1367 2448 1473 2472 nostrae
1487 2443 1589 2472 dimit-

1021 2492 1223 2534 tereferrent.
1431 2492 1548 2522 Burm-

981 2542 1029 2571 14.
1054 2541 1157 2571 Herba
1184 2541 1309 2581 torum]
1346 2540 1389 2571 Ut
1413 2540 1504 2570 moris
1527 2546 1593 2570 erat

936 2590 1063 2631 antiquo
1091 2590 1195 2621 seculo
1222 2590 1410 2621 amantibus.
1462 2589 1589 2631 Proper.

936 2640 981 2670 iii.
998 2640 1088 2681 Eleg.
1102 2639 1145 2670 xi.
1162 2641 1214 2671 35.

980 2689 1109 2721 Hirtulei.
1119 2692 1206 2730 pellis
1219 2697 1291 2720 totos
1304 2690 1433 2729 operibat
1447 2696 1590 2723 amante&

1007 2741 1134 2780 Altaque
1148 2741 1250 2770 nativo
1264 2744 1397 2769 creverat
1412 2739 1500 2769 herba.
1516 2745 1589 2769 roro.

938 2788 1012 2819 Vid.
1030 2789 1090 2830 Ep.
1106 2788 1237 2830 praeced.
1253 2789 1305 2818 98.
1343 2787 1460 2817 BunM.

1018 2842 1077 2872 132
