1849 3198
503 191 691 234 ARTIS
723 189 1080 234 AMATORIAE
1112 190 1232 231 LIB.
1265 191 1302 231 Ι.
1509 189 1594 232 483

207 306 426 362 Scilicet,
455 313 509 353 ut
533 307 692 369 pudor
716 313 793 354 est
818 305 1069 368 quondam
1094 304 1305 368 coepisse
1331 304 1560 368 priorem,

273 383 355 430 Sic
382 382 476 430 alio
502 389 696 457 gratum
722 389 799 429 est
823 381 1089 464 incipiente
1114 380 1233 443 pati.
1496 383 1590 426 706

204 459 283 506 Ah
309 460 459 505 nimia
484 465 560 505 est
578 458 748 520 juveni
773 457 982 520 propriae
1009 457 1191 503 fiducia
1214 455 1398 511 formae,

273 535 550 599 Exspectat
574 534 615 581 si
641 534 769 596 quis,
797 534 916 580 dum
941 533 1071 596 prior
1097 533 1181 579 illa
1204 533 1366 594 roget!

204 612 292 658 Vir
316 612 447 675 prior
472 610 702 658 accedat:
742 610 812 655 vir
837 610 987 656 verba
1011 609 1267 672 precantia
1290 609 1440 655 dicat.

273 687 508 751 Excipiet
530 687 739 733 blandas
765 685 971 732 comiter
995 684 1079 731 illa
1103 700 1293 748 preces.
1499 686 1595 729 710

209 765 278 812 Ut
302 766 506 829 potiare,
534 780 677 826 roga:
717 769 909 810 tantum
936 762 1075 824 cupit
1099 762 1182 808 illa
1206 760 1382 823 rogari.

273 842 354 889 Da
377 857 606 889 caussam
631 840 730 887 voti
755 839 1156 904 principiumque
1181 838 1269 885 tui.

206 918 234 963 J
240 919 437 981 uppiter
463 918 523 964 ad
548 924 741 964 veteres
767 916 983 979 supplex
1011 914 1258 961 Heroidas
1285 914 1411 960 ibat:

276 994 530 1058 Corripuit
553 1010 789 1056 magnum
814 993 950 1040 nulla
974 992 1141 1056 puella
1163 991 1193 1037 J
1198 1007 1355 1038 ovem.

212 1072 264 1118 Si
290 1077 457 1118 tamen
483 1087 512 1117 a
535 1070 767 1141 precibus
793 1069 1009 1116 tumidos
1035 1068 1274 1115 accedere
1300 1067 1446 1114 flatus
1503 1068 1597 1111 715

279 1141 775 1209 Senseris21'incepto
803 1162 966 1209 parce,
995 1145 1222 1207 referque
1247 1145 1446 1208 pedem.

211 1225 359 1281 Quod
384 1224 580 1286 refugit,
607 1225 774 1270 multae
802 1224 1032 1287 cupiunt:
1073 1223 1235 1277 odere,
1264 1221 1398 1283 quod
1418 1220 1585 1266 instat.

279 1301 460 1348 Lenius
485 1301 715 1347 instando
740 1301 889 1347 taedia
914 1300 1030 1346 tolle
1055 1300 1144 1345 tui.

214 1378 322 1425 Nec
349 1394 545 1441 semper
570 1377 779 1425 Veneris
806 1394 921 1441 spes
948 1384 1022 1424 est
1047 1374 1325 1440 profitenda
1350 1373 1564 1435 roganti:

282 1454 441 1502 Intret
465 1454 695 1501 amicitiae
717 1454 915 1500 nomine
941 1459 1102 1500 tectus
1129 1467 1281 1499 amor.
1510 1453 1606 1495 720

215 1531 326 1578 Hoc
354 1531 491 1578 aditu
515 1531 613 1577 vidi
640 1530 826 1578 tetricae
853 1531 970 1576 data
994 1530 1144 1576 verba
1168 1528 1370 1591 puellae:

282 1608 381 1662 Qui
404 1608 564 1655 fuerat
588 1608 762 1663 cultor,
790 1608 948 1654 factus
976 1613 1166 1661 amator
1191 1611 1311 1651 erat.

217 1685 474 1732 Candidus
499 1685 548 1730 in
574 1685 725 1731 nauta
755 1684 912 1747 turpis
939 1683 1094 1730 color:
1117 1680 1348 1743 aequoris
1375 1678 1507 1724 unda

284 1761 450 1808 Debet
475 1766 524 1807 et
549 1777 577 1807 a
602 1760 750 1807 radiis
777 1760 951 1808 sideris
978 1749 1088 1806 esse
1114 1758 1268 1819 niger.

218 1837 398 1901 Turpis
426 1844 475 1884 et
499 1837 745 1899 agricolae,
774 1837 859 1899 qui
884 1851 1081 1882 vomere
1108 1848 1305 1895 semper
1330 1831 1538 1885 adunco,

286 1913 352 1960 Et
376 1913 606 1976 gravibus
633 1913 801 1959 rastris
828 1913 920 1959 sub
941 1911 1064 1958 Jove
1079 1916 1242 1957 versat
1268 1909 1488 1954 humum.
1513 1910 1606 1952 726

222 1990 286 2037 Et
311 1990 416 2046 tibi,
445 1990 685 2036 Palladiae
712 1989 896 2052 petitur
921 1988 1000 2034 cui
1026 1988 1193 2051 palma
1217 2001 1426 2037 coronae,

288 2067 515 2114 Candida
541 2067 580 2113 si
605 2066 785 2113 fuerint
810 2080 1039 2128 corpora3
1080 2063 1237 2126 turpis
1264 2062 1376 2109 eris.

264 2229 338 2259 722.
366 2228 545 2269 Qnifuerat
561 2228 787 2270 cultui-,sactus
802 2240 883 2258 ama-
953 2234 1001 2258 tus
1025 2232 1090 2257 erat
1114 2230 1243 2256 amator.
1269 2222 1344 2264 quid
1370 2223 1468 2252 cultor
1483 2228 1512 2251 et
1531 2233 1594 2250 anm

221 2286 266 2306 ιον
289 2278 386 2317 emm]
416 2277 452 2307 In
477 2277 665 2318 quibusdam
691 2277 782 2307 codd.
806 2276 883 2317 legi-
954 2284 998 2306 101·
1021 2276 1166 2306 differant
1191 2273 1282 2303 docui
1312 2272 1350 2302 ad
1379 2269 1514 2301 Petronii
1541 2280 1611 2310 cap.

222 2333 280 2362 tur,
297 2326 475 2368 Qnijiwrat
491 2328 591 2357 cultor
606 2329 712 2357 victus.
759 2327 804 2356 Ex
823 2336 884 2366 quo
953 2324 1068 2356 cxxvii.
1117 2324 1218 2353 Cicer.
1235 2322 1277 2351 ix.
1301 2321 1340 2351 ad
1358 2320 1447 2350 Fani.
1467 2320 1517 2349 16.
1565 2320 1613 2347 Sic

221 2375 447 2407 eruditissimus
457 2376 612 2407 Rouerius
623 2377 738 2417 optimc
754 2376 883 2410 fecerat,
953 2376 1043 2409 color,
1059 2375 1100 2403 sic
1114 2374 1246 2402 observor
1262 2372 1296 2400 ‹d›
1310 2371 1442 2399 omnihus
1459 2370 1512 2403 his,
1529 2369 1579 2407 qui
1595 2380 1610 2396 11

267 2425 437 2466 Quisnerat
451 2427 549 2455 cultor
561 2427 672 2459 (lictus,
685 2430 883 2454 conatoremt.
956 2424 1069 2452 Ormi-e
1084 2423 1274 2461 diliguntur,
1293 2426 1326 2449 ut
1342 2419 1378 2448 ab
1394 2419 1437 2447 his
1460 2428 1504 2446 me
1519 2417 1614 2445 ammi

613 2473 839 2503 ])AN.I{1›11Ns.
952 2478 1068 2511 putem.
1116 2471 1231 2500 Bunm.

225 2523 321 2552 Puto:
997 2520 1072 2549 727.
1103 2519 1138 2548 Ju't
1157 2525 1190 2548 tn
1209 2515 1386 2555 Palladia]
1419 2515 1454 2543 Et
1481 2520 1533 2543 lua
1550 2513 1613 2542 Re-

269 2572 328 2606 Qui
339 2571 667 2612 sueratcunm-fictio.
680 2578 795 2601 amator·
806 2577 883 2601 erat.
954 2569 1032 2609 gius,
1049 2566 1247 2601 Oxoniens'1s‚
1263 2564 1362 2595 Jureti
1379 2563 1491 2598 codex,
1510 2568 1539 2591 et
1555 2567 1615 2591 tres

722 2621 840 2650 Ilieixs.
955 2617 1017 2648 ulii.
1048 2618 1138 2651 beno,
1166 2621 1200 2645 ut
1226 2615 1264 2644 ad
1297 2614 1425 2652 Corpora
1454 2612 1615 2641 reseratur.

228 2671 292 2710 Ego
319 2670 394 2701 nihil
420 2677 518 2701 muto.
548 2681 638 2700 verus
660 2670 742 2700 enini
772 2669 883 2701 cultor,
952 2668 1053 2705 μιιΙηιιι
1076 2676 1186 2695 car-mur
1203 2663 1351 2705 profamu
1377 2666 1508 2703 quatuor
1533 2659 1614 2689 libri.

228 2730 287 2749 non
302 2719 392 2750 fictus
408 2720 505 2750 suerat
521 2732 527 2757 3
552 2719 606 2750 sed
627 2719 665 2749 dc
691 2719 806 2749 cultore
824 2718 885 2747 fac-
956 2726 1012 2746 nec
1029 2715 1154 2745 damno.
1204 2713 1323 2742 llems.

1064 2766 1140 2796 li2
