1849 3198
236 228 294 269 36

625 226 674 267 Ρ.
710 223 921 266 OVIDII
955 222 1235 266 NASONIS

239 342 494 407 Quidquid
520 342 673 390 Amor
690 341 855 404 jussit,
882 356 979 387 non
1004 346 1080 386 est
1104 346 1419 385 contemnere
1442 343 1622 384 tutum.

306 420 520 482 Regnat,
547 427 597 467 et
619 419 669 466 in
696 418 934 465 Dominos
953 418 1036 480 jus
1063 417 1213 463 habet
1237 416 1317 462 ille
1345 414 1496 462 Deos,

239 497 329 544 Ille
354 498 472 543 mihi
497 497 655 560 primo
680 494 926 542 dubitanti
952 493 1184 549 scribere,
1206 492 1357 539 dixit:

308 574 498 629 Scribe,
526 574 664 620 dabit
677 573 831 620 victas
857 571 1041 618 ferreus
1067 570 1148 617 ille
1166 586 1358 616 manus.

238 651 400 707 Adsit,
429 659 493 707 et,
520 658 575 698 ut
598 658 790 697 nostras
807 649 948 696 avido
974 648 1104 695 fovet
1128 648 1241 710 igne
1265 646 1524 700 medullas,
1568 647 1625 691 15

307 728 450 791 Figat
474 728 544 774 sic
570 728 758 775 animos
783 727 832 773 in
851 742 963 773 mea
984 733 1098 773 vota
1115 733 1242 773 tuos.

239 805 354 853 Non
380 822 471 868 ego
497 805 718 868 nequitia
742 804 942 851 socialia
965 803 1152 851 foedera
1176 819 1418 867 rumpam.

306 882 459 930 Fama
484 883 651 944 (velim
676 881 892 945 quaeras)
916 882 1119 929 crimine
1144 889 1310 928 nostra
1333 886 1491 928 vacat.

237 958 388 1007 Venit
412 959 565 1006 Amor
589 959 799 1021 graviUS,
828 974 927 1021 quo
953 958 1124 1005 serius.
1162 958 1348 1004 urimur
1371 958 1519 1011 intus,

307 1037 534 1094 Urimur3
559 1044 609 1084 et
632 1053 820 1083 caecum
844 1042 1048 1099 pectora
1069 1035 1246 1081 vulnus
1271 1035 1472 1081 habent.

1561 1035 1625 1078 20

241 1114 444 1161 Scilicet
466 1121 521 1161 ut
543 1121 739 1161 teneros
763 1113 949 1159 laedunt
967 1113 1090 1174 juga
1113 1111 1272 1175 prima
1291 1112 1547 1174 juvencos,

307 1190 565 1253 Frenaque
587 1191 671 1237 vix
697 1191 881 1254 patitur
905 1190 967 1236 de
993 1205 1142 1251 grege
1167 1196 1343 1252 captus
1369 1204 1555 1253 equus:

235 1267 324 1314 Sic
345 1268 472 1314 male
491 1267 674 1330 vixque
694 1267 825 1314 subit
844 1266 1027 1329 primos
1047 1265 1167 1311 rude
1187 1271 1362 1328 pectus
1383 1279 1602 1311 amores·
1591 1301 1603 1321 ,

307 1333 611 1397 Sarcinaque
635 1334 741 1380 haec
768 1333 929 1380 animo
954 1348 1051 1378 non
1077 1332 1218 1379 sedet
1241 1340 1359 1394 apta
1381 1346 1508 1378 meo.

282 1490 333 1519 17.
360 1489 532 1530 Nequitia]
550 1489 611 1520 Hic
632 1500 686 1531 pro
701 1489 830 1520 lascivia
842 1501 895 1532 po-

235 1537 328 1573 nitur,
346 1549 407 1579 qua
432 1538 464 1568 in
489 1539 711 1579 cujuscumque
735 1539 896 1580 amplexus

235 1587 371 1618 ferimur.
399 1592 431 1617 et
459 1587 622 1628 opponitur
655 1586 763 1618 amori.
793 1598 895 1619 amore

236 1647 308 1677 ergo
323 1635 496 1678 Hippolyti,
514 1647 574 1666 non
589 1636 717 1667 libidine
733 1648 764 1667 se
782 1638 895 1667 moveri

235 1685 354 1716 scribit.
371 1696 431 1715 non
455 1684 609 1715 intellexit
630 1685 698 1716 haec
724 1685 894 1727 Crispinus,

236 1735 289 1776 qui
305 1734 442 1777 explicat
465 1734 580 1776 inepte,
596 1747 655 1765 non
679 1737 833 1766 libidinosa
854 1738 893 1767 le-

234 1787 326 1815 vitate
340 1784 472 1826 foederu,
487 1795 549 1824 qut?
574 1791 608 1814 ΐιι
634 1796 745 1815 mecum
764 1787 894 1822 mineris,

234 1846 382 1874 rumpam.
406 1833 532 1864 Sociulia
555 1833 609 1864 illa
624 1834 746 1875 fa‘dera
769 1835 894 1877 respici-

235 1890 291 1916 unt
317 1883 441 1925 nuptias
468 1894 540 1914 cum
561 1884 681 1914 Theseo
705 1884 813 1923 initas;
837 1885 894 1916 hoc

233 1932 397 1975 sequentia
410 1931 561 1962 indicant.
608 1933 725 1963 Burin.

277 1981 436 2022 S‹›ciulia.]
464 1981 514 2011 Ita
538 1981 607 2022 lege
646 1982 727 2024 apud
753 1983 833 2014 Stat.
858 1983 893 2014 ii.

233 2027 339 2063 A'chil.
357 2031 432 2061 354.
448 2042 485 2061 ex
498 2031 591 2061 MSS.

279 2082 352 2116 Quis
365 2082 442 2110 enim¹
458 2081 571 2110 illicitis
584 2082 703 2111 socialia
713 2083 813 2120 rumpi

280 2130 375 2160 Pacta
389 2130 462 2159 dolis
476 2129 536 2159 &c.
550 2130 707 2171 perferat?

235 2179 298 2211 Ubri
313 2179 405 2219 vulgo
419 2180 551 2219 genialia
566 2178 693 2219 legitur.
738 2179 857 2210 Hfflxs.

277 2229 331 2258 20.
359 2228 473 2267 Caequm
487 2234 606 2265 pectora
624 2228 733 2257 vulnus
754 2228 889 2268 habeut]

234 2276 367 2307 Minime
383 2275 496 2306 damno
510 2275 590 2306 hanc
605 2276 782 2306 lectionem.
821 2278 893 2307 Non

235 2326 336 2356 minus
354 2325 512 2365 eleganter
527 2331 630 2356 tamen
652 2336 731 2355 unus
752 2336 789 2356 ex
805 2326 892 2363 meis,
929 2336 932 2338 ·

234 2377 360 2405 tacitum
380 2376 501 2405 vulnus.
520 2375 657 2416 apposite
679 2375 762 2416 apud
787 2376 892 2406 Maro-

234 2434 304 2454 nem
319 2436 324 2453 :

276 2479 403 2502 —est
418 2473 642 2514 mollisflnmmcz
657 2474 802 2503 medullas

278 2522 408 2557 Interea,
430 2528 458 2552 et
480 2523 601 2552 tacitum
625 2524 697 2552 vivit
711 2524 762 2552 sub
778 2528 894 2561 pectore

319 2572 440 2600 vulnus.

234 2619 407 2650 IlfflNsrus.
420 2630 451 2649 v.
466 2619 485 2649 i.
499 2619 606 2649 Amor.
619 2619 652 2649 ii.
667 2620 699 2650 6.

281 2668 395 2698 Vulnus
409 2669 546 2709 mecum]
562 2669 730 2699 Occultum
745 2679 891 2700 amorem.

235 2717 325 2757 Virg.
342 2718 459 2748 Etcoeco
477 2720 613 2757 carpitur
626 2717 891 2760 igni.sic'1'heocr.

238 2766 333 2808 Idyu.
351 2766 392 2798 xi.
409 2767 506 2798 v.15.

1005 1490 1204 1530 -ἔχθιστον
1214 1489 1301 1530 ἔχων
1312 1485 1512 1529 ὑποκὰρδιον
1522 1485 1625 1523 ἕλκος,

1007 1538 1158 1580 Κύπριος
1179 1538 1211 1568 ἐκ
1234 1536 1390 1580 μεγάλας,
1409 1537 1444 1567 τό
1472 1535 1500 1566 οἱ
1521 1536 1626 1575 ἥπατι

1049 1589 1131 1623 πᾶξε
1150 1586 1326 1629 Βέλεμνον.

964 1638 1004 1667 Et
1016 1637 1096 1668 Bion
1112 1638 1234 1678 Sniyrn.
1252 1636 1349 1679 Idyll.
1363 1635 1385 1665 i.
1398 1647 1430 1666 ν.
1444 1636 1494 1666 17.
1505 1634 1537 1665 in
1549 1634 1624 1677 Epi-

964 1687 1051 1729 taph.
1068 1686 1172 1717 Adon.

987 1737 1116 1772 Μεῖζον
1141 1735 1166 1766 δ’
1190 1735 1212 1767 ὰ
1238 1734 1396 1775 Κυθέρεια
1422 1733 1505 1776 φέρει
1534 1746 1612 1766 ποτι

1049 1785 1182 1825 κὰρὸιον
1196 1784 1301 1822 ἕλκος.

1006 1836 1059 1865 23.
1094 1835 1209 1865 Primos
1236 1836 1312 1864 rude
1344 1840 1446 1872 pectus
1484 1835 1622 1875 amores]

962 1883 1193 1914 Broukhusium
1226 1882 1372 1913 maluisse
1405 1885 1499 1923 primo
1532 1886 1626 1914 amori

962 1932 1082 1963 notavit
1096 1932 1254 1963 Francius.
1269 1931 1323 1963 sed
1339 1932 1481 1973 quamvis
1495 1937 1625 1974 uterque

962 1991 1052 2012 casus
1068 1981 1140 2012 huic
1162 1982 1254 2012 verbo
1271 1981 1361 2023 jungi
1376 1981 1483 2023 possit,
1499 1980 1549 2012 hic
1571 1992 1625 2023 ap-

963 2029 1024 2061 tius
1041 2035 1116 2071 puto
1131 2029 1333 2071 mnores,quia
1350 2030 1511 2060 continuat
1526 2030 1626 2062 Poeta

961 2079 1180 2121 Metaphoram
1201 2090 1219 2110 a
1235 2079 1311 2121 jugo
1328 2079 1506 2120 inceptam3
1530 2085 1561 2110 et
1581 2080 1626 2112 ita

961 2128 1037 2158 rude
1062 2134 1171 2169 pectus
1199 2128 1280 2158 male
1306 2127 1389 2158 subit
1414 2138 1543 2164 amores,
1569 2128 1624 2170 qui

960 2182 1032 2207 sunt
1061 2187 1153 2218 grave
1178 2177 1301 2218 jugum,
1331 2188 1392 2217 quo
1428 2187 1518 2207 sensu
1547 2183 1623 2219 puto

961 2225 1061 2266 aptius
1082 2236 1148 2256 esse
1174 2236 1280 2256 casum
1304 2230 1459 2266 quartum.
1481 2231 1516 2256 ut
1538 2227 1622 2268 apud

960 2275 1065 2306 Tibul.
1083 2276 1104 2305 i.
1119 2275 1162 2306 iv.

1006 2324 1068 2354 Nec
1080 2330 1107 2354 te
1119 2326 1259 2363 peruicerit
1269 2326 1357 2354 duros
1368 2325 1486 2354 subiisse
1499 2325 1621 2356 labores.

962 2374 1005 2404 Ut
1030 2378 1113 2404 recte
1134 2372 1359 2403 Broukhusius.
1384 2378 1415 2403 et
1437 2373 1482 2403 ita
1508 2374 1622 2414 passim

951 2425 1065 2463 jugum
1085 2424 1181 2452 subire
1203 2422 1377 2463 scriptores.
1393 2421 1437 2452 sic
1458 2423 1554 2453 subire
1575 2425 1621 2453 iu-

959 2473 1055 2502 solitos
1069 2473 1153 2508 cibos,
1176 2471 1305 2508 Quinct.
1329 2471 1424 2502 Decl.
1442 2471 1497 2501 xii.
1517 2473 1548 2502 7.
1568 2473 1621 2503 ubi

961 2520 1044 2551 vide.
1064 2520 1148 2551 aliud
1164 2526 1210 2551 est
1233 2531 1303 2550 cum
1319 2520 1415 2551 Amor
1430 2520 1551 2551 dicatur
1571 2533 1620 2552 su-

961 2571 1031 2605 bire,
1047 2570 1078 2600 id
1100 2575 1146 2600 est
1161 2570 1241 2600 clam
1257 2570 1419 2611 subrepere
1438 2569 1469 2600 in
1485 2570 1623 2609 anim0s3

961 2625 995 2650 ut
1010 2619 1030 2650 i.
1043 2619 1116 2649 Ani.
1130 2619 1172 2649 ix.

1003 2670 1052 2699 An
1066 2670 1153 2705 subit,
1165 2675 1192 2699 et
1206 2660 1302 2699 tacita⁸
1312 2669 1438 2699 callidus
1452 2675 1518 2698 arte
1529 2676 1621 2700 uocet.

959 2719 1010 2749 De
1026 2728 1088 2759 qua
1104 2718 1258 2749 locutione
1275 2729 1306 2748 v.
1327 2718 1467 2749 Broukh.
1484 2717 1522 2748 ad
1543 2718 1617 2749 Pro-

958 2766 1066 2809 pert.i.
1079 2766 1123 2798 ix.
1137 2767 1187 2798 26.
1233 2766 1351 2797 Burnu-
