1849 3198
596 219 941 262 HEROIDES.
974 220 1067 261 ΕΡ.
1101 220 1264 262 XVII.

1539 223 1624 264 235

239 337 305 386 Et
328 338 489 400 longae
515 344 716 384 noctes:
757 342 807 383 et
825 337 930 398 J‘am
956 350 1182 383 sermone
1208 337 1398 384 coimus
1422 355 1431 385 :

305 414 371 462 Et
394 422 448 461 tu
474 415 576 477 (me
600 414 833 461 miseram
851 412 884 474 ἱ)
922 413 1137 460 blandus
1157 430 1166 461 :
1207 421 1257 460 et
1280 430 1379 461 una
1403 416 1597 462 domus.

238 492 304 539 Et
326 508 542 556 peream,
570 491 611 538 si
636 507 734 537 non
760 490 969 536 invitant
994 490 1161 536 omnia
1185 491 1401 554 culpam.

303 569 487 616 Nescio
514 585 612 632 quo
637 569 820 623 tardor,
848 568 936 615 sed
960 574 1129 614 tamen
1155 567 1280 630 ipsa,
1308 575 1461 616 metu,

237 646 401 701 Quam
422 646 550 693 male
569 645 857 709 persuades,
880 644 1070 691 utinam
1095 645 1225 691 bene
1245 660 1422 707 cogere
1441 646 1625 709 possis!

302 723 365 770 Vi
390 740 502 771 mea
525 723 776 770 rusticitas
803 722 1105 770 excutienda
1128 721 1235 769 fuit.

1536 727 1626 771 186

239 800 388 847 Utilis
414 801 661 847 interdum
687 808 763 847 est
787 800 907 864 ipsis
935 800 1113 863 injuria
1136 800 1314 863 passis.

305 877 387 924 Sic
408 884 540 924 certe
566 877 685 924 felix
710 893 820 925 esse
845 885 1022 925 coacta
1045 878 1208 925 velim.

240 954 375 1002 Dum
404 971 559 1001 novus
586 961 678 1010 est,
705 955 871 1018 potius
897 961 1062 1018 coepto
1087 969 1367 1018 pugnemus
1393 954 1575 1002 amori:

304 1031 529 1078 Flamma
553 1047 727 1078 recens
752 1032 906 1095 parva
933 1047 1107 1095 sparsa
1130 1030 1316 1078 resedit
1340 1032 1491 1094 aquei.
1536 1033 1629 1079 190

237 1108 418 1155 Certus
445 1109 495 1155 in
519 1109 801 1172 hospitibus
827 1125 925 1155 non
949 1115 1027 1155 est
1051 1124 1203 1155 amor.
1250 1115 1395 1163 errat,
1423 1115 1477 1154 ut
1502 1108 1625 1172 ipsi:

304 1185 536 1249 Cumque
561 1185 683 1232 nihil
709 1201 877 1250 speres
903 1186 1090 1233 firmius
1117 1201 1243 1241 esse,
1270 1184 1378 1232 fuit.

235 1261 521 1327 Hypsipyle
546 1263 705 1318 testis,
732 1263 874 1310 testis
902 1262 1095 1310 Minoia
1118 1263 1254 1325 virgo
1280 1269 1383 1319 est3

302 1339 361 1387 In
386 1357 484 1387 non
509 1341 746 1388 exhibitis
772 1347 985 1404 utraque
1010 1341 1120 1387 lusa
1143 1340 1279 1387 toris.

279 1491 352 1521 185.
380 1490 466 1525 Quod
494 1491 570 1521 male
594 1490 783 1531 persuades]
817 1490 899 1522 Bene

232 1539 438 1581 Argentinus,
453 1551 515 1571 non
531 1540 626 1571 male.
641 1545 676 1570 ut
687 1540 755 1582 jam
771 1551 803 1571 se
821 1552 898 1582 quo-

233 1589 400 1620 dammodo
428 1600 609 1632 persuasam
638 1599 705 1620 esse
735 1596 897 1631 agnoscat.

234 1639 409 1670 mesuvs.
472 1640 591 1670 Douzae
629 1638 740 1676 codex,
778 1639 899 1681 Regius

232 1699 324 1725 unus,
349 1695 380 1720 et
405 1688 605 1719 Balliolensis
627 1699 646 1719 a
666 1699 762 1719 manu
787 1691 897 1731 prima,

233 1750 321 1778 quam
337 1739 412 1768 male
433 1740 604 1778 persuades,
621 1737 705 1780 quod
727 1739 765 1769 ab
782 1739 897 1770 ovidio

232 1786 300 1829 ipso
328 1787 502 1829 profectum
530 1785 688 1818 existimo.
726 1787 798 1818 vide
826 1799 895 1830 quae

229 1837 295 1878 jam
311 1837 488 1868 notavimus
512 1837 551 1867 ad
576 1836 714 1867 Petronii
729 1847 800 1878 cap.
818 1837 895 1868 xlvi.

233 1888 311 1917 male
326 1893 431 1917 autem
446 1896 508 1916 non
532 1896 699 1922 moverem,
715 1886 747 1917 id
768 1893 815 1918 est
830 1887 894 1923 vix,

234 1946 329 1976 mgre.
354 1936 398 1966 ita
414 1935 496 1966 enim
510 1935 653 1971 decebat,
667 1934 781 1966 sensim
797 1942 828 1966 et
842 1947 896 1978 pe-

234 1984 386 2015 detentim
402 1984 434 2014 in
456 1984 573 2015 crimen
593 1985 763 2015 abeuntem
784 1985 896 2015 mulie-

234 2045 310 2071 rem,
327 2040 358 2065 et
373 2045 442 2076 quae
458 2034 527 2075 cogi
543 2033 623 2065 velle
640 2044 704 2075 prae
720 2044 752 2064 se
768 2034 897 2071 serebat,

233 2082 332 2125 loqui.
379 2084 497 2114 Bunm.

280 2134 354 2164 190.
378 2133 488 2173 Sparsa
512 2135 620 2164 resedit
643 2132 752 2174 aquei]
780 2132 898 2163 Residzt

234 2189 322 2223 puto.
335 2183 378 2213 sic
390 2182 473 2224 apud
486 2182 648 2214 Lucanum
664 2183 741 2213 libro
757 2182 801 2213 ix.
814 2193 895 2213 vers.

235 2232 289 2263 75.
305 2232 337 2263 in
354 2232 450 2263 veteri
465 2232 574 2263 codice
591 2231 895 2274 Rottendorphiano,

223 2283 295 2321 jam
308 2282 438 2323 flamma
454 2283 570 2312 residit.
588 2282 671 2324 apud
688 2281 896 2313 Columellam

235 2341 360 2372 quoque
381 2330 579 2362 scribendum
598 2331 677 2362 libro
693 2331 735 2361 vi.
753 2341 825 2372 cap.
843 2342 895 2361 xv.

238 2380 391 2420 Cumjam
408 2382 485 2422 ignis
502 2381 686 2422 infavillam
704 2382 819 2411 residit.
836 2391 897 2411 non

235 2435 270 2459 ut
286 2429 510 2466 circumfertur,
526 2431 647 2461 recidit.
676 2430 833 2460 considere
853 2431 897 2471 ig-

236 2480 283 2509 nis
303 2478 397 2509 etiam
425 2478 544 2509 Nasoni
575 2479 688 2510 dicitur
719 2479 802 2510 Met.
830 2479 897 2509 xiii.

236 2529 313 2558 408.
344 2528 516 2559 Hzmsws.
564 2529 637 2559 Non
654 2529 753 2560 visum
769 2528 812 2559 sic
829 2529 896 2559 Ou-

236 2577 389 2620 dendorp.
418 2578 458 2608 ad
480 2577 542 2609 loc.
570 2579 688 2609 Lucan.
715 2578 804 2609 citat.
832 2577 896 2619 qui,

237 2635 272 2660 ut
287 2629 362 2665 illic,
378 2628 422 2659 ita
433 2627 516 2670 apud
534 2629 694 2665 Nostrum,
710 2630 818 2659 resedit
835 2639 896 2659 ser-

237 2678 374 2709 vandum
401 2689 468 2709 esse
497 2678 623 2709 statuit:
659 2679 763 2720 dispar
793 2684 897 2709 tamen

238 2727 398 2769 utriusque
413 2727 471 2759 loci
488 2727 578 2758 ratio.
626 2729 786 2760 Lectorem
803 2738 898 2771 penes

234 2777 400 2817 judicium.
444 2777 560 2808 Amin.

1013 1490 1083 1521 191.
1124 1488 1232 1520 Certus
1259 1490 1293 1519 in
1327 1487 1519 1528 hospitibus]
1559 1488 1629 1519 Hoc

966 1538 1121 1571 sentiebat
1150 1538 1244 1570 etiam
1281 1536 1400 1568 Medea
1436 1537 1519 1579 apud
1552 1537 1629 1568 Val.

966 1589 1053 1620 Flac.
1067 1588 1122 1619 vii.
1145 1589 1198 1619 13.

1012 1638 1095 1672 Quid
1112 1639 1143 1667 in
1159 1638 1269 1677 hospite
1283 1637 1341 1666 solo
1356 1647 1436 1666 mens
1450 1635 1543 1665 mihi?

967 1689 1008 1719 Et
1021 1687 1104 1730 apud
1122 1688 1272 1717 Nostrum
1287 1685 1340 1716 vii.
1356 1685 1491 1716 Metam.
1508 1685 1562 1715 21.

1141 1737 1222 1771 Quid
1241 1739 1271 1766 in
1287 1737 1397 1775 hospite
1413 1735 1511 1777 Regia
1523 1745 1608 1776 virgo

1013 1786 1135 1817 Ureris?
1466 1785 1585 1814 Bmm.

1011 1836 1084 1865 192.
1120 1835 1252 1874 Cumque
1285 1834 1362 1863 nihil
1391 1843 1485 1872 speres
1503 1833 1630 1873 firmius

965 1895 1032 1920 esse,
1048 1884 1168 1926 fugit]
1204 1883 1279 1913 Fuit
1303 1883 1483 1912 Puteaneus
1506 1888 1628 1922 argute.

965 1938 1000 1964 ut
1005 1933 1078 1975 ficit
1094 1935 1139 1974 τῷ
1161 1944 1217 1963 esse
1236 1938 1419 1974 opponatur,
1436 1930 1629 1972 praeteritum

964 1982 1122 2025 praesenti.
1192 1981 1323 2012 Plautus
1368 1979 1461 2011 simili
1506 1991 1629 2022 prorsus

965 2032 1056 2063 modo
1068 2031 1219 2074 Captivis.
1229 2031 1273 2061 iii.
1282 2031 1326 2061 iii.
1338 2030 1358 2061 i.
1385 2030 1476 2060 Nunc
1487 2031 1566 2061 illud
1575 2037 1628 2066 est,

965 2093 1031 2112 cum
1045 2082 1202 2124 nzefuisw,
1216 2092 1301 2122 qnam
1314 2091 1370 2110 esse
1380 2081 1470 2110 nimio
1483 2081 1629 2110 mavelim.

964 2131 1084 2162 mes.
1130 2131 1212 2162 Vide
1230 2130 1271 2161 ad
1286 2130 1373 2161 Vell.
1394 2130 1518 2160 Patere.
1535 2129 1556 2160 i.
1576 2131 1627 2160 12.

1012 2183 1083 2213 194.
1102 2182 1140 2213 In
1158 2195 1214 2213 mm
1230 2183 1366 2212 exhibitis
1379 2183 1629 2221 utraquejuncta

966 2233 1066 2274 tor1's.]
1094 2233 1251 2275 Excerpta
1275 2230 1426 2272 Scaligeri
1449 2235 1480 2261 et
1496 2235 1628 2272 quatuor

964 2292 1001 2312 ex
1033 2280 1156 2317 nostris,
1182 2287 1310 2321 utraque
1337 2286 1447 2320 pacta:
1474 2279 1626 2315 nonnulli,

965 2332 1062 2368 riclam·
1087 2331 1137 2361 vel
1159 2333 1266 2371 justa,
1295 2331 1372 2364 lusu,
1391 2331 1495 2368 jueta,
1519 2335 1626 2368 pacta.

968 2380 1158 2415 I'uteaneus,
1170 2378 1363 2420 Argentinus
1371 2383 1402 2408 et
1414 2383 1546 2419 quatuor
1557 2378 1609 2407 alii
1620 2390 1628 2416 3

963 2436 1093 2470 ‘utraque
1120 2431 1226 2468 justa:
1258 2428 1396 2470 proxime
1435 2427 1475 2457 ad
1505 2438 1626 2457 verum.

965 2478 1171 2509 Scribendum
1200 2488 1323 2519 nempe,
1359 2484 1486 2517 utraque
1512 2483 1626 2516 questa.

967 2529 1137 2558 mesms.
1184 2527 1245 2558 Sed
1268 2537 1307 2557 an
1328 2525 1424 2557 latine
1446 2526 1521 2557 satis
1542 2525 1627 2556 dica-

965 2585 1024 2613 tur,
1049 2583 1149 2618 questa
1179 2579 1211 2607 in
1238 2578 1319 2611 toris,
1346 2576 1546 2606 vehementer
1569 2575 1626 2605 du-

965 2627 1047 2657 bito:
1083 2638 1155 2667 ergo
1182 2628 1248 2657 lusa
1271 2625 1405 2668 praetuli,
1436 2636 1473 2655 ex
1502 2625 1627 2667 optimis

964 2676 1061 2712 libris,
1077 2676 1160 2718 quod
1176 2676 1300 2707 obvium
1315 2675 1398 2716 apud
1414 2675 1563 2705 Nostrum
1581 2680 1627 2704 est

965 2724 1051 2760 alibi,
1075 2736 1129 2767 pro
1150 2727 1289 2765 decepta.-
1313 2723 1480 2754 (licendum
1500 2733 1624 2763 quoque

966 2780 1057 2811 esset,
1076 2777 1111 2806 de
1134 2786 1191 2805 mm
1215 2775 1349 2805 exhibitis
1375 2775 1444 2803 toris
1459 2779 1570 2812 questa,
1593 2778 1624 2802 ut
