1849 3198
186 192 271 234 250

576 190 627 231 Ρ.
660 187 875 231 OVIDII
908 187 1190 232 NASONIS

193 307 314 355 Arte
339 323 461 369 egeo
488 305 649 354 nullst:
677 305 764 353 fiat
787 306 934 353 modo
959 306 1104 370 copia
1128 308 1292 363 nandi,
1350 303 1352 305 ’

260 386 418 440 Idem,
446 384 712 447 navigium,
739 383 918 440 navita,
946 391 1130 441 vector,
1158 401 1259 432 ero.

195 463 242 510 N
248 479 304 511 ec
342 478 522 526 sequar
561 468 647 509 aut
683 460 909 517 Helicen,
945 467 1044 517 aut,
1074 462 1176 524 qua
1213 461 1373 526 Tyros
1407 463 1575 519 utitur,

261 541 473 588 Publica
496 556 595 587 non
620 545 761 586 curat
785 539 949 586 sidera
972 546 1138 586 noster
1163 556 1313 587 amor.
1344 539 1574 601 [Arctom

194 619 546 667 Andromedan
565 617 688 665 alius
708 623 917 681 spectet,
935 617 1179 665 claramve
1197 618 1460 674 Coronam,
1488 621 1572 665 151

262 697 487 760 Quaeque
512 696 664 743 micat
688 695 853 758 gelido
881 694 1141 742 Parrhasis
1170 696 1300 743 Ursa
1324 696 1455 759 polo,

194 777 263 824 At
280 775 415 830 mihi,
437 775 571 838 quod
592 773 808 821 Perseus
825 779 876 819 et
893 789 1009 820 cum
1024 772 1149 821 Jove
1171 773 1318 821 Liber
1337 780 1577 829 amarunt,

263 853 508 900 Indicium
533 851 697 898 dubiae
724 866 821 897 non
847 850 1015 913 placet
1038 867 1149 898 esse
1173 852 1280 897 viae.

197 931 290 979 Est
314 930 446 978 aliud
470 930 654 984 lumen,
682 927 838 974 multo
864 927 983 973 mihi
1009 928 1191 975 certius
1217 927 1353 983 istis;

1488 930 1580 975 155

264 1009 379 1056 Non
404 1007 497 1055 erit
520 1007 569 1054 in
595 1005 812 1054 tenebris
840 1020 939 1067 quo
965 1005 1093 1053 duce
1119 1012 1285 1053 noster
1310 1020 1461 1053 amor.

239 1118 311 1148 147.
335 1116 409 1146 Arte
423 1127 492 1157 egen
510 1115 627 1155 nullm]
655 1115 757 1150 Forte,
775 1114 854 1144 Pace

193 1180 260 1211 egeo
275 1168 375 1197 nulla.
423 1166 537 1196 Noster
551 1164 583 1195 ii.
599 1165 690 1195 Pont.
705 1165 736 1194 9.

237 1218 269 1248 Si
281 1228 383 1258 pacem>
398 1216 516 1246 ‘’zullam
529 1221 638 1255 pontus
654 1215 725 1244 mihi
737 1218 855 1254 prcrstet

321 1267 418 1300 eunti,

279 1315 377 1345 Irrita
404 1314 545 1354 Neptuno
566 1325 622 1344 cur
643 1324 695 1355 ego
709 1315 785 1343 dama
800 1312 854 1354 fe-

322 1365 408 1394 ram?
694 1362 812 1392 Hnms.

193 1413 277 1445 Illud
298 1424 371 1453 pace
393 1412 455 1443 huc
471 1411 624 1453 quadrare
641 1422 700 1441 non
718 1410 853 1447 videtur,

193 1470 225 1496 et
254 1464 378 1494 obstant
405 1461 589 1503 sequentia;
613 1471 684 1491 cum
714 1460 856 1492 Leander

194 1512 329 1544 maxime
345 1522 456 1554 pacem
476 1510 579 1546 maris,
595 1516 629 1541 ut
651 1510 743 1552 copia
760 1510 855 1541 nandi

195 1563 261 1597 fiat,
275 1566 430 1604 precetur.
442 1559 517 1590 mihi
530 1569 590 1589 non
601 1559 758 1600 displicet,
769 1566 857 1599 parte

194 1623 304 1653 querar
317 1611 413 1641 nulla.
437 1610 665 1640 BunmANNus.
698 1608 780 1639 Mihi
796 1619 855 1639 cae-

194 1660 268 1692 teris
283 1658 476 1702 praeferenda
499 1657 621 1688 videtur
637 1657 777 1698 vulgata,
791 1664 857 1688 arte

196 1721 264 1751 egeo
284 1709 384 1739 nulla.
429 1708 544 1738 Nautae
568 1713 666 1737 artem
689 1705 739 1736 hic
762 1705 855 1747 signi-

196 1759 280 1790 ficari
304 1756 378 1788 satis
400 1756 599 1787 manifestum
613 1766 630 1786 e
646 1755 856 1797 sequentibus.

197 1809 265 1839 Hoc
281 1807 348 1838 vult
362 1806 524 1837 Leander:
549 1804 574 1835 si
598 1803 721 1845 navigio
744 1811 856 1840 uterer,

195 1857 292 1888 etiam
326 1862 392 1886 arte
420 1861 524 1886 nautae
561 1853 733 1896 indigerem
747 1865 755 1892 3
789 1853 854 1895 jam

196 1918 279 1943 vero,
295 1908 377 1937 modo
393 1905 556 1946 nandifiat
573 1906 667 1943 copia,
683 1910 748 1934 arte
770 1904 858 1934 nulla

196 1968 274 1999 egeo,
290 1966 398 1998 quum,

240 2007 324 2038 Idem
339 2007 507 2047 navigium,
524 2005 641 2039 navita,
656 2010 765 2039 vector,
782 2014 842 2032 ero.

669 2053 815 2082 LENNEP.

244 2104 314 2134 148.
332 2102 414 2133 Idem
428 2101 611 2143 navigium]
629 2100 748 2131 Similia
763 2100 858 2132 habes

198 2153 283 2196 apud
298 2154 455 2183 Musaeum
469 2163 499 2182 ν.
514 2153 589 2182 255.

241 2202 346 2238 Αὐτὸς
381 2200 443 2232 ἐὼν
475 2199 591 2242 ἐρέτης,
625 2198 856 2241 ῥαντόστολος,

284 2250 465 2292 αὐτομάτως
480 2252 570 2288 νηῦς.

245 2301 315 2332 149.
341 2300 495 2339 Helicen]
521 2300 633 2330 Ursam
648 2298 796 2339 majorem
812 2297 858 2328 di-

197 2350 254 2386 cit,
270 2360 363 2391 quam
379 2349 493 2379 fabulae
509 2348 622 2384 serunt,
635 2358 671 2378 ex
690 2346 859 2377 Callistone

198 2410 217 2431 a
231 2401 311 2431 Jove
331 2407 519 2439 compressa,
536 2402 703 2439 postquam
722 2396 861 2427 Arcadia

198 2449 297 2480 filium
313 2447 444 2490 peperit,
460 2446 588 2478 factam.
614 2457 684 2477 nam
700 2457 738 2477 ex
753 2446 859 2488 puella

199 2497 419 2530 formosissima
440 2507 458 2527 a
479 2498 603 2528 Junone
627 2496 659 2526 in
680 2506 782 2526 ursam
812 2501 859 2527 est

198 2559 360 2580 conversa.
405 2546 453 2578 Ad
478 2547 587 2577 harum
613 2545 857 2577 observationem

199 2604 303 2629 nautae
334 2597 479 2637 navigare
507 2596 618 2627 solent.
665 2595 725 2625 Sed
756 2595 858 2625 Graeci

198 2648 375 2681 observant.
408 2647 553 2683 Heln-(³115
592 2646 758 2676 Phoenices
788 2656 858 2676 vero

201 2696 399 2738 Cynosuram,
424 2706 520 2737 quain
549 2695 681 2726 dicimus
711 2694 857 2725 minorem

921 1123 1041 1144 ursam:
1080 1113 1118 1144 de
1148 1113 1262 1155 quibus
1294 1114 1360 1155 ipse
1391 1112 1524 1144 Ovidius
1551 1113 1582 1144 in

920 1161 1015 1193 Trist.
1032 1162 1117 1193 Hub.
1167 1163 1294 1204 Tyrus]
1322 1162 1456 1193 Phoenix
1472 1167 1581 1193 nauta.

922 1213 1064 1253 Arctum]
1078 1213 1235 1243 Minorem
1247 1223 1360 1248 ursam,
1374 1222 1467 1254 quam
1480 1212 1582 1254 Cyno-

921 1272 1024 1292 suram
1040 1261 1210 1304 appellant.
1254 1261 1341 1292 Amr.

967 1312 1095 1353 DIagna,
1111 1313 1261 1352 minorque
1265 1311 1347 1353 feroe
1363 1322 1491 1352 quarunt
1506 1313 1584 1353 regis

1008 1362 1106 1392 altera
1125 1361 1247 1401 Grajas,

967 1410 1073 1441 Altera
1088 1410 1225 1441 Sidonias
1240 1416 1369 1450 utraque
1383 1411 1460 1440 sicca
1477 1415 1568 1439 rates.

971 1460 1040 1491 151.
1064 1460 1307 1500 Anco-mnodum]
1344 1459 1434 1489 Hanc
1463 1459 1583 1500 Cephei

924 1507 1019 1538 filiam
1035 1508 1127 1539 fuisse
1144 1509 1281 1545 tradunt,
1297 1513 1329 1539 et
1346 1507 1377 1538 in
1399 1507 1516 1539 coelum
1537 1518 1583 1537 re-

923 1556 1019 1588 latam
1035 1558 1139 1589 Persei
1159 1558 1270 1600 gratia,
1287 1568 1380 1599 quam
1400 1562 1509 1588 secuta
1524 1561 1582 1587 est.

924 1608 1044 1648 Alius]
1084 1608 1136 1638 Ad
1167 1607 1334 1650 sEgyptios
1363 1606 1500 1648 respicit,
1530 1606 1583 1647 qui

925 1656 1110 1698 navigantes
1147 1656 1371 1687 Andromedan
1406 1656 1583 1686 observant.

927 1705 1084 1737 clarumve
1097 1706 1261 1746 coronam]
1280 1705 1426 1735 Ariadna:
1439 1715 1583 1735 coronam

924 1754 956 1785 in
979 1755 1096 1786 coelum
1115 1755 1296 1786 translatam
1313 1753 1465 1784 diximus:
1491 1764 1584 1795 quam

925 1804 1090 1835 Cretenses
1117 1805 1203 1835 velut
1233 1804 1318 1836 sidus
1351 1803 1508 1844 peculiare
1537 1814 1585 1833 se—

924 1859 1073 1895 quuntur.

972 1905 1044 1934 152.
1072 1904 1200 1944 Quaque
1223 1905 1313 1933 micat
1335 1903 1434 1943 gelido
1451 1902 1586 1932 Parrha-

925 1955 962 1983 sis
976 1964 1048 1983 ursa
1065 1953 1162 1993 palm]
1190 1951 1411 1993 Patronymica
1434 1961 1495 1982 non
1519 1955 1587 1981 tan-

926 2007 991 2032 tum
1004 2003 1042 2032 ab
1058 2001 1248 2037 hominibus,
1261 2000 1315 2031 sed
1331 2001 1369 2030 ab
1382 2000 1451 2030 aliis
1462 2011 1587 2041 quoque

926 2052 1018 2083 rebus
1040 2051 1248 2087 deducuntur,
1261 2056 1294 2081 ut
1315 2050 1434 2090 Cypris,
1455 2049 1585 2090 Calydo—

925 2103 982 2138 nis,
1013 2102 1146 2143 Pegasis,
1177 2102 1253 2137 Asis,
1283 2100 1322 2130 de
1351 2100 1465 2141 quibus
1502 2099 1588 2130 alibi.

927 2151 1022 2182 Ciof.

971 2200 1131 2230 Parrhasis
1159 2198 1256 2238 ursm]
1292 2197 1447 2239 Majorein
1474 2208 1589 2233 ursam,

927 2259 996 2290 quae
1022 2248 1080 2279 fuit
1099 2247 1247 2284 Arcadia,
1272 2246 1431 2287 intelligit,
1456 2246 1588 2277 Callisto

927 2298 1128 2333 nominatam,
1141 2296 1293 2339 Lycaonis
1310 2295 1416 2326 filiam.
1451 2296 1523 2326 Pola
1535 2307 1587 2338 ge-

929 2348 1019 2388 Iiclo.]
1037 2346 1286 2388 Septentrionem
1302 2344 1461 2385 intelligit,
1478 2345 1510 2375 in
1526 2356 1588 2386 quo

928 2396 995 2427 haee
1011 2396 1132 2437 fulgent
1143 2394 1245 2425 sidera
1259 2394 1343 2425 circa
1358 2404 1458 2424 axem.

972 2447 1042 2477 155.
1067 2446 1120 2476 Est
1144 2446 1230 2475 aliud
1255 2443 1384 2483 lumem]
1412 2444 1513 2473 Alium
1531 2441 1588 2472 Al-

926 2495 996 2527 dus.
1046 2495 1166 2526 Numen
1187 2493 1281 2525 etiam
1303 2493 1432 2534 quidam
1454 2491 1588 2527 codices,

926 2551 960 2576 ut
984 2555 1076 2586 supra
1102 2544 1153 2574 86.
1180 2543 1234 2573 sed
1259 2542 1308 2572 liic
1340 2541 1402 2572 alia
1431 2540 1508 2571 ratio
1531 2546 1588 2571 est.

927 2605 999 2625 nam
1020 2595 1056 2625 τὸ
1081 2595 1191 2624 certius
1215 2592 1324 2633 exigit,
1340 2596 1374 2621 ut
1397 2591 1517 2631 legatur
1541 2592 1587 2620 111-

926 2644 1003 2679 men',
1020 2649 1054 2673 ut
1078 2642 1122 2673 ita
1146 2644 1254 2677 sidera,
1271 2641 1310 2677 ad
1335 2650 1404 2682 quae
1430 2638 1588 2680 navigatio

928 2692 1108 2728 instituitur,
1128 2699 1210 2723 cerm
1235 2690 1337 2722 nautis
1359 2689 1504 2720 dicuntur
1528 2687 1586 2718 ful-
