1849 3198
628 206 973 248 HEROIDES.
1006 207 1099 248 ΕΡ.
1134 207 1281 249 ΧΙΧ.

1566 208 1652 251 259

256 321 343 371 Me
364 323 622 371 miseram!
661 323 822 370 brevis
843 329 919 370 est
937 323 1060 379 haec,
1079 330 1128 370 et
1147 340 1246 371 non
1261 340 1377 372 vera
1390 324 1644 389 voluptas:

324 401 456 449 Nam
481 409 534 449 tu
559 418 673 449 cum
699 417 871 448 somno
897 416 1094 464 semper
1119 402 1255 448 abire
1281 403 1427 449 soles.
1584 405 1647 449 66

256 479 468 526 Firmius
494 480 523 526 ὁ
548 479 715 543 cupidi
741 478 944 525 tandem
969 493 1190 524 coeamus
1216 487 1439 526 amantes
1461 497 1471 527 :

323 556 431 604 Nec
455 564 656 604 careant
677 557 794 603 vera
821 555 1003 619 gaudia
1028 563 1196 603 nostra
1219 556 1333 603 fide.

255 634 359 680 Cur
384 651 476 696 ego
501 641 574 681 tot
598 634 771 681 viduas
798 634 944 696 exegi
969 633 1148 697 frigida
1171 635 1379 681 noctes?

322 711 425 758 Cur
449 712 597 759 toties
623 728 652 758 a
676 728 771 768 me,
798 713 932 760 lente
957 719 1168 768 natator,
1198 712 1317 759 abes
1340 712 1358 759 2
1585 717 1647 760 70

254 788 347 837 Est
370 805 504 836 mare
530 789 812 852 (confiteor)
839 791 1060 837 nondum
1085 791 1347 838 tractabile
1371 791 1508 837 nanti
1530 808 1539 838 :

321 865 485 914 Nocte
511 867 600 914 sed
626 868 858 915 hesterna
882 869 1038 916 lenior
1063 885 1183 916 aura
1206 868 1314 915 fuit.

254 944 359 991 Cur
384 960 443 991 ea
466 945 717 1008 praeterita
742 947 850 994 est?
888 964 975 994 cur
999 964 1097 994 non
1122 954 1327 994 ventura
1353 947 1599 994 timebas?

319 1021 443 1069 Tam
468 1023 600 1069 bona
623 1039 710 1070 cur
734 1023 896 1087 periit,
925 1041 1017 1072 nec
1043 1025 1133 1072 tibi
1159 1031 1317 1088 rapta,
1345 1025 1423 1071 via
1447 1025 1557 1072 est?

254 1099 488 1146 Protinus
515 1107 570 1147 ut
595 1100 767 1148 similis
794 1101 938 1148 detur
962 1103 1052 1150 tibi
1078 1103 1224 1167 copia
1248 1103 1450 1160 cursfis3
1583 1106 1644 1150 75

317 1176 432 1224 Hoc
459 1178 632 1225 melior
657 1186 808 1234 certe,
837 1196 937 1242 quo
963 1180 1110 1243 prior,
1138 1180 1222 1226 illa
1244 1179 1352 1226 fuit.

251 1253 320 1301 At
344 1255 442 1302 cito
468 1262 658 1302 mutata
682 1262 759 1303 est
778 1257 954 1319 jactati
979 1256 1136 1304 forma
1160 1255 1419 1320 profundi:

319 1332 581 1397 Tempore,
609 1350 723 1381 cum
748 1350 1001 1398 properas,
1023 1351 1157 1399 saepe
1181 1334 1371 1381 minore
1395 1334 1549 1382 venis.

291 1535 343 1565 65.
378 1535 429 1565 Me
456 1535 623 1576 miseram]
660 1536 825 1567 Disticllon
854 1537 911 1569 hoc

248 1590 428 1626 suspectum
445 1591 509 1616 est:
534 1584 669 1626 legerem
685 1585 795 1617 etiarn:

294 1634 346 1664 ,ΜΘ
360 1635 519 1664 miserum!
545 1635 638 1666 brevis
651 1636 720 1672 hoec,
736 1641 764 1666 et
779 1647 837 1666 non
852 1638 912 1666 sin-

335 1694 404 1714 cera
419 1685 564 1724 voluptas.

250 1734 294 1764 Ut
310 1734 365 1764 lib.
381 1733 445 1765 viii.
460 1735 592 1765 Metam.
609 1735 684 1766 455.

296 1783 393 1825 Usque
403 1785 474 1815 adeo
486 1785 573 1815 nulla
585 1791 627 1815 est
639 1787 755 1816 sincera
768 1787 913 1826 voluptas.

748 1835 869 1867 HEINs.

252 1882 360 1913 Probae
379 1888 459 1913 notae
483 1881 648 1914 distichon.
673 1889 704 1914 et
724 1895 793 1914 vera
810 1887 911 1925 valup-

248 1939 305 1969 tas,
323 1931 486 1973 opponitur
502 1932 552 1963 isti
566 1943 654 1963 vanae
666 1938 698 1963 et
709 1932 912 1976 imaginariae,

248 1992 318 2024 quae
335 1980 367 2012 in
383 1980 497 2012 somnis
510 1982 581 2023 capi
597 1982 729 2014 videtur.

293 2032 344 2061 70.
379 2030 474 2061 Lente
501 2031 653 2072 natatem]
690 2033 836 2069 RIorator,
863 2034 912 2064 vel

249 2088 370 2112 natator
407 2081 596 2112 Puteaneus.
649 2082 764 2112 Moreti
800 2083 912 2119 codex,

247 2133 358 2161 viator.
396 2132 480 2160 toties
507 2132 583 2167 abes,
613 2136 648 2162 ut
670 2131 754 2174 apud
779 2132 912 2174 Proper-

249 2180 340 2216 tium,
357 2179 402 2211 iv.
418 2179 464 2209 iii.
481 2180 513 2210 2.

294 2229 369 2260 Cum
393 2230 476 2259 toties
498 2231 583 2265 absis,
605 2231 629 2259 si
647 2236 727 2269 potes
742 2241 799 2260 esse
821 2242 913 2262 inviis.

752 2279 870 2311 Hiems.

292 2328 343 2359 71.
380 2327 579 2368 Tractabile]
621 2328 781 2359 Tranabt'le
811 2330 910 2360 Lova-

247 2376 373 2409 niensis.
396 2376 450 2408 sed
468 2389 525 2408 non
540 2379 698 2408 tractabile
719 2380 824 2409 coelzzm
839 2379 910 2409 Vir-

246 2427 303 2468 gil.
321 2427 362 2457 iv.
380 2427 569 2458 lEneidAE3.
615 2428 806 2459 Penetrabile
822 2428 910 2459 Basi-

247 2476 381 2507 leensis:
407 2476 501 2507 etiam
526 2487 585 2507 non
605 2477 782 2507 invenuste.
805 2478 849 2508 ita
861 2489 909 2517 pe-

247 2527 392 2556 netrabile
430 2532 542 2566 tempus
572 2525 685 2557 Claud.
723 2526 805 2557 Bell.
834 2526 909 2557 Get.

249 2575 323 2606 278.
347 2576 464 2606 Bumx.

291 2625 343 2656 74.
368 2625 431 2656 Nec
457 2627 509 2656 tibi
525 2633 612 2665 capla
635 2627 683 2657 via
708 2626 780 2666 est.]
812 2626 911 2666 Rapta

248 2674 425 2708 Puteaneus
441 2681 471 2705 et
489 2674 634 2706 undecim
657 2675 710 2706 alii
726 2686 796 2706 011111
814 2675 911 2716 prima

248 2722 394 2754 editione.
428 2723 568 2766 Optime.
607 2725 727 2755 Seneca
742 2724 909 2765 Agamem-

249 2783 327 2803 none
349 2773 416 2803 154.

1022 1537 1181 1578 Rapienda
1190 1539 1273 1569 rebus
1281 1540 1311 1568 in
1319 1539 1535 1578 malisproeceps
1542 1540 1589 1569 ria
1596 1545 1648 1570 est.

982 1587 1100 1627 Rapere
1114 1593 1227 1627 tempus
1239 1587 1368 1617 Lucano
1383 1593 1414 1617 et
1429 1587 1514 1623 Silio,
1526 1587 1565 1617 de
1579 1587 1649 1629 qui-

980 1636 1039 1666 bus
1052 1635 1123 1667 vide
1137 1634 1383 1666 Rittershusium
1407 1636 1486 1666 notis
1510 1636 1541 1667 in
1558 1636 1647 1667 Gun-

981 1685 1060 1716 ther.
1075 1696 1148 1728 pag.
1163 1686 1215 1716 29.
1262 1685 1380 1724 Rapere
1393 1686 1560 1727 fortunam
1574 1688 1645 1717 Sta-

982 1734 1025 1766 tio
1039 1735 1139 1766 Theb.
1155 1746 1184 1765 v.
1203 1735 1275 1765 131.
1291 1734 1375 1776 apud
1390 1735 1475 1766 Pers.
1491 1736 1557 1767 Sat.
1575 1748 1604 1768 v.

1127 1784 1216 1814 Nihil
1231 1785 1336 1820 obstat,
1353 1786 1425 1824 quin
1439 1786 1521 1816 trabe
1536 1792 1619 1816 vasta

1024 1834 1161 1875 AEgaeum
1174 1835 1289 1872 rapias.

982 1882 1093 1924 x'irgil.
1111 1882 1240 1913 AEneid.
1258 1894 1290 1913 x.
1307 1883 1383 1913 372.

1023 1949 1047 1954 κ
1062 1952 1075 1954 0
1101 1951 1113 1954 —
1123 1951 1151 1955 -
1168 1932 1262 1962 Ferro
1278 1933 1422 1971 rapienda
1434 1943 1488 1972 per
1503 1933 1594 1965 hostes

1027 1980 1080 2011 Es!
1097 1983 1158 2011 via.

982 2030 1032 2061 Ita
1048 2030 1112 2061 illic
1136 2030 1241 2061 inveni
1262 2030 1295 2061 in
1310 2036 1433 2062 vetusto
1448 2032 1569 2068 codice,
1585 2042 1646 2063 non

984 2081 1159 2119 rumpenda.
1217 2079 1268 2110 Sic
1309 2091 1415 2120 rapere
1448 2092 1522 2111 arva
1565 2081 1648 2123 apud

982 2129 1059 2160 Stat.
1074 2129 1172 2160 Theb.
1188 2129 1242 2160 xii.
1258 2130 1331 2160 210.
1354 2135 1386 2160 et
1408 2129 1452 2160 ita
1467 2130 1570 2161 Graeci
1592 2141 1647 2162 suo

982 2176 1143 2219 ἁρπάζειν
1158 2184 1301 2209 utuntur.
1351 2178 1508 2218 Corripere
1523 2181 1601 2210 viam
1616 2186 1648 2211 et

983 2229 1039 2258 iter
1053 2233 1100 2259 est
1115 2227 1213 2269 magis
1229 2228 1367 2264 obvium,
1383 2234 1414 2259 et
1429 2230 1575 2268 arripere.
1602 2229 1646 2261 sic

982 2287 1105 2318 quoque
1133 2288 1239 2317 rapere
1264 2284 1353 2308 vestes
1382 2288 1436 2319 pro
1464 2277 1648 2310 festinanter

981 2336 1089 2367 parare
1106 2326 1208 2358 eidem
1223 2326 1296 2358 Val.
1313 2327 1425 2358 Flacco
1438 2326 1494 2358 lib.
1511 2326 1555 2359 iii.
1570 2329 1646 2359 340.

979 2376 1096 2407 I‘Inms.

1023 2427 1073 2457 75.
1110 2426 1202 2466 Copia
1230 2427 1364 2468 cursus]
1392 2427 1573 2468 Navigantli
1598 2428 1645 2459 fa-

979 2476 1090 2506 cultas.
1114 2476 1297 2508 Cmmxvs.
1346 2477 1451 2508 Nandt'
1476 2477 1553 2508 liber
1577 2477 1645 2508 Lei-

979 2525 1084 2556 densis
1110 2531 1142 2556 et
1156 2526 1314 2568 Excerpta
1327 2527 1459 2558 Douzae.
1484 2537 1521 2557 ex
1546 2526 1644 2569 Epist.

980 2575 1116 2617 praeced.
1134 2586 1211 2606 vers.
1226 2577 1297 2607 147.
1323 2577 1440 2607 Hmss.

1023 2625 1076 2655 77.
1103 2625 1227 2656 Mutata
1237 2626 1309 2667 est.]
1337 2626 1410 2656 Non
1423 2624 1642 2667 negligendum

979 2673 1062 2714 quod
1079 2673 1110 2704 in
1125 2674 1271 2706 Leidensi
1287 2674 1395 2706 codice
1411 2680 1488 2709 erat,
1508 2676 1644 2704 mutarit.

979 2723 1126 2766 Solebam
1149 2723 1231 2754 enim
1255 2724 1313 2755 hac
1339 2724 1436 2754 forma
1458 2723 1501 2754 uti
1526 2729 1645 2753 veteres

981 2772 1037 2802 1100
1054 2773 1158 2809 verbo,
1175 2780 1208 2804 ut
1224 2773 1290 2804 Liv.
1306 2773 1349 2804 iii.
1370 2774 1416 2802 10.
1442 2773 1556 2802 Brun.

1051 2827 1072 2854 S
1088 2827 1106 2855 2
