1849 3198
208 176 294 217 344

603 176 653 217 P.
688 175 901 217 OVIDII
935 175 1217 219 NASONIS

215 290 406 337 Ennius
433 298 537 338 arte
562 307 753 347 carenS,
782 291 1092 354 animosique
1119 291 1303 340 Accius
1329 294 1441 350 oris,

283 367 529 414 Casurum
556 369 688 414 nullo
713 376 938 432 tempore
964 386 1143 416 nomen
1169 370 1370 417 habent.
1542 376 1609 419 20

214 443 488 491 Varronem
512 445 825 508 primamque
851 453 1008 493 ratem
1035 463 1146 509 quae
1173 448 1364 494 nesciat
1388 455 1525 504 aetas,

282 520 550 584 Aureaque
576 522 777 569 AEsonio
802 530 943 585 terga
968 524 1124 587 petita
1148 525 1297 571 duci?

218 597 454 645 Carmina
479 599 703 646 sublimis
729 607 847 646 tunc
874 607 991 647 sunt
1014 601 1233 663 peritura
1259 600 1474 657 Lucreti,

283 674 451 722 Exitio
477 683 631 723 terras
657 693 771 723 cum
796 677 935 724 dabit
959 694 1059 725 una
1082 679 1206 726 dies.

215 751 434 815 Tityrus,
462 760 512 800 et
536 753 719 816 fruges,
747 754 1023 818 AEnei'aque
1049 771 1186 803 arma
1208 756 1451 818 legentur,
1543 759 1607 803 25

283 828 462 885 Roma,
489 831 779 895 triumphati
804 832 923 878 dum
950 839 1102 896 caput
1126 833 1258 880 orbis
1286 833 1397 880 eriS.

217 905 391 953 Donec
417 914 560 954 erunt
584 908 724 970 ignes
751 924 997 972 arcusque
1025 909 1288 972 Cupidinis
1315 925 1465 964 arma,

284 982 555 1031 Discentur
579 986 787 1041 numeri,
815 987 948 1033 culte
973 986 1186 1042 Tibulle,
1214 987 1302 1033 tui.

216 1059 391 1108 Gallus
417 1069 467 1109 et
491 1062 768 1126 Hesperiis,
796 1071 846 1111 et
873 1064 1047 1111 Gallus
1074 1071 1219 1110 notus
1248 1063 1383 1118 Eois,

284 1137 350 1185 Et
374 1156 465 1186 sua
488 1156 602 1187 cum
630 1140 777 1187 Gallo
803 1148 920 1188 nota
946 1141 1151 1204 Lycoris
1178 1141 1285 1187 erit.
1542 1143 1606 1186 30

218 1213 366 1277 Ergo,
395 1232 509 1263 cum
535 1218 715 1274 silices,
743 1235 858 1265 cum
883 1219 1006 1266 dens
1033 1218 1267 1281 patientis
1295 1218 1457 1272 aratri,

286 1291 573 1356 Depereant
598 1311 718 1351 aevo,
746 1285 966 1342 'carmina
990 1301 1147 1342 morte
1173 1302 1360 1341 carent.

218 1368 416 1417 Cedant
439 1372 740 1419 carminibus
768 1372 953 1435 Reges,
983 1373 1284 1435 Regumque
1309 1371 1575 1434 triumphi:

285 1446 448 1494 Cedat
473 1455 523 1495 et
547 1449 741 1497 auriferi
768 1451 875 1514 ripa
899 1451 1048 1498 beata
1072 1449 1212 1512 Tagi.

216 1522 348 1570 Vilia
371 1524 575 1572 miretur
599 1526 792 1589 vulgus.
832 1527 952 1573 mihi
978 1527 1134 1574 flavus
1160 1525 1341 1590 Apollo
1544 1527 1607 1571 35

285 1599 475 1648 Pocula
501 1601 734 1650 Castaliae
760 1603 909 1666 plena
933 1604 1178 1650 ministret
1204 1618 1364 1665 aquae,

262 1769 311 1799 19.
336 1770 469 1799 Animosi
485 1770 570 1810 oris]
590 1769 651 1800 Vel
667 1776 790 1812 propter
805 1771 877 1800 sub-

215 1817 379 1849 limitatem
404 1817 563 1854 carminis,
581 1818 631 1849 vel
656 1825 779 1861 propter
799 1819 878 1850 fidu-

215 1865 296 1897 ciam
312 1867 370 1903 sui,
386 1867 426 1897 de
453 1877 514 1909 qua
530 1867 602 1898 vide
619 1868 691 1898 Val.
708 1869 798 1898 Max.
823 1869 877 1898 lib.

215 1914 260 1946 iii.
287 1926 357 1958 cap.
387 1915 451 1946 viii.
480 1927 518 1947 ex
553 1916 588 1947 ii.
635 1917 877 1948 BERSMANNUS.

216 1966 389 1996 Animosum
405 1977 434 1996 os
449 1971 496 1996 est
507 1966 678 1997 violentum
694 1978 702 2004 3
724 1966 790 1997 vid.
807 1966 877 1997 infr.

215 2013 255 2044 ad
271 2013 327 2045 lib.
343 2014 377 2044 ii.
394 2015 484 2056 Eleg.
501 2015 574 2045 xvii.
597 2016 629 2045 7.
649 2015 723 2046 hinc
738 2016 878 2046 Ati-ocem

215 2068 320 2093 vocat.
337 2063 394 2094 lib.
411 2063 444 2094 ii.
457 2063 551 2095 Trist.
569 2065 643 2095 359.

258 2113 310 2143 25.
337 2112 489 2153 Tityrus]
516 2113 640 2154 Virgilii
653 2112 805 2144 Bucolica
817 2113 872 2155 sig-

217 2159 335 2191 nificat.
379 2161 429 2192 Sic
446 2162 503 2192 lib.
521 2161 564 2192 iv.
582 2163 631 2193 De
648 2163 767 2192 Ponto:

263 2209 387 2250 Tityrus
403 2213 541 2251 antiquas
556 2217 583 2241 et
599 2218 663 2242 erat
679 2213 729 2252 qui
747 2218 877 2251 pasceret

304 2259 418 2290 herbas.
745 2259 834 2290 Cmr.

261 2307 301 2337 Et
327 2308 462 2349 segetes]
491 2308 652 2349 Etfruges
674 2308 817 2339 meliores
840 2308 876 2338 li-

216 2355 273 2387 bri.
308 2357 423 2387 rectius
455 2357 538 2387 haud
563 2356 669 2392 dubie,
701 2367 762 2398 quo
788 2368 877 2387 omne

217 2405 394 2446 Georgicon
418 2413 635 2447 argumentum
653 2412 700 2437 est
716 2407 875 2447 complex-

216 2465 269 2485 us:
297 2455 413 2497 Fruges
427 2455 510 2486 enim
525 2461 556 2486 et
569 2455 608 2486 ad
624 2456 767 2486 arborum
784 2455 878 2486 foetus

217 2504 442 2535 referebantur.
488 2505 662 2535 HEINSIUS.
716 2505 777 2535 Sed
806 2515 878 2535 cum

217 2553 276 2583 tria
292 2554 477 2584 Po'etnatum
504 2553 645 2584 Maronis
670 2553 822 2595 principia
846 2553 877 2584 in

218 2613 313 2633 unum
329 2608 434 2644 cogat,
452 2602 574 2633 videtur
601 2603 682 2633 haud
700 2608 817 2633 temere
831 2614 874 2632 se-

216 2658 293 2692 getes
309 2652 548 2694 repudiandum.
572 2653 713 2682 solebant.
728 2651 810 2682 enim
828 2657 871 2681 to-

948 1775 1013 1800 tum
1030 1769 1147 1799 Po'e'ma
1163 1769 1202 1799 ab
1224 1767 1313 1798 initio
1331 1766 1550 1804 (lenominare3
1575 1772 1610 1796 ut

946 1822 1024 1850 iram
1048 1819 1187 1854 Achillis,
1218 1817 1321 1848 Iliada
1345 1827 1472 1847 vocasse
1502 1822 1609 1846 notum

946 1874 1003 1898 est.
1049 1868 1167 1898 Burm.

990 1918 1041 1948 28.
1088 1916 1285 1955 Dis-centurn]
1339 1915 1389 1945 Ita
1425 1913 1607 1955 legendum,

947 1966 1100 2008 quidquid
1127 1965 1250 1997 codices
1274 1965 1452 1999 obturbent,
1477 1973 1609 2004 quorum

946 2015 1048 2051 multi,
1063 2017 1215 2045 dicentur.
1239 2024 1310 2044 nam
1333 2012 1421 2055 pueri
1442 2017 1474 2042 et
1495 2011 1610 2053 puellae

947 2063 994 2094 his
1008 2063 1197 2094 carminibus
1211 2062 1442 2096 imbuebantur,
1459 2060 1503 2091 sic
1519 2059 1608 2101 puel-

947 2114 985 2144 lis
1000 2113 1198 2145 commendat
1213 2111 1373 2142 Tibullum
1386 2110 1430 2140 iii.
1441 2110 1513 2140 Art.
1531 2110 1608 2139 334.

947 2168 979 2193 et
994 2161 1056 2204 legi
1072 2173 1143 2193 eum
1156 2161 1271 2203 passim
1283 2161 1360 2191 dicit
1376 2160 1409 2190 ii.
1423 2159 1516 2190 Trist.
1531 2159 1608 2190 463.

948 2213 1063 2243 BunM.

989 2262 1042 2291 29.
1068 2260 1165 2289 Notus
1182 2259 1281 2299 Eo'is.]
1309 2259 1359 2289 Ita
1374 2258 1394 2288 i.
1410 2257 1481 2287 Art.
1496 2258 1571 2287 537.

994 2310 1099 2350 Vesper
1110 2315 1138 2339 et
1150 2308 1215 2339 Eoae
1227 2319 1330 2339 novere
1343 2307 1493 2347 Lycorida
1511 2312 1610 2337 terror.

947 2359 1049 2390 Credo
1072 2363 1196 2400 propter
1210 2357 1443 2392 Praefecturam,
1460 2365 1554 2396 quam
1577 2357 1609 2386 in

947 2409 1087 2449 AEgypto
1111 2411 1258 2446 gesserat,
1280 2415 1349 2445 quae
1371 2404 1410 2434 ad
1432 2403 1606 2434 Orientem.

948 2457 1074 2486 Douzn.
1120 2454 1194 2485 Vid.
1210 2454 1249 2484 ad
1264 2453 1308 2484 iii.
1323 2453 1430 2483 Amor.
1447 2452 1487 2482 ix.
1504 2453 1556 2482 63.

991 2506 1042 2535 34.
1069 2504 1173 2545 Tagi]
1199 2503 1321 2543 Tagus:
1348 2502 1460 2532 fluvius
1484 2506 1531 2531 est
1546 2501 1607 2530 Lu-

947 2553 1077 2589 sitauiae,
1107 2553 1145 2582 ob
1176 2562 1284 2582 arenas
1313 2551 1462 2583 auriferas
1488 2549 1609 2580 caeteris

947 2602 1087 2644 ejusdem
1105 2600 1238 2641 regionis
1255 2600 1398 2630 amnibus
1415 2604 1486 2629 ante
1503 2598 1609 2628 fertur.
