1849 3198
602 253 647 295 H
653 253 944 296 EROIDES.
978 254 1070 296 ΕΡ.
1104 254 1126 296 I
1131 254 1168 296 Ι.
1524 256 1581 297 17

190 377 381 427 Fallere
406 379 691 428 credentem
716 396 814 427 non
840 387 916 428 est
939 396 1148 444 operosa
1172 379 1387 444 puellam

256 457 440 504 Gloria.
479 457 767 521 simplicitas
792 457 943 519 digna
965 456 1127 504 favore
1152 457 1257 504 fuit.

191 533 312 580 Sum
339 535 551 598 decepta
573 535 687 590 tuis,
715 541 765 582 et
789 550 959 581 amans
985 540 1036 581 et
1059 533 1255 590 femina,
1281 534 1460 591 verbis,
1514 537 1577 583 65

256 610 321 657 Di
345 611 541 667 faciant,
568 611 727 658 laudis
753 627 947 658 summa
971 611 1035 658 sit
1059 610 1156 658 ista
1179 617 1275 658 tuae
1296 627 1305 658 :

188 688 324 736 Inter
349 696 399 736 et
423 689 625 752 AEgidas
651 689 815 737 media
840 688 1070 737 statuaris
1096 688 1145 734 in
1169 687 1320 735 urbe:

254 765 552 828 Magnificus
577 766 732 813 titulis
757 773 855 814 stet
878 772 1019 829 pater
1044 772 1157 812 ante
1182 764 1300 811 suis.

189 842 317 889 Cum
342 843 488 891 fuerit
514 843 706 907 Scyron
730 843 905 899 lectus,
931 850 1199 904 torvusque
1219 841 1528 898 Procrustes,

256 920 322 968 Et
349 921 496 977 Sinis,
524 927 574 968 et
597 921 723 968 tauri
748 921 1004 983 mixtaque
1029 918 1185 966 forma
1207 918 1322 976 viri3

1513 922 1576 967 70

188 996 254 1044 Et
277 998 474 1045 domitae
499 999 629 1046 bello
654 998 856 1054 Thebae,
882 997 1080 1060 fusique
1104 996 1422 1052 bimembres,

254 1074 320 1122 Et
344 1076 540 1139 pulsata
563 1076 687 1139 nigri
712 1074 848 1138 regia
871 1090 1005 1121 caeca
1030 1073 1153 1122 Dei:

188 1186 297 1216 tabam.
325 1185 380 1216 sed
404 1185 591 1227 elegantiam
613 1185 645 1216 in
670 1185 852 1229 repetitione

188 1233 311 1265 illarum
328 1234 517 1277 syllabarum
532 1247 576 1266 me
590 1238 728 1266 meruisse
743 1235 853 1277 depre-

187 1283 296 1314 hendit
307 1284 446 1315 Broukh.
461 1284 500 1315 ad
521 1285 628 1316 Tibul.
651 1285 674 1316 i.
691 1287 720 1317 1.
739 1286 802 1317 vid.
820 1292 852 1317 et

193 1333 232 1364 ad
256 1331 298 1364 vi.
313 1333 398 1365 Fast.
421 1335 496 1365 237.
516 1335 559 1366 iv.
582 1334 675 1366 T1ist.
695 1347 727 1367 x.
753 1337 807 1367 75.
820 1342 852 1368 et

186 1381 272 1413 alibi.
318 1383 437 1414 Bnnm.

233 1432 286 1462 62.
306 1432 534 1474 Quacumque]
552 1433 640 1464 Nihil
653 1440 767 1466 temere
782 1446 850 1467 mu-

187 1481 319 1512 tandum
335 1493 342 1519 3
367 1481 493 1513 mallem
507 1489 621 1519 tamen,
635 1489 668 1514 ut
678 1490 724 1514 est
738 1484 769 1515 in
782 1484 850 1526 qui-

186 1530 317 1561 busdam
333 1531 424 1562 MSS.
445 1534 583 1569 emerito,·
607 1534 656 1564 vel
676 1536 851 1575 cuicumque

185 1591 219 1610 ea·
239 1582 354 1611 merito.
368 1580 432 1612 vid.
447 1581 486 1612 ad
508 1582 567 1624 Ep.
581 1582 624 1614 iv.
644 1585 698 1614 26.
713 1591 744 1615 et
765 1596 796 1615 v.
811 1586 843 1616 7.

185 1630 302 1660 BunM.

228 1680 281 1710 65.
300 1680 498 1722 Etfemina]
515 1682 564 1712 Ita
580 1682 664 1713 Dido
677 1682 731 1714 vii.
748 1685 820 1714 121.

273 1728 366 1759 Bellis
378 1733 538 1773 peregrina
548 1738 576 1762 et
581 1731 701 1773 femina
712 1739 821 1764 tentor.

229 1777 282 1808 67.
310 1777 412 1809 Media
433 1783 576 1811 statuaris
592 1783 623 1811 in
643 1783 746 1823 urba]
770 1784 845 1815 Urbs

185 1832 296 1857 vocata
311 1827 350 1858 ab
366 1829 442 1865 orbe,
454 1829 537 1870 quod
553 1830 688 1872 antiquae
703 1831 845 1864 civitates

185 1873 217 1905 in
246 1876 318 1908 orbe
347 1877 480 1908 fiebant:
505 1878 554 1909 vel
583 1880 622 1909 ab
651 1881 733 1916 urbo,
757 1888 844 1923 parte

186 1924 288 1961 aratri,
304 1935 365 1966 quo
384 1926 462 1956 muri
477 1926 731 1968 designabantur.
756 1931 848 1962 Unde

186 1978 233 2003 est
248 1972 325 2004 illud
338 1985 344 2003 :

231 2022 410 2063 Optavitque
440 2025 534 2055 locum
557 2036 648 2068 regno
677 2034 705 2058 et
726 2028 847 2058 conclu-

273 2073 341 2102 dere
356 2073 448 2104 sulco.

185 2119 286 2151 Locus
301 2120 383 2152 enim
398 2121 508 2153 futurae
532 2122 668 2155 civitatis
691 2125 777 2156 sulco
793 2125 847 2157 de-

185 2168 378 2210 signabatur,
390 2171 421 2201 id
433 2177 489 2207 est,
503 2177 614 2204 aratro.
630 2173 719 2210 Cato,
732 2176 783 2214 qui
792 2186 846 2205 ur-

185 2212 257 2248 bem,
272 2213 382 2255 inquit,
396 2226 499 2245 nouam
510 2217 620 2252 condit,
635 2223 722 2247 tauro
737 2224 765 2248 et
778 2229 846 2248 vac-

185 2272 221 2291 ca
231 2269 296 2293 aret
307 2274 316 2300 ‚·
329 2265 380 2293 ubi
389 2265 532 2301 araverit,
541 2266 768 2309 murumfaciat
779 2279 786 2297 .-
797 2269 848 2298 ubi

183 2317 300 2349 portam
325 2313 390 2342 vult
406 2323 472 2349 esse,
495 2320 633 2345 aratrum
651 2316 796 2352 sustollat,
821 2323 848 2347 et

182 2360 291 2392 portet,
305 2361 332 2385 et
343 2362 458 2395 portam
473 2363 560 2387 vocet.
573 2357 650 2388 Ideo
663 2365 766 2390 autem
775 2360 848 2390 urbs

187 2408 286 2433 aratro
295 2402 514 2442 circumdatur,
527 2405 640 2448 dispari
652 2418 726 2438 sexu
735 2408 847 2449 juven-

186 2461 303 2487 corum,
319 2461 441 2495 propter
456 2455 699 2487 commistionem
716 2457 847 2488 familia-

186 2511 263 2537 rum,
279 2507 309 2532 εἰ
319 2501 486 2544 imaginem
499 2505 636 2542 serentis,
647 2505 842 2548 fructumque

186 2550 356 2582 reddentis.
396 2552 476 2583 Urbs
491 2559 594 2584 autem
618 2561 717 2586 aratro
738 2556 844 2587 condi-

186 2603 254 2629 tur:
278 2606 378 2631 aratro
393 2602 532 2633 vertitur.
558 2603 648 2634 Unde
659 2605 822 2636 Horatius:

210 2648 452 2692 Imprimeretque
467 2654 559 2683 muris
574 2654 675 2684 hostile
689 2661 840 2685 aratrum.

187 2698 264 2730 Haec
278 2699 413 2731 Isidorus
423 2700 480 2732 lib.
496 2713 548 2732 xv.
562 2712 632 2745 cap.
649 2705 699 2734 ll.
713 2703 752 2735 de
767 2704 842 2735 aedi-

187 2747 264 2779 ficiis
278 2749 421 2790 publicis.
450 2751 544 2782 Cior.

206 2796 259 2828 69.
270 2796 413 2839 Scyt-om]
426 2799 520 2830 Filius
531 2799 589 2831 fuit
599 2800 731 2832 Canethi
740 2806 770 2831 et
779 2801 840 2832 He-

188 2845 313 2877 nioches
329 2847 466 2888 Pytthei.
480 2848 582 2880 locum
598 2850 629 2881 in
644 2843 775 2893 Megara
789 2850 844 2881 ha-

233 2895 331 2927 VOL.
355 2897 383 2927 1.

918 1183 1040 1220 bitavit,
1063 1194 1155 1225 quem
1177 1182 1321 1214 dixerunt
1347 1188 1450 1225 petras
1469 1183 1578 1224 Scyro-

920 1233 1008 1263 nides
1022 1245 1028 1263 :
1066 1232 1198 1263 viatores
1225 1232 1371 1274 spoliatos
1405 1231 1579 1274 praecipites

920 1282 1045 1323 agebat.
1072 1281 1239 1322 Scyronem
1267 1281 1405 1311 Theseus
1437 1280 1578 1323 peremit,

918 1342 990 1361 cum
1005 1330 1146 1361 Athenas
1161 1330 1229 1360 iret.
1246 1330 1448 1371 Procrustes]
1469 1329 1500 1360 Is
1515 1330 1576 1361 Co-

918 1380 1061 1421 rydalum
1076 1378 1190 1410 Atticae
1206 1379 1308 1410 locum
1324 1379 1495 1415 habitabat,
1512 1378 1577 1412 via—

918 1429 1121 1460 toreslectum
1137 1429 1343 1459 conscendere
1359 1429 1499 1470 cogebat,
1510 1428 1578 1459 lon-

917 1479 1017 1520 giores
1042 1479 1234 1520 amputabat,
1257 1478 1448 1508 distrahebat
1475 1477 1577 1508 brevi-

917 1539 994 1563 ores,
1025 1528 1123 1558 donec
1149 1538 1220 1558 cum
1253 1527 1335 1558 lecto
1363 1533 1576 1568 aequarentur:

917 1588 1010 1618 quem
1025 1576 1162 1608 Theseus
1177 1576 1352 1614 trucidavit,
1368 1582 1403 1607 ut
1422 1576 1578 1608 Diodorus

913 1632 1019 1657 auctor
1034 1631 1092 1656 est.
1130 1626 1215 1657 ΛΚΤ.

956 1676 1008 1705 70.
1027 1675 1136 1715 Sinis]
1152 1675 1243 1706 Latro
1252 1674 1438 1705 saevissimus
1450 1674 1482 1705 in
1491 1675 1573 1706 Isth-

912 1735 961 1754 mo
974 1723 1182 1760 Corinthiaco,
1195 1724 1338 1765 alligatos
1349 1724 1508 1755 arboribus
1520 1724 1574 1755 ho-

911 1773 1009 1804 mines
1039 1773 1234 1815 discerpebat
1263 1773 1294 1804 in
1323 1773 1431 1804 frusta.
1465 1774 1574 1804 Forma

911 1825 1069 1864 mixtaque,
1081 1824 1154 1863 ὕεα]
1162 1823 1374 1854 Minotaurum
1385 1823 1576 1855 circumseri-

910 1872 967 1908 bit,
983 1883 1076 1914 quem
1092 1873 1267 1914 labyrintho
1292 1872 1431 1904 clausum
1451 1873 1577 1904 sustulit

915 1921 1067 1952 Theseus.
1096 1921 1161 1952 Alii
1181 1922 1330 1958 scribunt,
1354 1921 1489 1953 Taurum
1509 1922 1574 1953 Mi-

915 1969 982 2001 nois
996 1970 1119 2006 ducem,
1135 1970 1217 2001 bello
1238 1970 1341 2001 navali
1357 1980 1375 2001 a
1388 1970 1508 2001 Theseo
1521 1981 1574 2002 su-

913 2025 1068 2061 peratum.
1102 2019 1198 2050 Idem.

959 2069 1013 2100 71.
1040 2069 1139 2100 Theba*
1150 2069 1295 2110 domim]
1304 2069 1426 2100 Thebas
1438 2069 1578 2101 Cadmus

917 2118 1051 2149 Phoenix
1059 2118 1197 2149 condidit
1208 2118 1239 2149 in
1251 2119 1393 2150 Boeotia:
1411 2119 1576 2150 Creontem

912 2167 1092 2198 Thebarum
1119 2178 1223 2209 regem
1248 2168 1385 2200 Theseus
1410 2168 1576 2205 interemit,

916 2218 1063 2258 quoniam
1078 2217 1203 2259 Argivis
1218 2218 1408 2260 sepulturam
1423 2224 1576 2260 negasset,

916 2272 950 2296 ut
964 2265 1070 2297 scribit
1082 2266 1194 2308 Papin.
1209 2266 1416 2308 Bimembres.]
1437 2267 1574 2298 Centau-

915 2325 976 2345 ros.
1000 2314 1150 2346 Centauri
1165 2314 1298 2347 Junonis
1319 2322 1351 2346 et
1371 2315 1486 2347 Ixionis
1509 2315 1576 2352 filii,

915 2363 946 2395 in
962 2364 1079 2406 nuptiis
1100 2364 1240 2401 Pirithoi,
1257 2375 1326 2406 quae
1342 2373 1436 2407 gestae
1452 2371 1524 2397 sunt
1543 2364 1576 2396 in

915 2419 1017 2444 monte
1032 2413 1131 2450 Pelio,
1147 2414 1388 2456 Hippodamiam
1403 2415 1526 2447 Atracis
1538 2416 1574 2447 fi-

915 2462 999 2499 liam,
1022 2462 1151 2493 Pirithoi
1174 2474 1310 2500 uxorem,
1330 2474 1437 2506 rapere
1464 2465 1571 2496 volue-

911 2517 997 2543 runt:
1015 2518 1081 2543 orta
1100 2523 1215 2554 pugna,
1229 2511 1283 2543 alii
1297 2513 1453 2550 trucidati,
1469 2514 1521 2544 alii
1543 2514 1574 2547 in

912 2561 1017 2602 sugam
1033 2561 1094 2592 acti
1110 2567 1194 2592 sunt.
1219 2561 1301 2592 Rem
1316 2570 1478 2603 gesserunt
1491 2563 1573 2594 The-

913 2620 993 2646 seuS,
1010 2609 1133 2646 Nestor,
1150 2609 1275 2641 Peleus.

954 2658 994 2689 Et
1022 2661 1134 2690 domine
1162 2660 1235 2690 bello
1270 2658 1402 2699 Theben]
1434 2659 1485 2689 De
1514 2658 1573 2691 hac

910 2718 942 2738 re
963 2713 1049 2739 extat
1071 2708 1177 2739 fabula
1192 2708 1359 2751 Euripidis,
1376 2719 1447 2750 quae
1464 2707 1572 2739 inscri-

910 2756 993 2787 bitur
1020 2755 1180 2794 Ἰκετίδες.
1211 2758 1252 2788 Et
1270 2756 1478 2788 meminerunt
1498 2757 1572 2788 Plu-

912 2805 1034 2836 tarchus
1046 2811 1077 2837 et
1087 2806 1240 2836 Isocrates
1251 2817 1385 2847 quoque,
1397 2805 1449 2837 ille
1461 2806 1493 2837 in
1508 2805 1573 2837 vita

910 2854 1033 2893 Thesei,
1042 2855 1092 2887 hic
1105 2855 1137 2886 in
1149 2855 1297 2887 Encomio
1310 2855 1460 2887 Helenes.
1476 2856 1568 2887 Mrc.

956 2904 982 2935 C
