1849 3198
649 254 991 298 HEROIDES.
1024 254 1116 295 ΕΡ.
1149 254 1214 295 Χ.

1542 251 1626 293 135

245 373 464 438 Adspice
488 371 730 420 demissos
755 369 968 432 lugentis
993 368 1043 414 in
1068 384 1151 415 ore
1175 368 1407 431 capillos;

312 450 378 498 Et
400 449 591 497 tunicas
615 446 846 502 lacrimis,
874 445 1003 493 sicut
1026 444 1088 491 ab
1113 443 1286 500 imbre,
1314 458 1503 506 graves.

246 526 457 591 Corpus,
484 533 538 573 ut
561 524 786 588 impulsae
812 528 1006 585 segetes
1031 519 1380 583 Aquilonibus,
1407 520 1598 566 horret:

311 603 572 665 Literaque
598 601 802 648 articulo
826 613 999 663 pressa
1022 603 1265 644 tremente
1288 596 1438 642 labat.

1530 597 1622 641 140

247 679 361 727 Non
384 687 433 728 te
457 695 546 743 per
568 678 813 732 meritum,
842 674 1075 739 quoniam
1099 673 1228 720 male
1255 672 1420 727 cessit,
1448 671 1614 718 adoro.

313 757 498 805 Debita
521 756 584 802 sit
606 755 736 802 facto
761 753 917 816 gratia
941 751 1076 798 nulla
1098 766 1237 798 meo:

248 834 349 882 Sed
374 850 464 881 nec
488 848 635 897 poena
659 831 877 895 quidem.
917 828 957 876 si
994 844 1092 875 non
1117 843 1209 889 ego
1235 840 1414 873 caussa
1437 823 1625 880 salutis,

313 910 427 959 Non
451 918 618 958 tamen
643 915 733 963 est,
761 923 849 954 cur
873 906 939 953 sis
964 912 1018 952 tu
1043 904 1163 951 mihi
1188 918 1366 950 caussa
1388 901 1540 949 necis.

247 987 352 1036 Has
376 987 482 1043 tibi,
509 985 789 1051 plangendo
814 983 1041 1046 lugubria
1065 988 1268 1046 pectora
1289 981 1461 1035 lassas,

1535 980 1625 1025 145

313 1064 492 1112 Infelix
515 1064 665 1111 tendo
690 1069 824 1109 trans
849 1062 974 1109 freta
996 1062 1146 1123 longa
1168 1075 1360 1107 manus,

247 1141 355 1188 Hos
379 1141 485 1197 tibi,
513 1141 596 1203 qui
624 1145 874 1203 superant,
902 1138 1110 1185 ostendo
1136 1143 1314 1183 moesta
1337 1133 1559 1198 capillos.

313 1218 412 1265 Per
434 1219 659 1265 lacrimas
685 1232 784 1271 oro,
813 1231 938 1279 quas
963 1222 1048 1261 tua
1072 1214 1204 1261 facta
1227 1218 1453 1260 movent:

250 1295 418 1343 Flecte
441 1301 612 1350 ratem,
640 1293 864 1350 Theseu3
903 1307 1146 1356 versoque
1172 1291 1392 1338 relabere
1416 1287 1541 1335 velo.

319 1372 372 1419 Si
397 1372 532 1436 prius
557 1371 811 1428 occidero3
851 1378 904 1418 tu
929 1377 1094 1418 tamen
1118 1385 1233 1417 ossa
1254 1369 1408 1430 leges.

296 1548 368 1578 141.
393 1546 521 1588 Adora]
545 1546 665 1588 Regius
679 1548 810 1582 adortor,
826 1545 909 1587 quod

250 1602 298 1628 est
311 1607 364 1640 pro
379 1597 530 1628 adhortor.
555 1596 609 1627 sed
625 1596 700 1626 nihil
724 1601 820 1632 muto,
837 1605 907 1638 pos—

250 1652 298 1678 set
314 1646 397 1677 enim
413 1645 502 1676 aliter
517 1645 579 1687 legi
602 1648 633 1676 id
657 1657 718 1675 oro.
743 1644 798 1675 sed
821 1647 911 1676 adoro

251 1701 298 1726 est
312 1694 445 1736 positum
459 1705 513 1736 pro
528 1693 660 1735 simplici
675 1705 736 1724 oro.
763 1694 881 1723 Bunm.

298 1745 370 1774 147.
402 1744 462 1777 Qui
490 1743 664 1784 superant]
699 1742 760 1780 Qui
784 1748 911 1779 restant,

252 1804 324 1825 nam
339 1792 556 1834 expergefacta
575 1792 747 1823 laniaverat
763 1791 910 1833 capillos;

252 1854 338 1885 supr.
354 1853 432 1872 vers.
451 1842 502 1872 16.

299 1892 425 1921 ostendo
450 1897 550 1921 moesta
575 1889 723 1930 capillos]
751 1888 913 1926 Quomodo

255 1940 376 1971 absenti
400 1946 463 1970 tam
492 1940 582 1980 longe
608 1939 728 1969 Theseo
751 1938 913 1969 ostendere

255 1994 375 2031 poterat
403 1989 553 2030 capillos!
583 1994 657 2030 puto
685 1990 824 2018 obtendo:
853 1987 915 2018 alia

255 2045 359 2070 autem
375 2049 422 2069 res
437 2044 483 2069 est
498 2037 580 2080 apud
593 2038 703 2068 Senec.
716 2037 828 2067 Phoen.
841 2037 914 2067 440.

301 2089 432 2119 Laniuta
447 2099 536 2118 canas
552 2092 644 2116 muter
659 2087 785 2117 ostendit
801 2097 907 2116 comas.

256 2139 453 2179 Quamquam
466 2143 496 2167 et
505 2136 548 2167 ibi
560 2138 688 2166 obtendit
700 2141 802 2178 posset
814 2135 916 2165 locum

254 2187 382 2218 habere.
431 2187 594 2216 Obtendere
631 2195 714 2220 vero,
753 2189 788 2215 ut
826 2183 917 2213 modo

256 2239 388 2272 tendere,
410 2235 543 2278 positum
570 2245 623 2276 pro
650 2233 816 2276 porrigere,
840 2243 916 2275 prae-

257 2285 396 2320 tendere,
423 2291 457 2315 ut
484 2284 626 2315 solebant
654 2282 820 2324 supplices.
851 2280 915 2311 vid.

259 2335 369 2365 Heins-
386 2334 424 2365 ad
441 2334 497 2364 Sil.
514 2333 559 2363 iii.
577 2334 652 2363 613.
670 2331 723 2362 ubi
739 2331 848 2362 eadem
865 2341 917 2360 va-

257 2384 366 2415 rietas:
391 2383 480 2414 aliter
494 2384 647 2413 obtendere
670 2387 716 2412 est
731 2388 847 2422 tegere,
865 2391 918 2411 ve-

258 2434 335 2468 lare,
358 2433 397 2463 de
423 2443 484 2473 quo
499 2432 564 2462 vid.
587 2430 699 2461 Barth.
723 2430 762 2460 ad
789 2430 869 2459 Stat.
887 2441 919 2458 v.

259 2482 358 2513 Theb.
374 2483 424 2513 45.
440 2487 472 2512 et
492 2481 629 2512 Gronov.
653 2479 693 2510 ad
715 2481 825 2510 Senec.
842 2478 917 2509 (Ed.

261 2532 336 2563 624.
361 2532 479 2562 Burm-

307 2582 380 2613 149.
405 2582 551 2621 versoque
566 2581 695 2609 relabere
710 2578 821 2618 venta]
850 2578 917 2608 Nec

260 2630 292 2661 in
322 2641 415 2662 manu
440 2629 605 2665 Ariadnes,
630 2639 686 2660 nec
714 2626 825 2659 Thesei
854 2632 920 2658 erat

1540 1366 1632 1412 150

977 1551 1103 1576 ventum
1119 1550 1249 1581 vertere,
1266 1552 1367 1584 neque
1382 1541 1414 1572 id
1430 1546 1550 1583 poterat
1564 1539 1635 1571 Ari-

978 1594 1057 1626 adne
1083 1593 1186 1636 specie
1209 1593 1315 1635 aliqua
1337 1602 1355 1623 a
1374 1591 1494 1622 Theseo
1514 1596 1635 1632 petere:

978 1655 1073 1686 quare
1099 1643 1266 1685 legendum
1290 1652 1362 1673 cum
1386 1639 1560 1671 Basileensi
1585 1649 1636 1670 co-

977 1693 1059 1729 dice,
1078 1704 1212 1732 versoque
1228 1692 1356 1722 relabere
1371 1691 1446 1721 velo.
1476 1689 1593 1719 Eunu.

1024 1744 1096 1774 150.
1123 1742 1193 1773 Ossa
1198 1741 1311 1784 feres]
1338 1740 1475 1775 Esseres,
1488 1739 1519 1769 in
1535 1738 1637 1780 sepul·

978 1802 1029 1823 cro
1052 1789 1278 1833 componenda.
1322 1788 1431 1819 Tradit
1445 1788 1544 1819 Poeon
1569 1786 1637 1828 qui-

979 1841 1051 1871 dam
1087 1839 1303 1874 Amathusius,
1340 1837 1507 1872 Theseum,
1543 1846 1639 1877 quum

978 1890 1139 1921 Ariadnen
1155 1888 1352 1930 navigatione
1367 1887 1521 1918 defessam
1543 1885 1575 1916 in
1591 1885 1638 1916 in-

980 1940 1048 1970 sula
1071 1939 1258 1980 reliquisset,
1278 1948 1314 1968 eo
1338 1946 1493 1967 reversum
1518 1934 1639 1965 extinc-

980 1995 1043 2019 tam
1073 1987 1240 2022 invenisse,
1264 1991 1297 2016 et
1317 1984 1458 2028 pecuniae
1486 1994 1640 2014 summam

981 2037 1153 2079 reliquisse,
1171 2041 1206 2067 ut
1228 2035 1286 2066 rite
1310 2040 1341 2065 et
1363 2044 1434 2064 cum
1456 2043 1568 2074 pompa
1591 2038 1640 2063 tu-

982 2087 1065 2117 mulo
1080 2085 1272 2117 conderetur.
1297 2083 1358 2114 Sed
1373 2082 1511 2125 poeticus
1526 2080 1639 2122 magis,

982 2135 1114 2176 ideoque
1136 2132 1355 2176 praeferendus,
1372 2132 1424 2173 qui
1449 2130 1580 2161 invaluit
1603 2130 1642 2161 de

983 2183 1120 2214 Ariadne
1137 2193 1249 2217 rumor,
1268 2193 1286 2212 a
1301 2181 1426 2212 Baccho
1441 2179 1595 2215 adamata,
1611 2184 1643 2210 et

984 2244 1095 2265 corona
1119 2233 1157 2263 ab
1173 2243 1208 2263 eo
1224 2231 1349 2266 donata,
1366 2241 1435 2272 quae
1459 2234 1528 2271 post
1548 2229 1643 2271 ipsius

984 2288 1112 2312 mortem
1128 2281 1229 2312 locum
1246 2280 1325 2310 inter
1340 2279 1428 2320 signa
1442 2277 1578 2309 caelestia
1589 2278 1643 2308 ob-

985 2330 1089 2362 tinuit.
1115 2331 1229 2360 Narrat
1245 2339 1315 2359 vero
1331 2327 1492 2358 Plutarch.
1510 2327 1541 2357 in
1550 2326 1644 2357 Thes.

985 2379 1155 2415 Ariadnen,
1167 2384 1234 2420 post
1244 2377 1355 2408 Thesei
1367 2376 1546 2411 discessum,
1558 2376 1644 2405 Ona-

986 2439 1017 2459 ro
1031 2428 1167 2463 cuidam,
1186 2427 1239 2469 qui
1256 2426 1373 2457 Bacchi
1391 2425 1485 2456 sacris
1500 2423 1645 2455 addictus

985 2482 1062 2513 erat,
1089 2476 1245 2518 nupsisse3
1268 2482 1299 2506 et
1322 2475 1392 2510 Ion,
1420 2478 1512 2516 poeta
1533 2473 1642 2508 Chius,

986 2527 1064 2557 filios
1078 2537 1094 2557 e
1109 2527 1229 2557 Theseo
1244 2523 1428 2567 suscepisse,
1446 2522 1600 2564 OEnopion
1615 2527 1645 2553 et

985 2576 1183 2618 Staphylum.
1228 2574 1346 2605 Ama.

1057 2844 1118 2874 Kaet
