1849 3198
249 225 306 267 80
641 219 692 261 Ρ.
726 214 940 260 OVIDII
972 214 1252 258 NASONIS

254 339 380 395 Nec,
408 337 525 402 quia
546 342 597 384 te
622 341 790 382 nostra
814 347 1011 396 sperem
1037 347 1185 395 prece
1210 348 1357 396 posse
1382 331 1582 388 moveri,

318 416 604 478 Adloquor:
645 412 850 460 adverso
875 409 1117 456 movimus
1142 410 1238 457 ista
1263 410 1389 457 Deo.
1452 410 1641 471 [dicum

255 495 357 542 Sed
381 493 557 540 merita
580 498 631 539 et
654 490 851 543 famam,
880 503 1161 550 corpusque
1198 487 1518 550 animumque
1550 503 1640 550 pu-

319 571 449 619 Cum
469 570 596 617 male
615 564 931 632 perdiderim,
949 563 1157 626 perdere
1175 565 1326 611 verba
1343 564 1450 611 leve
1475 570 1567 610 est.
1612 565 1640 610 6

251 706 387 742 diuntur‚
400 704 532 746 ellipsim
548 714 584 734 ac
595 701 807 745 praecisionem
822 699 913 730 istam

251 755 377 786 affectui
414 754 596 785 tribuentes.
655 752 802 783 Ceterum
840 747 914 790 quia

251 804 405 847 particula
418 805 459 833 sic
471 803 562 843 vulgo
574 800 760 832 sententiam
775 798 913 839 aliquam

251 853 397 896 postulat,
413 852 461 883 cui
473 852 521 882 vel
533 851 692 885 inferatur,
703 845 843 880 vel‘alias
859 845 913 877 ad-

251 908 390 944 aptetur:
416 900 540 931 Deinde
550 905 580 930 et
591 897 828 929 similitudinem
842 897 913 927 abs-

252 962 313 993 que
322 950 486 981 collatione
495 948 578 991 poni,
585 948 628 979 ita
635 954 670 978 ut
678 957 779 988 neque
788 945 914 988 epilogi,

253 1011 355 1042 neque
371 997 618 1041 epiphonematis
633 998 734 1027 vicem
753 995 914 1031 sustineat,

253 1060 315 1080 non
324 1049 367 1079 ita
375 1048 523 1079 usitatum
533 1052 597 1085 est3
613 1045 750 1076 curiosus
762 1044 915 1086 quispiam

253 1098 297 1129 rei
313 1096 430 1128 mederi
447 1096 564 1131 volens,
582 1094 748 1125 versiculos
770 1104 788 1124 a
802 1093 915 1136 princi-

253 1147 305 1189 pio
328 1146 404 1177 alios
427 1145 505 1176 duos
530 1143 656 1185 adjecit,
672 1142 784 1184 quibus
808 1142 916 1172 simili-

254 1196 330 1227 tudo
353 1195 420 1237 ipsa
443 1194 617 1228 inferretur,
635 1198 667 1223 et
681 1192 764 1233 quod
786 1191 917 1222 affectus

255 1255 364 1276 caussa
388 1244 534 1274 omissum
557 1252 575 1272 a
590 1241 689 1272 Poeta
705 1246 781 1276 erat,
796 1240 916 1282 perfec-

254 1301 320 1325 tum
349 1304 384 1324 ac
406 1293 534 1335 plenum
559 1291 751 1321 redderetur.
797 1290 916 1326 Quam-

254 1354 349 1385 quam
385 1342 478 1384 igitur
514 1340 572 1383 ipsi
601 1350 706 1371 versus
742 1339 918 1370 tolerabiles

255 1399 337 1429 sunt,
351 1399 381 1423 et
397 1403 468 1423 cum
484 1392 531 1427 iis,
543 1390 656 1432 quibus
671 1388 820 1432 praemissi
835 1395 916 1425 sunt,

255 1454 315 1473 non
345 1442 426 1472 male
454 1441 610 1472 cohaerent
620 1452 628 1477 ;
666 1438 737 1480 quia
767 1444 871 1469 tamen
901 1449 918 1469 a

255 1492 355 1523 doctis
370 1498 519 1532 tanquam
535 1490 621 1520 nothi
637 1495 667 1520 et
683 1488 849 1519 adulterini
865 1499 915 1519 no-

255 1548 371 1577 tantur,
388 1551 442 1571 nos
457 1550 580 1581 quoque
593 1539 718 1569 eosdem
733 1539 772 1568 ab
789 1538 856 1568 aliis
871 1549 919 1569 seu

255 1591 442 1633 paravimuS‚
458 1590 646 1629 seorsimque
670 1594 700 1618 et
720 1599 775 1618 suo
791 1588 918 1619 charac-

257 1648 319 1671 tere
336 1639 493 1681 ponendos
508 1638 664 1668 duximus.
690 1638 772 1667 Mrc.
828 1638 920 1668 Liber

257 1690 376 1731 Regius
400 1694 431 1719 et
451 1689 607 1729 Excerpta
622 1687 754 1717 Puteani
779 1697 848 1717 cum
868 1697 919 1717 co-

257 1739 326 1769 dice
339 1736 524 1768 Lovaniensi
535 1747 668 1778 sequens
679 1735 832 1766 distichon
848 1736 918 1767 huic

257 1788 403 1830 Epistolae
419 1787 601 1829 praefigunt:

301 1838 422 1876 Accipe,
456 1836 644 1871 Dardanide,
673 1836 823 1865 moriturae
852 1845 919 1864 car-

388 1897 454 1915 men
467 1885 566 1920 Elim,

347 1935 420 1969 Quae
443 1935 525 1976 legis,
549 1946 567 1964 a
592 1934 672 1964 nobis
700 1933 806 1963 ultima
835 1934 921 1963 verba

387 1985 470 2025 Iegis.

260 2033 407 2064 Ceterum
425 2033 533 2068 Elissa,
560 2042 621 2062 non
640 2031 723 2061 Elisa
747 2036 922 2062 constanter

260 2082 344 2112 Dido
360 2080 534 2112 nominatur
555 2081 586 2110 in
601 2079 771 2110 veterrimis
786 2079 920 2120 Virgilii,

260 2130 338 2166 Silii,
354 2130 495 2165 Ausonii,
512 2129 690 2165 Claudiani,
708 2129 864 2159 Paterculi
891 2136 922 2160 et

259 2179 354 2210 nostri
363 2179 466 2209 Po‘etae
479 2178 650 2209 codicibus.
674 2188 732 2208 nec
743 2178 831 2208 aliter
840 2178 922 2220 apud

262 2229 398 2259 Graeeos.
426 2238 496 2258 nam
525 2228 650 2257 Elissam
675 2227 782 2267 lingua
804 2226 923 2258 Punica

260 2279 390 2307 divinam
407 2278 572 2317 viraginem
595 2286 703 2306 sonare
719 2275 921 2306 contendunt.

261 2325 343 2357 Vide
368 2325 573 2367 Etymologiei
599 2331 755 2355 auctorem
777 2325 809 2354 in
831 2323 923 2356 Διὸώ.

261 2374 314 2405 ubi
330 2375 391 2405 alia
406 2374 600 2417 proferuntur
616 2374 656 2404 ad
675 2374 756 2404 hanc
772 2384 848 2404 rem.
873 2373 924 2404 adi

261 2431 292 2455 et
309 2424 406 2455 virum
421 2434 575 2455 summum
594 2424 770 2453 Samuelem
786 2423 923 2453 Bochar-

261 2480 327 2504 tum
340 2474 371 2503 in
388 2473 506 2514 Phaleg
520 2483 585 2503 suo.
630 2472 751 2503 mes.

305 2524 337 2552 2.
365 2522 503 2552 Concinit
524 2523 608 2551 albus
622 2521 714 2561 aloru]
742 2521 813 2551 Huc
837 2520 922 2558 facit,

262 2572 346 2613 quod
371 2571 519 2612 scriptum
542 2570 667 2611 reliquit
691 2570 801 2601 Cicero
825 2571 881 2601 lib.
899 2571 921 2603 i.

261 2622 356 2653 Tusc.
372 2621 642 2662 Dis-putationum:
667 2630 737 2661 cap.
755 2621 808 2651 30.
842 2621 922 2663 Cyg-

262 2673 306 2707 711',
333 2672 384 2710 qui
412 2681 469 2700 non
497 2672 559 2699 sine
589 2680 691 2699 caussa
714 2670 847 2708 Apollini
877 2673 923 2701 di-

263 2722 323 2750 cati
346 2726 426 2755 sunt,
441 2721 489 2750 sed
511 2721 587 2759 quod
608 2720 644 2749 ab
666 2730 697 2748 eo
711 2721 922 2750 divinationem

261 2770 366 2801 habere
381 2770 552 2805 videantur,
568 2771 636 2809 quia
654 2770 838 2808 providentes
853 2772 924 2809 quid

981 698 1011 727 in
1039 703 1128 728 morte
1144 699 1210 728 boni
1231 700 1279 734 sit,
1295 709 1362 728 cnm
1384 703 1477 727 cantu
1498 701 1527 726 et
1541 696 1643 734 volup-

982 752 1042 777 tute
1064 749 1245 777 moriantur.
1293 746 1457 778 Videndus
1480 751 1527 776 est
1542 745 1643 775 AElia-

981 807 1039 827 nus
1053 796 1109 827 lib.
1126 796 1149 826 i.
1167 797 1217 827 De
1233 797 1311 827 Var.
1334 794 1482 831 Historia,
1498 800 1530 825 et
1543 793 1644 835 Hygi-

982 857 1051 876 nuS.
1099 846 1193 877 Cror.

1025 896 1057 926 4.
1083 896 1212 925 Adverso
1230 895 1371 924 movimus
1385 895 1441 923 ista
1459 891 1551 932 De0.]
1578 891 1644 922 Mo-

983 945 1077 974 rimus
1090 943 1283 979 retinuimus,
1297 942 1381 984 quod
1404 941 1515 972 melius
1530 942 1578 982 τῷ
1599 941 1645 970 ul-

984 994 1084 1033 loquor
1120 992 1277 1023 convenit.
1325 992 1446 1022 Movere
1487 989 1570 1021 enim
1606 989 1645 1020 de

983 1042 1160 1084 scriptione,
1177 1041 1318 1084 epistola,
1344 1047 1376 1071 et
1399 1050 1538 1071 sermone
1562 1044 1646 1070 recte

983 1091 1096 1123 dicitur
1111 1104 1142 1122 v.
1159 1092 1258 1134 Epist.
1274 1103 1326 1122 xv.
1346 1092 1378 1121 4.
1398 1091 1427 1121 1.
1451 1089 1521 1120 Art.
1536 1089 1644 1120 Amat.

984 1142 1035 1171 29.
1045 1147 1074 1171 et
1086 1141 1176 1172 alibi:
1193 1147 1224 1171 et
1232 1141 1317 1170 Deos
1325 1146 1388 1170 tam
1400 1141 1543 1174 adversos,
1553 1148 1646 1179 quam

983 1202 1097 1221 aversos
1120 1197 1202 1222 recte
1217 1190 1279 1220 dici
1302 1189 1425 1225 scimus,
1440 1189 1515 1219 licet
1529 1186 1646 1218 librarii

983 1247 1132 1282 perpetuo
1170 1239 1232 1270 fere
1269 1236 1538 1269 commutaverint.
1584 1236 1648 1267 vid.

985 1289 1123 1320 Gronov.
1141 1289 1180 1319 ad
1192 1289 1303 1319 Senec.
1317 1286 1409 1317 Med.
1424 1288 1476 1317 10.
1489 1293 1519 1317 et
1535 1286 1579 1316 ita
1593 1288 1647 1316 ud-

984 1349 1083 1369 ‘rersus
1109 1338 1194 1368 Mars
1219 1335 1391 1367 necessario
1415 1335 1595 1366 retinendus
1616 1334 1648 1365 in

984 1388 1041 1418 lib.
1055 1387 1078 1418 i.
1095 1389 1180 1419 Fast.
1197 1388 1250 1418 60.
1268 1386 1341 1428 quia
1356 1385 1439 1416 idem
1455 1391 1551 1422 notat,
1564 1385 1648 1426 quod

984 1439 1108 1468 adversa
1126 1439 1225 1477 praelii
1238 1436 1384 1478 fortuna,
1400 1445 1495 1476 quam
1517 1446 1649 1465 aversam

987 1487 1047 1518 dici
1064 1498 1151 1529 posse
1168 1498 1228 1517 non
1243 1492 1328 1528 puto,
1374 1487 1478 1516 Aversi
1495 1495 1565 1515 vero
1579 1495 1648 1526 pro-

986 1536 1051 1579 prie
1067 1536 1122 1574 dii,
1138 1537 1162 1567 si
1179 1535 1328 1567 excedere
1351 1545 1389 1565 ex
1403 1533 1538 1576 templis,
1555 1534 1649 1565 desti-

987 1592 1073 1617 tuere
1095 1587 1173 1622 loca,
1199 1591 1252 1616 aut
1275 1583 1426 1620 homines,
1452 1590 1523 1614 ante
1547 1590 1651 1614 amata

986 1636 1188 1667 inducuntur.
1256 1636 1392 1670 Adversi,
1428 1632 1481 1664 ubi
1524 1632 1651 1663 inimica

987 1692 1102 1722 mente,
1132 1685 1242 1726 iniqui,
1271 1683 1351 1719 irati,
1384 1682 1528 1714 contrarii
1564 1689 1649 1713 sunt.

987 1746 1095 1766 sensus
1110 1745 1180 1765 vero
1196 1742 1242 1765 est
1256 1746 1264 1772 3
1287 1732 1472 1775 Scripsimus
1487 1742 1559 1773 ergo
1570 1731 1651 1762 hanc

987 1785 1160 1827 Epistolam
1176 1795 1237 1815 non
1252 1793 1289 1814 ea
1303 1793 1368 1824 spe,
1384 1781 1473 1823 quasi
1485 1787 1518 1812 tu
1534 1781 1649 1811 moveri

987 1845 1102 1876 posseS,
1115 1833 1169 1865 sed
1182 1833 1256 1875 quia
1266 1832 1335 1863 leve
1348 1837 1395 1862 est
1404 1831 1498 1862 verba
1508 1830 1650 1872 perdere.

988 1884 1106 1914 Bunm.
1347 1897 1351 1902 ·

1032 1935 1063 1964 5.
1089 1933 1146 1962 Sed
1162 1933 1260 1963 meriti
1271 1929 1423 1973 famarm]
1451 1929 1651 1971 Gottorphia-

989 1994 1046 2013 nus
1074 1988 1105 2013 et
1141 1982 1219 2012 alter
1247 1979 1472 2015 Mentelianus,
1502 1981 1650 2009 meritam.

990 2033 1080 2063 Unus
1104 2030 1269 2061 Mediceus
1297 2031 1416 2060 merita.
1462 2029 1652 2064 Puteaneus,

988 2083 1103 2112 merite.
1149 2079 1255 2111 Scribe
1270 2092 1276 2109 :

1032 2131 1089 2160 Sed
1103 2132 1210 2160 merita
1225 2129 1391 2171 etfamam.

989 2179 1106 2209 Merita
1121 2184 1211 2210 vocat
1225 2176 1389 2212 beneficia,
1405 2186 1474 2217 quae
1495 2175 1527 2205 in
1550 2175 1652 2216 ingra-

989 2235 1055 2260 tum
1067 2229 1188 2258 AEnean
1204 2226 1388 2258 contulerat.
1405 2225 1448 2256 sic
1464 2225 1583 2255 Auson.
1597 2236 1651 2267 pa-

990 2277 1170 2313 rentalibus,
1185 2278 1290 2307 merita
1306 2274 1459 2317 etsamam
1478 2274 1651 2315 conjunxit.

991 2327 1110 2357 Hitrxs.

1035 2377 1064 2406 6.
1090 2373 1308 2413 Perdiderint]
1337 2371 1507 2402 Patavinus
1516 2373 1653 2411 perdide-

991 2428 1044 2456 rts.
1079 2430 1226 2455 venuste:
1251 2429 1335 2453 amat
1360 2422 1443 2452 enim
1469 2422 1583 2452 Noster
1605 2431 1653 2451 se-

991 2475 1094 2506 cunda
1108 2484 1238 2516 persona
1254 2472 1351 2513 loqui.
1365 2483 1448 2513 supr.
1463 2471 1561 2513 Epist.
1577 2481 1608 2500 v.
1623 2471 1654 2501 7.

1036 2525 1159 2554 Leniter
1180 2534 1211 2553 ex
1237 2524 1350 2557 merito,
1365 2522 1505 2562 quicquid
1525 2522 1653 2560 patiare,

1067 2573 1233 2615 Jereizdum
1250 2578 1304 2602 est.

1249 2621 1367 2651 mes.
1383 2619 1404 2650 i.
1417 2618 1510 2649 Trist.
1529 2619 1579 2648 ll.
1603 2618 1652 2648 13.

1039 2671 1131 2702 Verba
1147 2672 1232 2700 miser
1245 2660 1369 2712 frustra
1387 2680 1445 2698 ηοη
1467 2668 1655 2708 prqficientia

1074 2721 1176 2760 perdo.

994 2770 1103 2800 Douza
1131 2768 1335 2809 adscripscrat
1369 2765 1471 2797 locum
1498 2764 1654 2802 Quinctil.
