1849 3198
640 225 985 268 HEROIDES.
1019 227 1111 268 ΕΡ.
1146 227 1264 269 XII.

1561 234 1646 276 155

254 339 499 403 Tibiaque
524 340 733 387 effundit
757 342 960 388 socialia
982 344 1201 390 carmina
1223 345 1379 401 vobiS,

318 418 388 465 At
412 419 532 465 mihi
556 418 759 465 funerea
782 419 1024 466 flebiliora
1047 421 1196 478 tuba3

1551 429 1643 474 140

254 495 497 543 Pertimui
514 514 524 553 3
556 512 649 543 nec
671 496 833 543 adhuc
852 503 1045 543 tantum
1065 498 1229 544 scelus
1249 514 1360 546 esse
1378 502 1639 563 putabam:

323 573 426 620 Sed
450 580 618 620 tamen
644 573 693 619 in
719 579 824 620 toto
849 583 1051 637 pectore
1076 573 1229 637 frigus
1256 583 1375 623 erat.

254 649 423 699 Turba
459 658 631 707 ruunt3
686 658 751 706 et,
793 649 1012 715 Hymen,
1053 652 1295 700 clamant:
1350 652 1641 717 Hymenaee,

452 728 788 791 frequentant.

321 805 433 859 Quo
458 806 657 870 propior
680 822 779 853 vox
805 813 895 862 est,
924 808 1016 854 hoc
1043 807 1163 853 mihi
1188 809 1330 872 pejus
1357 817 1477 857 erat.

255 881 449 929 Diversi
475 883 663 930 flebant
687 883 829 939 servi,
857 884 1187 947 lacrimasque
1213 886 1466 947 tegebant.

1552 892 1642 937 145

320 959 444 1014 Quis
468 961 616 1008 vellet
639 962 763 1008 tanti
790 962 991 1010 nuntius
1017 979 1128 1010 esse
1153 963 1302 1010 mali?

252 1115 378 1146 Catullo
397 1122 428 1147 et
442 1116 607 1149 Theocrito
622 1118 783 1160 vulgatam
806 1119 914 1151 lectio-

250 1175 322 1196 nem
346 1171 462 1197 tuetur.
489 1172 524 1197 ut
540 1167 699 1204 Ciofanus,
717 1169 770 1209 qui
785 1170 913 1210 Nauge-

249 1213 329 1245 rium
344 1214 394 1246 hic
410 1215 603 1258 compilavit.
650 1217 770 1249 Hfflxs.

298 1265 368 1295 138.
400 1265 597 1307 Lampades]
632 1267 730 1298 Faces
758 1268 915 1310 nuptiales

250 1312 422 1355 explicant.
459 1321 562 1356 posset
585 1320 691 1346 tamen
715 1321 747 1347 et
776 1317 845 1358 capi
875 1318 914 1348 de

250 1363 424 1404 pensilibus
440 1364 650 1405 Lychnuchis,
667 1366 781 1407 quibus
804 1367 914 1397 domus

250 1411 586 1445 festailluminabatur.
596 1415 724 1446 Terent.
732 1415 828 1446 Adel.
840 1428 870 1447 v.
882 1417 913 1446 7.

295 1461 388 1492 Missa
405 1463 554 1505 lecfcface,
573 1464 780 1505 Hymemrum,
797 1468 911 1501 turbas,

338 1512 500 1551 lampadas.

251 1560 292 1590 Et
306 1559 350 1591 sic
364 1560 434 1591 infr.
450 1562 511 1603 Ep.
529 1561 593 1593 xiv.
611 1564 662 1594 25.

299 1610 436 1651 Undique
450 1612 598 1642 collucent
619 1614 786 1652 praecinctae
803 1614 914 1654 lampa-

335 1661 385 1690 des
399 1671 486 1691 auro.

251 1707 317 1738 Etsi
332 1709 426 1750 probe
442 1710 550 1745 sciam,
568 1711 720 1750 lampadas
735 1711 773 1741 de
783 1711 913 1747 facibus,

250 1763 282 1787 et
290 1757 418 1798 quidem
431 1759 623 1801 nuptialibus
635 1759 710 1790 dici.
719 1767 753 1791 ut
764 1760 810 1791 iii.
822 1761 914 1792 Pont.

250 1806 296 1837 iii.
315 1808 368 1838 60.
415 1808 489 1839 Val.
507 1809 592 1840 Flac.
608 1809 673 1841 viii.
689 1810 765 1841 278.
782 1815 813 1841 et
825 1810 912 1841 alibi.

251 1855 370 1887 Brun.

297 1905 369 1935 143.
398 1905 498 1936 Turba
526 1913 623 1937 ruunt
649 1913 676 1936 et
703 1907 822 1947 Hymen
853 1908 913 1937 cla-

252 1960 346 1990 mant,
362 1955 757 1997 Hymemrejrequentant.]
785 1956 913 1998 Duplex

252 2002 344 2045 hujus
361 2015 467 2035 versus
489 2004 582 2035 lectio
609 2012 673 2036 est:
699 2005 835 2046 vulgaris
860 2005 914 2036 ha-

250 2053 315 2089 bet,
355 2054 518 2094 Hymenzra
545 2055 762 2096 frequentant.
811 2056 915 2092 Quam

252 2102 306 2143 qui
321 2102 504 2139 defendunt,
520 2103 681 2144 Hymenoea
695 2104 747 2135 alii
761 2104 915 2146 pluralem

252 2162 359 2182 casum
375 2152 506 2189 faciunt,
523 2163 541 2183 a
562 2160 671 2184 neutro
687 2154 719 2184 in
744 2166 804 2190 um,
820 2160 853 2185 ut
876 2154 915 2184 sit

253 2201 408 2242 adjective
421 2202 568 2243 positum,
579 2213 634 2244 pro
646 2203 809 2244 Hymmuru
819 2216 914 2239 sus-ru,

251 2250 316 2281 sive
345 2251 517 2290 solemnia3
548 2252 676 2293 perinde
707 2258 741 2282 ut
763 2253 917 2294 nuptialia

252 2310 340 2330 sacra
351 2299 510 2330 dicuntur.
549 2300 613 2330 Alii
630 2306 734 2332 autem
751 2302 916 2343 metaplas-

252 2359 336 2379 mum
352 2348 480 2385 faciunt,
496 2354 529 2380 ut
544 2349 583 2379 sit
601 2350 763 2390 Hymemra
778 2361 832 2393 pro
851 2351 916 2392 Hy-

253 2408 380 2427 menoenn
396 2397 543 2439 positum,
562 2398 712 2439 singulari
727 2409 821 2430 casu:
847 2410 916 2441 quae

252 2452 357 2477 tamen
373 2447 472 2487 figura
488 2447 608 2478 Graecis
623 2447 804 2478 familiarior
821 2459 915 2489 quarn

252 2496 372 2526 Latinis
408 2502 465 2526 est.
526 2496 635 2528 Altera
678 2504 783 2527 autem
821 2497 916 2527 lectio

252 2555 358 2576 eorum
372 2551 428 2581 est,
445 2545 498 2586 qui
510 2545 666 2586 Hymenaee
683 2547 824 2577 vocativo
840 2557 914 2577 casu

252 2594 374 2635 legunt,
392 2601 425 2625 ut
441 2594 479 2625 sit
494 2595 655 2637 ellipticws
667 2595 797 2626 (lictum.
850 2596 913 2635 lly-

252 2654 371 2679 menaee,
383 2654 437 2685 pro
454 2649 484 2673 te
500 2643 668 2684 Hymemre,
679 2646 738 2675 ἃς.
755 2644 917 2675 autetiam

253 2691 332 2722 citra
360 2692 501 2733 figuram,
531 2703 584 2734 pro
613 2692 812 2734 frequentant
836 2693 916 2723 hanc

254 2751 362 2772 vocem
380 2741 549 2782 Hymemre.
597 2743 709 2783 Neque
721 2742 814 2773 facile
830 2742 916 2772 ‹lixe-

255 2788 311 2820 rim
327 2796 396 2821 utra
420 2790 512 2822 lectio
528 2791 626 2832 potior
641 2792 699 2831 sit;
726 2792 852 2832 quando
867 2793 919 2831 (ut

983 1125 1066 1145 nunc
1089 1114 1216 1156 quidem
1241 1116 1273 1146 in
1299 1116 1434 1158 vulgatis
1455 1117 1645 1151 editionibus

982 1163 1145 1204 habetur‚)
1154 1164 1314 1207 utriusque
1327 1166 1473 1208 exempla
1487 1168 1644 1209 reperiun-

983 1218 1044 1243 tur.
1091 1214 1175 1244 Nam
1190 1213 1221 1244 in
1236 1215 1258 1245 i.
1281 1214 1319 1245 de
1334 1214 1412 1246 Arte
1429 1217 1504 1247 563.
1528 1218 1581 1247 ubi
1605 1219 1643 1249 de

983 1262 1110 1294 Baccho
1125 1269 1156 1294 et
1169 1263 1311 1295 Ariadna
1325 1265 1441 1296 mentio
1457 1266 1501 1302 fit,
1514 1266 1564 1297 hic
1576 1279 1644 1299 ver-

983 1322 1033 1342 sus
1059 1311 1201 1353 ponitur:
1232 1314 1311 1344 Pars
1333 1314 1497 1355 Hymenaea
1518 1324 1644 1353 canunt,

978 1373 1049 1401 pars
1066 1362 1146 1392 Ero'e'
1162 1363 1242 1393 Evo'e'
1256 1365 1400 1395 clamant.
1416 1370 1447 1395 et
1462 1365 1493 1395 in
1504 1365 1645 1408 Epistola

983 1410 1236 1453 Hypermnestrae
1271 1414 1325 1444 27.
1376 1414 1492 1455 Vulgus
1526 1415 1646 1456 Hymen

984 1459 1147 1501 Humerum
1184 1469 1302 1497 vocant,
1341 1463 1400 1494 ἃς.
1454 1464 1524 1495 Nisi
1562 1466 1645 1506 quod

982 1510 1132 1550 posterior
1160 1511 1252 1542 lectio
1281 1512 1493 1544 Grammatice
1520 1514 1646 1546 defendi

984 1558 1096 1590 melius
1110 1565 1211 1602 potest
1225 1573 1230 1589 :
1247 1571 1344 1602 eoque
1359 1568 1389 1592 et
1404 1561 1503 1593 doctis
1517 1563 1645 1604 quibus-

984 1606 1057 1638 dam
1083 1609 1182 1650 magis
1206 1611 1366 1650 probatur.
1401 1611 1454 1641 sed
1480 1618 1586 1643 tamen
1615 1620 1647 1645 et

982 1656 1062 1687 illud
1091 1669 1152 1688 non
1181 1660 1359 1695 obscurum,
1386 1660 1501 1691 Poetas
1527 1668 1647 1694 veteres

982 1707 1053 1748 plus
1068 1707 1194 1738 auribus
1217 1708 1397 1750 aliquando,
1419 1720 1513 1750 quam
1531 1711 1643 1742 Gram-

982 1757 1167 1788 maticorum
1196 1758 1360 1800 praeceptis
1389 1769 1425 1789 ae
1451 1760 1567 1800 regulis
1590 1761 1645 1792 de-

982 1805 1075 1836 disse.
1108 1807 1296 1837 MrcrLLus.
1342 1806 1424 1838 Vide
1447 1808 1569 1839 Heinsii
1592 1821 1646 1840 no-

982 1861 1030 1885 tas
1057 1855 1097 1886 ad
1120 1855 1222 1897 Epist.
1248 1856 1312 1886 xiv.
1343 1857 1395 1887 27.
1441 1857 1648 1897 Frequentare

982 1914 1054 1934 vero
1069 1904 1119 1934 hic
1135 1910 1182 1935 est
1196 1905 1400 1945 ingeminare,
1414 1913 1566 1948 repetere.

1028 1953 1099 1983 144.
1127 1953 1183 1984 1⁷01
1201 1954 1273 1994 πῄ]
1305 1954 1361 1984 1⁷01
1388 1956 1446 1985 Jurc
1467 1955 1647 1988 Puteaneus

983 2007 1014 2032 et
1039 2001 1294 2045 Gottorphianus.
1328 2003 1389 2033 duo
1419 2003 1471 2033 alii
1496 2006 1555 2035 hac
1580 2018 1645 2037 ror.

983 2051 1158 2082 mesrrs.
1204 2051 1266 2082 Sed
1290 2053 1482 2094 κακόφων.ῑν
1505 2053 1562 2085 hoc
1586 2063 1645 2086 est.

983 2110 1079 2141 quare
1094 2100 1212 2131 retineo
1227 2108 1282 2132 est.
1330 2102 1422 2142 Pejus
1436 2109 1499 2132 erat
1516 2112 1597 2140 vero,
1612 2111 1646 2135 ut

984 2149 1015 2179 in
1030 2149 1084 2179 illo
1099 2149 1237 2181 Petronii
1252 2161 1324 2193 cap.
1341 2152 1393 2181 54.
1433 2152 1560 2182 Pessime
1575 2155 1647 2184 mihi

983 2206 1060 2229 erat.
1086 2199 1204 2229 vai.

1032 2250 1105 2279 145.
1139 2250 1259 2279 Diversi
1277 2250 1429 2291 flebant]
1469 2251 1567 2282 Divisi
1599 2253 1645 2283 vel

984 2300 1106 2338 dispersi
1135 2299 1275 2329 malebat
1301 2300 1462 2331 Francius.
1492 2302 1545 2331 sed
1571 2301 1646 2332 nihil

985 2357 1074 2388 opus.
1123 2348 1242 2379 Dirersz'
1258 2348 1341 2379 enim
1364 2349 1414 2380 hic
1431 2356 1477 2380 est
1497 2351 1536 2380 ab
1550 2352 1648 2381 oculis

985 2396 1062 2427 meis
1077 2408 1108 2428 se
1125 2404 1338 2437 removentes3
1362 2405 1396 2429 ut
1411 2399 1455 2429 ita
1470 2400 1583 2441 passim
1600 2403 1646 2431 rii-

984 2457 1082 2476 ret-sus
1105 2446 1196 2482 orbis,
1218 2449 1340 2478 ‹Iirersae
1363 2454 1461 2483 terrae,
1479 2455 1510 2479 et
1533 2449 1645 2479 similia

984 2494 1089 2526 Po‘e'tis
1103 2494 1262 2526 dicuntur.
1311 2496 1400 2538 Yirg.
1418 2497 1462 2527 xi.
1479 2498 1553 2528 855.

1029 2544 1103 2579 Cur,
1121 2546 1228 2584 iuquit,
1245 2547 1376 2576 disemus
1391 2548 1477 2576 abis?

985 2593 1089 2623 Livius
1104 2593 1148 2623 ix.
1166 2595 1198 2623 2.
1225 2595 1354 2630 Diversi,
1368 2597 1527 2629 nliusalio,
1540 2597 1647 2625 abiere.

985 2643 1025 2673 Et
1039 2642 1082 2673 sic
1106 2642 1158 2673 ille
1182 2653 1278 2685 salpe,
1296 2650 1326 2675 et
1342 2644 1406 2679 alii,
1423 2644 1475 2675 ubi
1499 2645 1530 2674 in
1546 2644 1646 2674 diver-

985 2703 1034 2723 sas
1049 2697 1154 2734 partes
1168 2692 1253 2723 abire
1265 2693 1385 2735 aliquos
1401 2693 1563 2724 inducunt.
1580 2693 1645 2723 vid.

986 2741 1126 2772 Broukh.
1138 2742 1177 2772 ad
1188 2743 1330 2784 Propert.
1345 2743 1388 2774 iii.
1404 2743 1437 2773 ii.
1455 2745 1509 2774 33.
1527 2744 1644 2772 lsi-11³1.

1034 2791 1104 2821 146.
1133 2792 1208 2826 Quis
1229 2793 1315 2823 vellet
1341 2795 1420 2823 tanti
1444 2794 1570 2823 nuntius
1592 2803 1648 2821 esse
