<?xml version="1.0" encoding="UTF-8"?>
<!DOCTYPE html PUBLIC "-//W3C//DTD XHTML 1.0 Transitional//EN"
    "http://www.w3.org/TR/xhtml1/DTD/xhtml1-transitional.dtd">
<html xmlns="http://www.w3.org/1999/xhtml" xml:lang="en" lang="en">
 <head>
  <title>
</title>
<meta http-equiv="Content-Type" content="text/html;charset=utf-8" />
  <meta name='ocr-system' content='tesseract 3.04.00' />
  <meta name='ocr-capabilities' content='ocr_page ocr_carea ocr_par ocr_line ocrx_word'/>
</head>
<body>
  <div class='ocr_page' id='page_1' title='image "./povidiinasonisop01oviduoft_0128.png"; bbox 0 0 1849 3198; ppageno 0'>
   <div class='ocr_carea' id='block_1_1' title="bbox 231 246 1234 291">
    <p class='ocr_par' dir='ltr' id='par_1_1' title="bbox 231 246 1234 291">
     <span class='ocr_line' id='line_1_1' title="bbox 231 246 1234 291; baseline 0.004 -4"><span class='ocrx_word' id='word_1_1' title='bbox 231 246 288 288; x_wconf 80' lang='lat'>46</span> <span class='ocrx_word' id='word_1_2' title='bbox 624 246 674 287; x_wconf 92' lang='grc' dir='ltr'>Ρ.</span> <span class='ocrx_word' id='word_1_3' title='bbox 707 246 922 290; x_wconf 91' lang='lat' dir='ltr'>OVIDII</span> <span class='ocrx_word' id='word_1_4' title='bbox 954 247 1234 291; x_wconf 89' lang='lat' dir='ltr'><strong>NASONIS</strong></span> 
     </span>
    </p>
   </div>
   <div class='ocr_carea' id='block_1_2' title="bbox 235 361 1432 428">
    <p class='ocr_par' dir='ltr' id='par_1_2' title="bbox 235 361 1432 428">
     <span class='ocr_line' id='line_1_2' title="bbox 235 361 1432 428; baseline 0.004 -20"><span class='ocrx_word' id='word_1_5' title='bbox 235 362 278 408; x_wconf 88' lang='lat' dir='ltr'>O</span> <span class='ocrx_word' id='word_1_6' title='bbox 305 361 494 409; x_wconf 87' lang='lat' dir='ltr'>utinam</span> <span class='ocrx_word' id='word_1_7' title='bbox 518 361 742 410; x_wconf 83' lang='lat' dir='ltr'>nocitura</span> <span class='ocrx_word' id='word_1_8' title='bbox 765 362 871 419; x_wconf 90' lang='lat' dir='ltr'>tibi,</span> <span class='ocrx_word' id='word_1_9' title='bbox 899 364 1229 428; x_wconf 83' lang='lat' dir='ltr'>pulcherrime</span> <span class='ocrx_word' id='word_1_10' title='bbox 1254 381 1432 422; x_wconf 88' lang='lat' dir='ltr'>rerum,</span> 
     </span>
    </p>
   </div>
   <div class='ocr_carea' id='block_1_3' title="bbox 1532 370 1622 416">
    <p class='ocr_par' dir='ltr' id='par_1_3' title="bbox 1532 370 1622 416">
     <span class='ocr_line' id='line_1_3' title="bbox 1532 370 1622 416; baseline 0.011 -1"><span class='ocrx_word' id='word_1_11' title='bbox 1532 370 1622 416; x_wconf 84' lang='lat'>125</span> 
     </span>
    </p>
   </div>
   <div class='ocr_carea' id='block_1_4' title="bbox 231 439 1443 736">
    <p class='ocr_par' dir='ltr' id='par_1_4' title="bbox 299 439 1271 505">
     <span class='ocr_line' id='line_1_4' title="bbox 299 439 1271 505; baseline 0.003 -19"><span class='ocrx_word' id='word_1_12' title='bbox 299 439 357 486; x_wconf 92' lang='lat' dir='ltr'>In</span> <span class='ocrx_word' id='word_1_13' title='bbox 383 439 546 487; x_wconf 88' lang='lat' dir='ltr'>medio</span> <span class='ocrx_word' id='word_1_14' title='bbox 571 439 680 486; x_wconf 84' lang='lat' dir='ltr'>nisu</span> <span class='ocrx_word' id='word_1_15' title='bbox 704 440 895 488; x_wconf 85' lang='lat' dir='ltr'>viscera</span> <span class='ocrx_word' id='word_1_16' title='bbox 918 449 1064 505; x_wconf 87' lang='lat' dir='ltr'>rupta</span> <span class='ocrx_word' id='word_1_17' title='bbox 1088 441 1271 490; x_wconf 88' lang='lat' dir='ltr'>forent!</span> 
     </span>
    </p>

    <p class='ocr_par' dir='ltr' id='par_1_5' title="bbox 232 517 1443 657">
     <span class='ocr_line' id='line_1_5' title="bbox 232 517 1443 583; baseline 0.003 -20"><span class='ocrx_word' id='word_1_18' title='bbox 232 517 254 563; x_wconf 95' lang='lat' dir='ltr'>I</span> <span class='ocrx_word' id='word_1_19' title='bbox 281 533 427 574; x_wconf 90' lang='lat' dir='ltr'>nunc,</span> <span class='ocrx_word' id='word_1_20' title='bbox 456 517 527 564; x_wconf 88' lang='lat' dir='ltr'>sic</span> <span class='ocrx_word' id='word_1_21' title='bbox 552 517 714 564; x_wconf 89' lang='lat' dir='ltr'>meriti</span> <span class='ocrx_word' id='word_1_22' title='bbox 739 518 923 564; x_wconf 85' lang='lat' dir='ltr'>lectum</span> <span class='ocrx_word' id='word_1_23' title='bbox 948 534 1170 567; x_wconf 88' lang='lat' dir='ltr'>reverere</span> <span class='ocrx_word' id='word_1_24' title='bbox 1195 520 1443 583; x_wconf 89' lang='lat' dir='ltr'>parentis;</span> 
     </span>
     <span class='ocr_line' id='line_1_6' title="bbox 297 594 1351 657; baseline 0.003 -16"><span class='ocrx_word' id='word_1_25' title='bbox 297 594 459 649; x_wconf 81' lang='lat' dir='ltr'>Quem</span> <span class='ocrx_word' id='word_1_26' title='bbox 484 594 625 657; x_wconf 81' lang='lat' dir='ltr'>fugit,</span> <span class='ocrx_word' id='word_1_27' title='bbox 654 601 704 642; x_wconf 87' lang='lat' dir='ltr'>et</span> <span class='ocrx_word' id='word_1_28' title='bbox 728 595 870 642; x_wconf 85' lang='lat' dir='ltr'>factis</span> <span class='ocrx_word' id='word_1_29' title='bbox 897 596 1098 643; x_wconf 86' lang='lat' dir='ltr'>abdicat</span> <span class='ocrx_word' id='word_1_30' title='bbox 1125 596 1207 643; x_wconf 90' lang='lat' dir='ltr'>ille</span> <span class='ocrx_word' id='word_1_31' title='bbox 1233 597 1351 644; x_wconf 87' lang='lat' dir='ltr'>suis.</span> 
     </span>
    </p>

    <p class='ocr_par' dir='ltr' id='par_1_6' title="bbox 231 671 1406 736">
     <span class='ocr_line' id='line_1_7' title="bbox 231 671 1406 736; baseline 0.002 -17"><span class='ocrx_word' id='word_1_32' title='bbox 231 671 277 718; x_wconf 92' lang='lat' dir='ltr'>N</span> <span class='ocrx_word' id='word_1_33' title='bbox 284 688 356 727; x_wconf 84' lang='lat' dir='ltr'>ec,</span> <span class='ocrx_word' id='word_1_34' title='bbox 386 672 503 736; x_wconf 90' lang='lat' dir='ltr'>quia</span> <span class='ocrx_word' id='word_1_35' title='bbox 526 672 750 736; x_wconf 81' lang='lat' dir='ltr'>privigno</span> <span class='ocrx_word' id='word_1_36' title='bbox 774 672 942 720; x_wconf 88' lang='lat' dir='ltr'>videar</span> <span class='ocrx_word' id='word_1_37' title='bbox 966 674 1157 720; x_wconf 76' lang='lat' dir='ltr'>coitura</span> <span class='ocrx_word' id='word_1_38' title='bbox 1180 689 1406 730; x_wconf 86' lang='lat' dir='ltr'>noverca,</span> 
     </span>
    </p>
   </div>
   <div class='ocr_carea' id='block_1_5' title="bbox 296 748 1317 798">
    <p class='ocr_par' dir='ltr' id='par_1_7' title="bbox 296 748 1317 798">
     <span class='ocr_line' id='line_1_8' title="bbox 296 748 1317 798; baseline 0.003 -4"><span class='ocrx_word' id='word_1_39' title='bbox 296 748 580 796; x_wconf 82' lang='lat' dir='ltr'>Terruerint</span> <span class='ocrx_word' id='word_1_40' title='bbox 605 750 793 796; x_wconf 85' lang='lat' dir='ltr'>animos</span> <span class='ocrx_word' id='word_1_41' title='bbox 818 749 1018 797; x_wconf 87' lang='lat' dir='ltr'>nomina</span> <span class='ocrx_word' id='word_1_42' title='bbox 1040 766 1167 797; x_wconf 87' lang='lat' dir='ltr'>vana</span> <span class='ocrx_word' id='word_1_43' title='bbox 1189 756 1317 798; x_wconf 87' lang='lat' dir='ltr'>tuos.</span> 
     </span>
    </p>
   </div>
   <div class='ocr_carea' id='block_1_6' title="bbox 1530 755 1622 800">
    <p class='ocr_par' dir='ltr' id='par_1_8' title="bbox 1530 755 1622 800">
     <span class='ocr_line' id='line_1_9' title="bbox 1530 755 1622 800; baseline 0.022 -2"><span class='ocrx_word' id='word_1_44' title='bbox 1530 755 1622 800; x_wconf 87' lang='lat'>130</span> 
     </span>
    </p>
   </div>
   <div class='ocr_carea' id='block_1_7' title="bbox 226 825 1592 1109">
    <p class='ocr_par' dir='ltr' id='par_1_9' title="bbox 229 825 1300 967">
     <span class='ocr_line' id='line_1_10' title="bbox 229 825 1294 890; baseline 0.002 -18"><span class='ocrx_word' id='word_1_45' title='bbox 229 825 335 872; x_wconf 87' lang='lat' dir='ltr'>Ista</span> <span class='ocrx_word' id='word_1_46' title='bbox 356 833 496 873; x_wconf 85' lang='lat' dir='ltr'>vetus</span> <span class='ocrx_word' id='word_1_47' title='bbox 522 826 700 890; x_wconf 78' lang='lat' dir='ltr'>pietaS‚</span> <span class='ocrx_word' id='word_1_48' title='bbox 727 842 830 873; x_wconf 83' lang='lat' dir='ltr'>aevo</span> <span class='ocrx_word' id='word_1_49' title='bbox 856 827 1092 874; x_wconf 86' lang='lat' dir='ltr'>moritura</span> <span class='ocrx_word' id='word_1_50' title='bbox 1114 826 1294 883; x_wconf 90' lang='lat' dir='ltr'>futuro,</span> 
     </span>
     <span class='ocr_line' id='line_1_11' title="bbox 297 904 1300 967; baseline 0.001 -17"><span class='ocrx_word' id='word_1_51' title='bbox 297 904 507 951; x_wconf 83' lang='lat' dir='ltr'>Rustica</span> <span class='ocrx_word' id='word_1_52' title='bbox 534 905 747 952; x_wconf 86' lang='lat' dir='ltr'>Saturno</span> <span class='ocrx_word' id='word_1_53' title='bbox 772 921 925 967; x_wconf 82' lang='lat' dir='ltr'>regna</span> <span class='ocrx_word' id='word_1_54' title='bbox 948 911 1165 959; x_wconf 87' lang='lat' dir='ltr'>tenente,</span> <span class='ocrx_word' id='word_1_55' title='bbox 1192 904 1300 951; x_wconf 77' lang='lat' dir='ltr'>suit.</span> 
     </span>
    </p>

    <p class='ocr_par' dir='ltr' id='par_1_10' title="bbox 226 980 1592 1109">
     <span class='ocr_line' id='line_1_12' title="bbox 226 980 1592 1045; baseline 0.003 -19"><span class='ocrx_word' id='word_1_56' title='bbox 226 980 256 1026; x_wconf 91' lang='lat' dir='ltr'>J</span> <span class='ocrx_word' id='word_1_57' title='bbox 261 981 459 1044; x_wconf 88' lang='lat' dir='ltr'>uppiter</span> <span class='ocrx_word' id='word_1_58' title='bbox 483 997 593 1029; x_wconf 85' lang='lat' dir='ltr'>esse</span> <span class='ocrx_word' id='word_1_59' title='bbox 620 982 755 1045; x_wconf 90' lang='lat' dir='ltr'>pium</span> <span class='ocrx_word' id='word_1_60' title='bbox 782 982 970 1038; x_wconf 81' lang='lat' dir='ltr'>statuit,</span> <span class='ocrx_word' id='word_1_61' title='bbox 998 983 1350 1045; x_wconf 88' lang='lat' dir='ltr'>quodcumque</span> <span class='ocrx_word' id='word_1_62' title='bbox 1369 983 1592 1045; x_wconf 83' lang='lat' dir='ltr'>juvaret:</span> 
     </span>
     <span class='ocr_line' id='line_1_13' title="bbox 296 1057 1319 1109; baseline 0.002 -6"><span class='ocrx_word' id='word_1_63' title='bbox 296 1057 362 1104; x_wconf 85' lang='lat' dir='ltr'>Et</span> <span class='ocrx_word' id='word_1_64' title='bbox 385 1058 458 1105; x_wconf 85' lang='lat' dir='ltr'>fas</span> <span class='ocrx_word' id='word_1_65' title='bbox 483 1075 628 1106; x_wconf 88' lang='lat' dir='ltr'>omne</span> <span class='ocrx_word' id='word_1_66' title='bbox 653 1059 770 1109; x_wconf 88' lang='lat' dir='ltr'>facit</span> <span class='ocrx_word' id='word_1_67' title='bbox 794 1058 943 1106; x_wconf 85' lang='lat' dir='ltr'>fratre</span> <span class='ocrx_word' id='word_1_68' title='bbox 966 1059 1144 1105; x_wconf 90' lang='lat' dir='ltr'>marita</span> <span class='ocrx_word' id='word_1_69' title='bbox 1168 1075 1319 1106; x_wconf 85' lang='lat' dir='ltr'>soror.</span> 
     </span>
    </p>
   </div>
   <div class='ocr_carea' id='block_1_8' title="bbox 228 1135 1297 1200">
    <p class='ocr_par' dir='ltr' id='par_1_11' title="bbox 228 1135 1297 1200">
     <span class='ocr_line' id='line_1_14' title="bbox 228 1135 1297 1200; baseline 0.001 -19"><span class='ocrx_word' id='word_1_70' title='bbox 228 1135 321 1182; x_wconf 91' lang='lat' dir='ltr'>Illa</span> <span class='ocrx_word' id='word_1_71' title='bbox 344 1137 443 1183; x_wconf 79' lang='lat' dir='ltr'>coit</span> <span class='ocrx_word' id='word_1_72' title='bbox 466 1136 606 1184; x_wconf 85' lang='lat' dir='ltr'>firma</span> <span class='ocrx_word' id='word_1_73' title='bbox 631 1137 826 1200; x_wconf 84' lang='lat' dir='ltr'>generis</span> <span class='ocrx_word' id='word_1_74' title='bbox 846 1139 1081 1200; x_wconf 84' lang='lat' dir='ltr'>junctura</span> <span class='ocrx_word' id='word_1_75' title='bbox 1104 1143 1297 1191; x_wconf 84' lang='lat' dir='ltr'>eatena,</span> 
     </span>
    </p>
   </div>
   <div class='ocr_carea' id='block_1_9' title="bbox 1524 1140 1615 1184">
    <p class='ocr_par' dir='ltr' id='par_1_12' title="bbox 1524 1140 1615 1184">
     <span class='ocr_line' id='line_1_15' title="bbox 1524 1140 1615 1184; baseline 0.011 -1"><span class='ocrx_word' id='word_1_76' title='bbox 1524 1140 1615 1184; x_wconf 80' lang='lat'>135</span> 
     </span>
    </p>
   </div>
   <div class='ocr_carea' id='block_1_10' title="bbox 223 1212 1555 1509">
    <p class='ocr_par' dir='ltr' id='par_1_13' title="bbox 293 1212 1308 1276">
     <span class='ocr_line' id='line_1_16' title="bbox 293 1212 1308 1276; baseline 0.001 -18"><span class='ocrx_word' id='word_1_77' title='bbox 293 1212 537 1276; x_wconf 81' lang='lat' dir='ltr'>Imposuit</span> <span class='ocrx_word' id='word_1_78' title='bbox 561 1216 716 1262; x_wconf 85' lang='lat' dir='ltr'>nodos</span> <span class='ocrx_word' id='word_1_79' title='bbox 742 1214 821 1261; x_wconf 88' lang='lat' dir='ltr'>cui</span> <span class='ocrx_word' id='word_1_80' title='bbox 845 1213 1016 1260; x_wconf 81' lang='lat' dir='ltr'>Venus</span> <span class='ocrx_word' id='word_1_81' title='bbox 1042 1213 1152 1276; x_wconf 84' lang='lat' dir='ltr'>ipsa</span> <span class='ocrx_word' id='word_1_82' title='bbox 1176 1229 1308 1260; x_wconf 83' lang='lat' dir='ltr'>suos.</span> 
     </span>
    </p>

    <p class='ocr_par' dir='ltr' id='par_1_14' title="bbox 228 1289 1555 1432">
     <span class='ocr_line' id='line_1_17' title="bbox 228 1289 1555 1354; baseline 0.002 -18"><span class='ocrx_word' id='word_1_83' title='bbox 228 1289 273 1335; x_wconf 89' lang='lat' dir='ltr'>N</span> <span class='ocrx_word' id='word_1_84' title='bbox 280 1306 335 1337; x_wconf 85' lang='lat' dir='ltr'>ec</span> <span class='ocrx_word' id='word_1_85' title='bbox 362 1291 500 1338; x_wconf 89' lang='lat' dir='ltr'>labor</span> <span class='ocrx_word' id='word_1_86' title='bbox 525 1298 628 1349; x_wconf 80' lang='lat' dir='ltr'>est3</span> <span class='ocrx_word' id='word_1_87' title='bbox 669 1292 830 1339; x_wconf 86' lang='lat' dir='ltr'>celare</span> <span class='ocrx_word' id='word_1_88' title='bbox 855 1292 986 1338; x_wconf 83' lang='lat' dir='ltr'>licet.</span> <span class='ocrx_word' id='word_1_89' title='bbox 1022 1298 1138 1354; x_wconf 87' lang='lat' dir='ltr'>pete</span> <span class='ocrx_word' id='word_1_90' title='bbox 1163 1307 1341 1337; x_wconf 81' lang='lat' dir='ltr'>munus</span> <span class='ocrx_word' id='word_1_91' title='bbox 1368 1291 1430 1337; x_wconf 87' lang='lat' dir='ltr'>ab</span> <span class='ocrx_word' id='word_1_92' title='bbox 1457 1290 1555 1338; x_wconf 84' lang='lat' dir='ltr'>illa.</span> 
     </span>
     <span class='ocr_line' id='line_1_18' title="bbox 294 1366 1264 1432; baseline 0 -18"><span class='ocrx_word' id='word_1_93' title='bbox 294 1366 519 1430; x_wconf 83' lang='lat' dir='ltr'>Cognato</span> <span class='ocrx_word' id='word_1_94' title='bbox 546 1369 726 1432; x_wconf 87' lang='lat' dir='ltr'>poterit</span> <span class='ocrx_word' id='word_1_95' title='bbox 751 1369 948 1415; x_wconf 86' lang='lat' dir='ltr'>nomine</span> <span class='ocrx_word' id='word_1_96' title='bbox 974 1368 1123 1431; x_wconf 88' lang='lat' dir='ltr'>culpa</span> <span class='ocrx_word' id='word_1_97' title='bbox 1146 1368 1264 1430; x_wconf 83' lang='lat' dir='ltr'>tegi.</span> 
     </span>
    </p>

    <p class='ocr_par' dir='ltr' id='par_1_15' title="bbox 223 1443 1476 1509">
     <span class='ocr_line' id='line_1_19' title="bbox 223 1443 1476 1509; baseline 0.002 -20"><span class='ocrx_word' id='word_1_98' title='bbox 223 1443 414 1491; x_wconf 87' lang='lat' dir='ltr'>Viderit</span> <span class='ocrx_word' id='word_1_99' title='bbox 439 1446 695 1509; x_wconf 78' lang='lat' dir='ltr'>amplexos</span> <span class='ocrx_word' id='word_1_100' title='bbox 721 1446 928 1509; x_wconf 82' lang='lat' dir='ltr'>aliquis3</span> <span class='ocrx_word' id='word_1_101' title='bbox 975 1444 1288 1491; x_wconf 82' lang='lat' dir='ltr'>laudabimur</span> <span class='ocrx_word' id='word_1_102' title='bbox 1313 1445 1476 1492; x_wconf 84' lang='lat' dir='ltr'>ambo.</span> 
     </span>
    </p>
   </div>
   <div class='ocr_carea' id='block_1_11' title="bbox 289 1521 1197 1587">
    <p class='ocr_par' dir='ltr' id='par_1_16' title="bbox 289 1521 1197 1587">
     <span class='ocr_line' id='line_1_20' title="bbox 289 1521 1197 1587; baseline 0 -19"><span class='ocrx_word' id='word_1_103' title='bbox 289 1521 442 1569; x_wconf 81' lang='lat' dir='ltr'>Dicar</span> <span class='ocrx_word' id='word_1_104' title='bbox 466 1523 688 1587; x_wconf 65' lang='lat' dir='ltr'>privigno</span> <span class='ocrx_word' id='word_1_105' title='bbox 714 1524 813 1571; x_wconf 91' lang='lat' dir='ltr'>fida</span> <span class='ocrx_word' id='word_1_106' title='bbox 836 1538 1047 1570; x_wconf 88' lang='lat' dir='ltr'>noverca</span> <span class='ocrx_word' id='word_1_107' title='bbox 1071 1538 1197 1569; x_wconf 87' lang='lat' dir='ltr'>meo.</span> 
     </span>
    </p>
   </div>
   <div class='ocr_carea' id='block_1_12' title="bbox 1521 1525 1613 1569">
    <p class='ocr_par' dir='ltr' id='par_1_17' title="bbox 1521 1525 1613 1569">
     <span class='ocr_line' id='line_1_21' title="bbox 1521 1525 1613 1569; baseline 0 0"><span class='ocrx_word' id='word_1_108' title='bbox 1521 1525 1613 1569; x_wconf 82' lang='lat'>140</span> 
     </span>
    </p>
   </div>
   <div class='ocr_carea' id='block_1_13' title="bbox 223 1664 1563 1709">
    <p class='ocr_par' dir='ltr' id='par_1_18' title="bbox 223 1664 1563 1709">
     <span class='ocr_line' id='line_1_22' title="bbox 223 1664 1563 1709; baseline 0.002 -15"><span class='ocrx_word' id='word_1_109' title='bbox 223 1666 303 1694; x_wconf 77' lang='lat' dir='ltr'>leudi</span> <span class='ocrx_word' id='word_1_110' title='bbox 331 1676 444 1702; x_wconf 81' lang='lat' dir='ltr'>caussa,</span> <span class='ocrx_word' id='word_1_111' title='bbox 474 1667 523 1696; x_wconf 75' lang='lat' dir='ltr'>sed</span> <span class='ocrx_word' id='word_1_112' title='bbox 552 1668 615 1703; x_wconf 76' lang='lat' dir='ltr'>ille,</span> <span class='ocrx_word' id='word_1_113' title='bbox 634 1667 703 1709; x_wconf 79' lang='lat' dir='ltr'>fui.</span> <span class='ocrx_word' id='word_1_114' title='bbox 748 1666 885 1697; x_wconf 81' lang='lat' dir='ltr'>malebat</span> <span class='ocrx_word' id='word_1_115' title='bbox 943 1665 1061 1707; x_wconf 79' lang='lat' dir='ltr'>fratri.</span> <span class='ocrx_word' id='word_1_116' title='bbox 1091 1664 1205 1696; x_wconf 83' lang='lat' dir='ltr'>sedita</span> <span class='ocrx_word' id='word_1_117' title='bbox 1220 1671 1251 1696; x_wconf 87' lang='lat' dir='ltr'>et</span> <span class='ocrx_word' id='word_1_118' title='bbox 1263 1664 1431 1696; x_wconf 56' lang='lat' dir='ltr'>Horatdii.</span> <span class='ocrx_word' id='word_1_119' title='bbox 1449 1665 1563 1697; x_wconf 90' lang='lat' dir='ltr'>Od.5.</span> 
     </span>
    </p>
   </div>
   <div class='ocr_carea' id='block_1_14' title="bbox 217 1712 882 2837">
    <p class='ocr_par' dir='ltr' id='par_1_19' title="bbox 221 1712 882 1842">
     <span class='ocr_line' id='line_1_23' title="bbox 222 1712 882 1756; baseline 0.005 -14"><span class='ocrx_word' id='word_1_120' title='bbox 222 1712 380 1744; x_wconf 81' lang='lat' dir='ltr'>Francius.</span> <span class='ocrx_word' id='word_1_121' title='bbox 396 1720 430 1744; x_wconf 91' lang='lat' dir='ltr'>ut</span> <span class='ocrx_word' id='word_1_122' title='bbox 445 1714 544 1756; x_wconf 84' lang='lat' dir='ltr'>Epist.</span> <span class='ocrx_word' id='word_1_123' title='bbox 560 1715 624 1746; x_wconf 89' lang='lat' dir='ltr'>viii.</span> <span class='ocrx_word' id='word_1_124' title='bbox 640 1717 694 1747; x_wconf 80' lang='lat'>41.</span> <span class='ocrx_word' id='word_1_125' title='bbox 740 1715 784 1746; x_wconf 84' lang='lat' dir='ltr'>Tu</span> <span class='ocrx_word' id='word_1_126' title='bbox 800 1717 882 1752; x_wconf 81' lang='lat' dir='ltr'>mihi,</span> 
     </span>
     <span class='ocr_line' id='line_1_24' title="bbox 221 1764 882 1807; baseline 0.008 -16"><span class='ocrx_word' id='word_1_127' title='bbox 221 1764 296 1802; x_wconf 77' lang='lat' dir='ltr'>quod</span> <span class='ocrx_word' id='word_1_128' title='bbox 322 1765 413 1793; x_wconf 75' lang='lat' dir='ltr'>matri</span> <span class='ocrx_word' id='word_1_129' title='bbox 434 1771 532 1804; x_wconf 77' lang='lat' dir='ltr'>pater,</span> <span class='ocrx_word' id='word_1_130' title='bbox 554 1776 591 1796; x_wconf 90' lang='lat' dir='ltr'>es.</span> <span class='ocrx_word' id='word_1_131' title='bbox 625 1765 680 1795; x_wconf 84' lang='lat' dir='ltr'>sed</span> <span class='ocrx_word' id='word_1_132' title='bbox 703 1776 813 1807; x_wconf 80' lang='lat' dir='ltr'>parum</span> <span class='ocrx_word' id='word_1_133' title='bbox 836 1776 882 1796; x_wconf 84' lang='lat' dir='ltr'>re-</span> 
     </span>
     <span class='ocr_line' id='line_1_25' title="bbox 222 1811 290 1842; baseline 0.015 -1"><span class='ocrx_word' id='word_1_134' title='bbox 222 1811 290 1842; x_wconf 85' lang='lat' dir='ltr'>fert.</span> 
     </span>
    </p>

    <p class='ocr_par' dir='ltr' id='par_1_20' title="bbox 219 1861 881 1991">
     <span class='ocr_line' id='line_1_26' title="bbox 268 1861 881 1904; baseline 0.007 -14"><span class='ocrx_word' id='word_1_135' title='bbox 268 1861 340 1891; x_wconf 82' lang='lat'>132.</span> <span class='ocrx_word' id='word_1_136' title='bbox 368 1861 495 1892; x_wconf 75' lang='lat' dir='ltr'>Rustica</span> <span class='ocrx_word' id='word_1_137' title='bbox 519 1862 681 1904; x_wconf 59' lang='lat' dir='ltr'>Saturum]</span> <span class='ocrx_word' id='word_1_138' title='bbox 709 1863 783 1894; x_wconf 87' lang='lat' dir='ltr'>Post</span> <span class='ocrx_word' id='word_1_139' title='bbox 798 1862 881 1894; x_wconf 86' lang='lat' dir='ltr'>hunc</span> 
     </span>
     <span class='ocr_line' id='line_1_27' title="bbox 220 1910 881 1944; baseline 0.006 -5"><span class='ocrx_word' id='word_1_140' title='bbox 220 1920 342 1940; x_wconf 86' lang='lat' dir='ltr'>versum</span> <span class='ocrx_word' id='word_1_141' title='bbox 368 1910 482 1942; x_wconf 88' lang='lat' dir='ltr'>insulse</span> <span class='ocrx_word' id='word_1_142' title='bbox 507 1912 632 1944; x_wconf 84' lang='lat' dir='ltr'>codices</span> <span class='ocrx_word' id='word_1_143' title='bbox 656 1913 798 1944; x_wconf 86' lang='lat' dir='ltr'>nonnulli</span> <span class='ocrx_word' id='word_1_144' title='bbox 823 1913 881 1943; x_wconf 89' lang='lat' dir='ltr'>hoc</span> 
     </span>
     <span class='ocr_line' id='line_1_28' title="bbox 219 1958 527 1991; baseline 0.01 -3"><span class='ocrx_word' id='word_1_145' title='bbox 219 1958 376 1990; x_wconf 81' lang='lat' dir='ltr'>distichon</span> <span class='ocrx_word' id='word_1_146' title='bbox 392 1960 527 1991; x_wconf 79' lang='lat' dir='ltr'>addunt:</span> 
     </span>
    </p>

    <p class='ocr_par' dir='ltr' id='par_1_21' title="bbox 263 2008 880 2050">
     <span class='ocr_line' id='line_1_29' title="bbox 263 2008 880 2050; baseline 0.006 -13"><span class='ocrx_word' id='word_1_147' title='bbox 263 2008 415 2039; x_wconf 76' lang='lat' dir='ltr'>Saturnus</span> <span class='ocrx_word' id='word_1_148' title='bbox 440 2012 542 2048; x_wconf 76' lang='lat' dir='ltr'>periit,</span> <span class='ocrx_word' id='word_1_149' title='bbox 569 2012 727 2050; x_wconf 71' lang='lat' dir='ltr'>perierunt</span> <span class='ocrx_word' id='word_1_150' title='bbox 764 2017 793 2041; x_wconf 78' lang='lat' dir='ltr'>et</span> <span class='ocrx_word' id='word_1_151' title='bbox 826 2022 880 2041; x_wconf 78' lang='lat' dir='ltr'>sua</span> 
     </span>
    </p>

    <p class='ocr_par' dir='ltr' id='par_1_22' title="bbox 218 2060 878 2587">
     <span class='ocr_line' id='line_1_30' title="bbox 337 2060 430 2097; baseline 0.011 -10"><span class='ocrx_word' id='word_1_152' title='bbox 337 2060 430 2097; x_wconf 74' lang='lat' dir='ltr'>jura.</span> 
     </span>
     <span class='ocr_line' id='line_1_31' title="bbox 304 2106 878 2147; baseline 0.007 -13"><span class='ocrx_word' id='word_1_153' title='bbox 304 2106 365 2135; x_wconf 71' lang='lat' dir='ltr'>Sul»</span> <span class='ocrx_word' id='word_1_154' title='bbox 380 2107 452 2137; x_wconf 71' lang='lat' dir='ltr'>Jove</span> <span class='ocrx_word' id='word_1_155' title='bbox 469 2119 548 2138; x_wconf 75' lang='lat' dir='ltr'>nnnc</span> <span class='ocrx_word' id='word_1_156' title='bbox 564 2110 704 2139; x_wconf 63' lang='lat' dir='ltr'>muudus.</span> <span class='ocrx_word' id='word_1_157' title='bbox 723 2110 810 2147; x_wconf 81' lang='lat' dir='ltr'>jussa</span> <span class='ocrx_word' id='word_1_158' title='bbox 825 2108 878 2138; x_wconf 77' lang='lat' dir='ltr'>Ju-</span> 
     </span>
     <span class='ocr_line' id='line_1_32' title="bbox 349 2157 834 2196; baseline 0.004 -11"><span class='ocrx_word' id='word_1_159' title='bbox 349 2157 389 2185; x_wconf 71' lang='lat' dir='ltr'>vis</span> <span class='ocrx_word' id='word_1_160' title='bbox 406 2168 534 2196; x_wconf 69' lang='lat' dir='ltr'>sequere.</span> <span class='ocrx_word' id='word_1_161' title='bbox 715 2158 834 2188; x_wconf 67' lang='lat' dir='ltr'>mes.</span> 
     </span>
     <span class='ocr_line' id='line_1_33' title="bbox 220 2202 875 2242; baseline 0.006 -10"><span class='ocrx_word' id='word_1_162' title='bbox 220 2202 373 2242; x_wconf 73' lang='lat' dir='ltr'>Veljussa</span> <span class='ocrx_word' id='word_1_163' title='bbox 391 2211 474 2235; x_wconf 75' lang='lat' dir='ltr'>tuere</span> <span class='ocrx_word' id='word_1_164' title='bbox 488 2205 585 2235; x_wconf 75' lang='lat' dir='ltr'>Jovis:</span> <span class='ocrx_word' id='word_1_165' title='bbox 603 2205 710 2236; x_wconf 82' lang='lat' dir='ltr'>addita</span> <span class='ocrx_word' id='word_1_166' title='bbox 726 2216 796 2236; x_wconf 87' lang='lat' dir='ltr'>vero</span> <span class='ocrx_word' id='word_1_167' title='bbox 809 2206 875 2237; x_wconf 80' lang='lat' dir='ltr'>haec</span> 
     </span>
     <span class='ocr_line' id='line_1_34' title="bbox 220 2252 876 2295; baseline 0.005 -13"><span class='ocrx_word' id='word_1_168' title='bbox 220 2257 266 2282; x_wconf 77' lang='lat' dir='ltr'>cst</span> <span class='ocrx_word' id='word_1_169' title='bbox 286 2252 399 2293; x_wconf 78' lang='lat' dir='ltr'>glossa,</span> <span class='ocrx_word' id='word_1_170' title='bbox 420 2256 476 2284; x_wconf 71' lang='lat' dir='ltr'>alii</span> <span class='ocrx_word' id='word_1_171' title='bbox 500 2262 595 2286; x_wconf 65' lang='lat' dir='ltr'>teitus</span> <span class='ocrx_word' id='word_1_172' title='bbox 618 2257 799 2295; x_wconf 74' lang='lat' dir='ltr'>antiquiores</span> <span class='ocrx_word' id='word_1_173' title='bbox 818 2268 876 2285; x_wconf 73' lang='lat' dir='ltr'>nan</span> 
     </span>
     <span class='ocr_line' id='line_1_35' title="bbox 219 2302 875 2335; baseline 0.009 -6"><span class='ocrx_word' id='word_1_174' title='bbox 219 2302 326 2331; x_wconf 76' lang='lat' dir='ltr'>habeut</span> <span class='ocrx_word' id='word_1_175' title='bbox 345 2303 393 2333; x_wconf 78' lang='lat' dir='ltr'>has</span> <span class='ocrx_word' id='word_1_176' title='bbox 409 2314 518 2334; x_wconf 78' lang='lat' dir='ltr'>versus.</span> <span class='ocrx_word' id='word_1_177' title='bbox 564 2304 600 2333; x_wconf 84' lang='lat'>111</span> <span class='ocrx_word' id='word_1_178' title='bbox 617 2304 760 2334; x_wconf 78' lang='lat' dir='ltr'>Palatino</span> <span class='ocrx_word' id='word_1_179' title='bbox 775 2303 817 2334; x_wconf 80' lang='lat' dir='ltr'>ita</span> <span class='ocrx_word' id='word_1_180' title='bbox 832 2305 875 2335; x_wconf 85' lang='lat' dir='ltr'>lc-</span> 
     </span>
     <span class='ocr_line' id='line_1_36' title="bbox 218 2350 320 2390; baseline 0.02 -11"><span class='ocrx_word' id='word_1_181' title='bbox 218 2350 300 2390; x_wconf 70' lang='lat' dir='ltr'>gitur</span> <span class='ocrx_word' id='word_1_182' title='bbox 315 2362 320 2380; x_wconf 92' lang='lat'>:</span> 
     </span>
     <span class='ocr_line' id='line_1_37' title="bbox 261 2400 877 2441; baseline 0.006 -12"><span class='ocrx_word' id='word_1_183' title='bbox 261 2400 322 2430; x_wconf 73' lang='lat' dir='ltr'>Sub</span> <span class='ocrx_word' id='word_1_184' title='bbox 343 2400 416 2431; x_wconf 72' lang='lat' dir='ltr'>Jove</span> <span class='ocrx_word' id='word_1_185' title='bbox 435 2402 564 2431; x_wconf 80' lang='lat' dir='ltr'>mundus</span> <span class='ocrx_word' id='word_1_186' title='bbox 586 2403 772 2441; x_wconf 71' lang='lat' dir='ltr'>ades!‚j11ra</span> <span class='ocrx_word' id='word_1_187' title='bbox 795 2403 877 2433; x_wconf 69' lang='lat' dir='ltr'>Jovis</span> 
     </span>
     <span class='ocr_line' id='line_1_38' title="bbox 304 2460 432 2489; baseline 0.016 -11"><span class='ocrx_word' id='word_1_188' title='bbox 304 2460 432 2489; x_wconf 79' lang='lat' dir='ltr'>sequere.</span> 
     </span>
     <span class='ocr_line' id='line_1_39' title="bbox 218 2497 875 2539; baseline 0.005 -12"><span class='ocrx_word' id='word_1_189' title='bbox 218 2497 258 2527; x_wconf 81' lang='lat' dir='ltr'>Et</span> <span class='ocrx_word' id='word_1_190' title='bbox 271 2498 420 2539; x_wconf 78' lang='lat' dir='ltr'>Mycillus</span> <span class='ocrx_word' id='word_1_191' title='bbox 432 2498 542 2529; x_wconf 86' lang='lat' dir='ltr'>nothos</span> <span class='ocrx_word' id='word_1_192' title='bbox 554 2510 631 2536; x_wconf 85' lang='lat' dir='ltr'>esse,</span> <span class='ocrx_word' id='word_1_193' title='bbox 644 2510 699 2530; x_wconf 87' lang='lat' dir='ltr'>nce</span> <span class='ocrx_word' id='word_1_194' title='bbox 714 2499 875 2530; x_wconf 81' lang='lat' dir='ltr'>Ovidianae</span> 
     </span>
     <span class='ocr_line' id='line_1_40' title="bbox 218 2546 528 2587; baseline 0.006 -11"><span class='ocrx_word' id='word_1_195' title='bbox 218 2546 380 2587; x_wconf 65' lang='lat' dir='ltr'>elegantiae</span> <span class='ocrx_word' id='word_1_196' title='bbox 397 2548 528 2578; x_wconf 80' lang='lat' dir='ltr'>notavit.</span> 
     </span>
    </p>

    <p class='ocr_par' dir='ltr' id='par_1_23' title="bbox 217 2597 878 2837">
     <span class='ocr_line' id='line_1_41' title="bbox 265 2597 877 2639; baseline 0.007 -13"><span class='ocrx_word' id='word_1_197' title='bbox 265 2597 335 2627; x_wconf 84' lang='lat'>1:34.</span> <span class='ocrx_word' id='word_1_198' title='bbox 353 2597 464 2628; x_wconf 73' lang='lat' dir='ltr'>Fratre</span> <span class='ocrx_word' id='word_1_199' title='bbox 477 2599 588 2627; x_wconf 74' lang='lat' dir='ltr'>marita</span> <span class='ocrx_word' id='word_1_200' title='bbox 603 2598 716 2638; x_wconf 58' lang='lat' dir='ltr'>sarain]</span> <span class='ocrx_word' id='word_1_201' title='bbox 743 2598 877 2639; x_wconf 80' lang='lat' dir='ltr'>Sligten-</span> 
     </span>
     <span class='ocr_line' id='line_1_42' title="bbox 218 2644 878 2689; baseline 0.008 -15"><span class='ocrx_word' id='word_1_202' title='bbox 218 2644 332 2675; x_wconf 83' lang='lat' dir='ltr'>horstio</span> <span class='ocrx_word' id='word_1_203' title='bbox 362 2645 524 2677; x_wconf 84' lang='lat' dir='ltr'>videbatur</span> <span class='ocrx_word' id='word_1_204' title='bbox 562 2646 739 2687; x_wconf 77' lang='lat' dir='ltr'>legendum,</span> <span class='ocrx_word' id='word_1_205' title='bbox 760 2648 878 2689; x_wconf 80' lang='lat' dir='ltr'>fratris</span> 
     </span>
     <span class='ocr_line' id='line_1_43' title="bbox 218 2696 878 2728; baseline 0.008 -6"><span class='ocrx_word' id='word_1_206' title='bbox 218 2696 313 2725; x_wconf 80' lang='lat' dir='ltr'>amica</span> <span class='ocrx_word' id='word_1_207' title='bbox 341 2706 434 2726; x_wconf 74' lang='lat' dir='ltr'>saror.</span> <span class='ocrx_word' id='word_1_208' title='bbox 467 2696 638 2726; x_wconf 57' lang='lat' dir='ltr'>lhamsms.</span> <span class='ocrx_word' id='word_1_209' title='bbox 692 2696 878 2728; x_wconf 78' lang='lat' dir='ltr'>Insolentior</span> 
     </span>
     <span class='ocr_line' id='line_1_44' title="bbox 217 2743 876 2785; baseline 0.006 -12"><span class='ocrx_word' id='word_1_210' title='bbox 217 2743 337 2774; x_wconf 76' lang='lat' dir='ltr'>scilicet</span> <span class='ocrx_word' id='word_1_211' title='bbox 353 2744 409 2785; x_wconf 84' lang='lat' dir='ltr'>ipsi</span> <span class='ocrx_word' id='word_1_212' title='bbox 426 2745 589 2776; x_wconf 81' lang='lat' dir='ltr'>videbatur</span> <span class='ocrx_word' id='word_1_213' title='bbox 612 2746 811 2777; x_wconf 80' lang='lat' dir='ltr'>constructio.</span> <span class='ocrx_word' id='word_1_214' title='bbox 844 2752 876 2777; x_wconf 86' lang='lat' dir='ltr'>ut</span> 
     </span>
     <span class='ocr_line' id='line_1_45' title="bbox 218 2793 876 2837; baseline 0.006 -15"><span class='ocrx_word' id='word_1_215' title='bbox 218 2798 249 2822; x_wconf 81' lang='lat' dir='ltr'>ct</span> <span class='ocrx_word' id='word_1_216' title='bbox 278 2793 408 2830; x_wconf 78' lang='lat' dir='ltr'>Douzae,</span> <span class='ocrx_word' id='word_1_217' title='bbox 439 2794 492 2836; x_wconf 86' lang='lat' dir='ltr'>qui</span> <span class='ocrx_word' id='word_1_218' title='bbox 522 2795 666 2836; x_wconf 73' lang='lat' dir='ltr'>capiebat</span> <span class='ocrx_word' id='word_1_219' title='bbox 685 2795 793 2837; x_wconf 74' lang='lat' dir='ltr'>fratre</span> <span class='ocrx_word' id='word_1_220' title='bbox 822 2807 876 2837; x_wconf 85' lang='lat' dir='ltr'>pro</span> 
     </span>
    </p>
   </div>
   <div class='ocr_carea' id='block_1_15' title="bbox 941 1714 1616 2333">
    <p class='ocr_par' dir='ltr' id='par_1_24' title="bbox 997 1714 1600 1805">
     <span class='ocr_line' id='line_1_46' title="bbox 997 1714 1530 1756; baseline 0.002 -11"><span class='ocrx_word' id='word_1_221' title='bbox 997 1715 1126 1746; x_wconf 78' lang='lat' dir='ltr'>Milesne</span> <span class='ocrx_word' id='word_1_222' title='bbox 1144 1714 1244 1745; x_wconf 81' lang='lat' dir='ltr'>Crassi</span> <span class='ocrx_word' id='word_1_223' title='bbox 1259 1717 1386 1756; x_wconf 67' lang='lat' dir='ltr'>conjuge</span> <span class='ocrx_word' id='word_1_224' title='bbox 1402 1717 1530 1746; x_wconf 79' lang='lat' dir='ltr'>barbara</span> 
     </span>
     <span class='ocr_line' id='line_1_47' title="bbox 1039 1764 1600 1805; baseline 0.002 -11"><span class='ocrx_word' id='word_1_225' title='bbox 1039 1764 1150 1805; x_wconf 74' lang='lat' dir='ltr'>Turpis</span> <span class='ocrx_word' id='word_1_226' title='bbox 1163 1766 1292 1795; x_wconf 76' lang='lat' dir='ltr'>maritus</span> <span class='ocrx_word' id='word_1_227' title='bbox 1307 1766 1393 1795; x_wconf 29' lang='lat' dir='ltr'>villis.</span> <span class='ocrx_word' id='word_1_228' title='bbox 1481 1765 1600 1796; x_wconf 65' lang='lat' dir='ltr'>Duum.</span> 
     </span>
    </p>

    <p class='ocr_par' dir='ltr' id='par_1_25' title="bbox 946 1813 1616 2000">
     <span class='ocr_line' id='line_1_48' title="bbox 998 1813 1614 1854; baseline 0.003 -12"><span class='ocrx_word' id='word_1_229' title='bbox 998 1813 1068 1844; x_wconf 88' lang='grc'><strong>136.</strong></span> <span class='ocrx_word' id='word_1_230' title='bbox 1109 1814 1236 1854; x_wconf 61' lang='lat' dir='ltr'>Nodos]</span> <span class='ocrx_word' id='word_1_231' title='bbox 1275 1813 1356 1844; x_wconf 80' lang='lat' dir='ltr'>Vide</span> <span class='ocrx_word' id='word_1_232' title='bbox 1387 1824 1456 1854; x_wconf 86' lang='lat' dir='ltr'>quae</span> <span class='ocrx_word' id='word_1_233' title='bbox 1487 1813 1526 1844; x_wconf 88' lang='lat' dir='ltr'>de</span> <span class='ocrx_word' id='word_1_234' title='bbox 1555 1813 1614 1844; x_wconf 86' lang='lat' dir='ltr'>hae</span> 
     </span>
     <span class='ocr_line' id='line_1_49' title="bbox 950 1862 1614 1893; baseline 0.003 -2"><span class='ocrx_word' id='word_1_235' title='bbox 950 1871 1024 1892; x_wconf 87' lang='lat' dir='ltr'>voce</span> <span class='ocrx_word' id='word_1_236' title='bbox 1046 1867 1189 1892; x_wconf 84' lang='lat' dir='ltr'>notamus</span> <span class='ocrx_word' id='word_1_237' title='bbox 1203 1862 1242 1892; x_wconf 88' lang='lat' dir='ltr'>ad</span> <span class='ocrx_word' id='word_1_238' title='bbox 1262 1862 1386 1892; x_wconf 83' lang='lat' dir='ltr'>Petron.</span> <span class='ocrx_word' id='word_1_239' title='bbox 1403 1873 1430 1892; x_wconf 86' lang='lat' dir='ltr'>c.</span> <span class='ocrx_word' id='word_1_240' title='bbox 1447 1862 1545 1893; x_wconf 81' lang='lat' dir='ltr'>lxxx.</span> <span class='ocrx_word' id='word_1_241' title='bbox 1570 1863 1614 1893; x_wconf 88' lang='lat' dir='ltr'>sic</span> 
     </span>
     <span class='ocr_line' id='line_1_50' title="bbox 950 1911 1616 1943; baseline 0.003 -2"><span class='ocrx_word' id='word_1_242' title='bbox 950 1911 1077 1942; x_wconf 88' lang='lat' dir='ltr'>Lucret.</span> <span class='ocrx_word' id='word_1_243' title='bbox 1105 1911 1162 1942; x_wconf 89' lang='lat' dir='ltr'>lib.</span> <span class='ocrx_word' id='word_1_244' title='bbox 1190 1911 1232 1942; x_wconf 90' lang='lat' dir='ltr'>iv.</span> <span class='ocrx_word' id='word_1_245' title='bbox 1260 1912 1355 1942; x_wconf 78' lang='lat'>1142.</span> <span class='ocrx_word' id='word_1_246' title='bbox 1387 1911 1466 1942; x_wconf 85' lang='lat' dir='ltr'>dixit</span> <span class='ocrx_word' id='word_1_247' title='bbox 1495 1912 1616 1943; x_wconf 78' lang='lat' dir='ltr'>Veneris</span> 
     </span>
     <span class='ocr_line' id='line_1_51' title="bbox 946 1961 1420 2000; baseline 0.002 -11"><span class='ocrx_word' id='word_1_248' title='bbox 946 1971 1139 2000; x_wconf 71' lang='lat' dir='ltr'>perrumpere</span> <span class='ocrx_word' id='word_1_249' title='bbox 1154 1962 1254 1991; x_wconf 74' lang='lat' dir='ltr'>nodus.</span> <span class='ocrx_word' id='word_1_250' title='bbox 1302 1961 1420 1991; x_wconf 75' lang='lat' dir='ltr'>Bunm.</span> 
     </span>
    </p>

    <p class='ocr_par' dir='ltr' id='par_1_26' title="bbox 947 2009 1613 2149">
     <span class='ocr_line' id='line_1_52' title="bbox 996 2009 1610 2051; baseline 0.003 -12"><span class='ocrx_word' id='word_1_251' title='bbox 996 2010 1066 2040; x_wconf 87' lang='lat'>137.</span> <span class='ocrx_word' id='word_1_252' title='bbox 1093 2009 1156 2040; x_wconf 78' lang='lat' dir='ltr'>Nec</span> <span class='ocrx_word' id='word_1_253' title='bbox 1187 2011 1270 2040; x_wconf 78' lang='lat' dir='ltr'>labor</span> <span class='ocrx_word' id='word_1_254' title='bbox 1297 2016 1349 2046; x_wconf 78' lang='lat' dir='ltr'>est,</span> <span class='ocrx_word' id='word_1_255' title='bbox 1380 2011 1478 2040; x_wconf 78' lang='lat' dir='ltr'>celare</span> <span class='ocrx_word' id='word_1_256' title='bbox 1509 2010 1610 2051; x_wconf 78' lang='lat' dir='ltr'>licet-J</span> 
     </span>
     <span class='ocr_line' id='line_1_53' title="bbox 948 2058 1613 2095; baseline 0.005 -7"><span class='ocrx_word' id='word_1_257' title='bbox 948 2058 1065 2094; x_wconf 79' lang='lat' dir='ltr'>Scribe,</span> <span class='ocrx_word' id='word_1_258' title='bbox 1084 2059 1152 2089; x_wconf 75' lang='lat' dir='ltr'>Nan</span> <span class='ocrx_word' id='word_1_259' title='bbox 1170 2061 1262 2095; x_wconf 73' lang='lat' dir='ltr'>labor,</span> <span class='ocrx_word' id='word_1_260' title='bbox 1276 2066 1303 2089; x_wconf 76' lang='lat' dir='ltr'>et</span> <span class='ocrx_word' id='word_1_261' title='bbox 1320 2061 1419 2089; x_wconf 74' lang='lat' dir='ltr'>celare</span> <span class='ocrx_word' id='word_1_262' title='bbox 1436 2061 1515 2091; x_wconf 72' lang='lat' dir='ltr'>licet.</span> <span class='ocrx_word' id='word_1_263' title='bbox 1528 2066 1563 2091; x_wconf 88' lang='lat' dir='ltr'>ut</span> <span class='ocrx_word' id='word_1_264' title='bbox 1576 2061 1613 2091; x_wconf 79' lang='grc' dir='ltr'>τὸ</span> 
     </span>
     <span class='ocr_line' id='line_1_54' title="bbox 947 2107 1434 2149; baseline 0.002 -12"><span class='ocrx_word' id='word_1_265' title='bbox 947 2114 987 2137; x_wconf 78' lang='lat' dir='ltr'>est</span> <span class='ocrx_word' id='word_1_266' title='bbox 1004 2107 1269 2149; x_wconf 78' lang='lat' dir='ltr'>subintelligatur.</span> <span class='ocrx_word' id='word_1_267' title='bbox 1315 2108 1434 2139; x_wconf 61' lang='lat' dir='ltr'>Hfflxs.</span> 
     </span>
    </p>

    <p class='ocr_par' dir='ltr' id='par_1_27' title="bbox 941 2156 1612 2333">
     <span class='ocr_line' id='line_1_55' title="bbox 993 2156 1611 2196; baseline 0.003 -11"><span class='ocrx_word' id='word_1_268' title='bbox 993 2157 1063 2187; x_wconf 89' lang='grc'><strong>139.</strong></span> <span class='ocrx_word' id='word_1_269' title='bbox 1083 2156 1197 2187; x_wconf 73' lang='lat' dir='ltr'>Viderit</span> <span class='ocrx_word' id='word_1_270' title='bbox 1214 2158 1363 2196; x_wconf 70' lang='lat' dir='ltr'>amplexus</span> <span class='ocrx_word' id='word_1_271' title='bbox 1379 2156 1519 2196; x_wconf 60' lang='lat' dir='ltr'>aliquis]</span> <span class='ocrx_word' id='word_1_272' title='bbox 1541 2157 1611 2187; x_wconf 82' lang='lat' dir='ltr'>Am-</span> 
     </span>
     <span class='ocr_line' id='line_1_56' title="bbox 941 2206 1612 2245; baseline 0.003 -10"><span class='ocrx_word' id='word_1_273' title='bbox 941 2207 1038 2245; x_wconf 59' lang='lat' dir='ltr'>plexus</span> <span class='ocrx_word' id='word_1_274' title='bbox 1063 2206 1254 2236; x_wconf 80' lang='lat' dir='ltr'>Puteaneus.</span> <span class='ocrx_word' id='word_1_275' title='bbox 1294 2206 1367 2236; x_wconf 75' lang='lat' dir='ltr'>Val.</span> <span class='ocrx_word' id='word_1_276' title='bbox 1394 2206 1526 2236; x_wconf 77' lang='lat' dir='ltr'>Flaccus</span> <span class='ocrx_word' id='word_1_277' title='bbox 1557 2206 1612 2238; x_wconf 86' lang='lat' dir='ltr'>lib.</span> 
     </span>
     <span class='ocr_line' id='line_1_57' title="bbox 944 2254 1609 2295; baseline 0.003 -12"><span class='ocrx_word' id='word_1_278' title='bbox 944 2254 985 2284; x_wconf 92' lang='lat' dir='ltr'>iv.</span> <span class='ocrx_word' id='word_1_279' title='bbox 1002 2255 1076 2284; x_wconf 84' lang='lat'>701.</span> <span class='ocrx_word' id='word_1_280' title='bbox 1094 2254 1146 2295; x_wconf 89' lang='lat' dir='ltr'>qui</span> <span class='ocrx_word' id='word_1_281' title='bbox 1171 2254 1258 2284; x_wconf 86' lang='lat' dir='ltr'>locus</span> <span class='ocrx_word' id='word_1_282' title='bbox 1282 2265 1343 2285; x_wconf 88' lang='lat' dir='ltr'>non</span> <span class='ocrx_word' id='word_1_283' title='bbox 1366 2261 1412 2285; x_wconf 84' lang='lat' dir='ltr'>est</span> <span class='ocrx_word' id='word_1_284' title='bbox 1437 2254 1609 2286; x_wconf 83' lang='lat' dir='ltr'>sollicitan-</span> 
     </span>
     <span class='ocr_line' id='line_1_58' title="bbox 944 2303 1022 2333; baseline 0 0"><span class='ocrx_word' id='word_1_285' title='bbox 944 2303 1002 2333; x_wconf 85' lang='lat' dir='ltr'>dus</span> <span class='ocrx_word' id='word_1_286' title='bbox 1016 2315 1022 2333; x_wconf 71' lang='grc' dir='ltr'>ε</span> 
     </span>
    </p>
   </div>
   <div class='ocr_carea' id='block_1_16' title="bbox 987 2371 1115 2375">
    <p class='ocr_par' dir='ltr' id='par_1_28' title="bbox 987 2371 1115 2375">
     <span class='ocr_line' id='line_1_59' title="bbox 987 2371 1115 2375; baseline 0 0"><span class='ocrx_word' id='word_1_287' title='bbox 987 2371 1115 2375; x_wconf 95' lang='lat' dir='ltr'> </span> 
     </span>
    </p>
   </div>
   <div class='ocr_carea' id='block_1_17' title="bbox 944 2354 1610 2825">
    <p class='ocr_par' dir='ltr' id='par_1_29' title="bbox 944 2354 1610 2825">
     <span class='ocr_line' id='line_1_60' title="bbox 1128 2354 1427 2393; baseline 0.007 -11"><span class='ocrx_word' id='word_1_288' title='bbox 1128 2354 1275 2392; x_wconf 74' lang='lat' dir='ltr'>pallentia</span> <span class='ocrx_word' id='word_1_289' title='bbox 1285 2355 1427 2393; x_wconf 74' lang='lat' dir='ltr'>jungunt</span> 
     </span>
     <span class='ocr_line' id='line_1_61' title="bbox 990 2402 1610 2443; baseline 0.003 -12"><span class='ocrx_word' id='word_1_290' title='bbox 990 2402 1110 2438; x_wconf 79' lang='lat' dir='ltr'>Oscula,</span> <span class='ocrx_word' id='word_1_291' title='bbox 1140 2405 1185 2432; x_wconf 53' lang='lat' dir='ltr'>vix</span> <span class='ocrx_word' id='word_1_292' title='bbox 1209 2404 1314 2442; x_wconf 75' lang='lat' dir='ltr'>primis</span> <span class='ocrx_word' id='word_1_293' title='bbox 1339 2405 1466 2443; x_wconf 53' lang='lat' dir='ltr'>amplexi</span> <span class='ocrx_word' id='word_1_294' title='bbox 1488 2404 1610 2434; x_wconf 74' lang='lat' dir='ltr'>luminis</span> 
     </span>
     <span class='ocr_line' id='line_1_62' title="bbox 1030 2453 1101 2481; baseline 0.014 -1"><span class='ocrx_word' id='word_1_295' title='bbox 1030 2453 1101 2481; x_wconf 73' lang='lat' dir='ltr'>oris.</span> 
     </span>
     <span class='ocr_line' id='line_1_63' title="bbox 945 2499 1274 2530; baseline 0.003 -1"><span class='ocrx_word' id='word_1_296' title='bbox 945 2499 1038 2529; x_wconf 83' lang='lat' dir='ltr'>Silius</span> <span class='ocrx_word' id='word_1_297' title='bbox 1053 2499 1108 2529; x_wconf 82' lang='lat' dir='ltr'>lib.</span> <span class='ocrx_word' id='word_1_298' title='bbox 1125 2499 1180 2529; x_wconf 90' lang='lat' dir='ltr'>xii.</span> <span class='ocrx_word' id='word_1_299' title='bbox 1199 2500 1274 2530; x_wconf 83' lang='lat'>741.</span> 
     </span>
     <span class='ocr_line' id='line_1_64' title="bbox 989 2547 1609 2588; baseline 0.002 -10"><span class='ocrx_word' id='word_1_300' title='bbox 989 2547 1085 2588; x_wconf 76' lang='lat' dir='ltr'>Inque</span> <span class='ocrx_word' id='word_1_301' title='bbox 1101 2550 1192 2578; x_wconf 69' lang='lat' dir='ltr'>vicem</span> <span class='ocrx_word' id='word_1_302' title='bbox 1215 2550 1353 2588; x_wconf 62' lang='lat' dir='ltr'>amplexi.</span> <span class='ocrx_word' id='word_1_303' title='bbox 1374 2550 1517 2588; x_wconf 70' lang='lat' dir='ltr'>permista</span> <span class='ocrx_word' id='word_1_304' title='bbox 1541 2560 1609 2579; x_wconf 75' lang='lat' dir='ltr'>‘voce</span> 
     </span>
     <span class='ocr_line' id='line_1_65' title="bbox 1075 2598 1257 2636; baseline 0 -9"><span class='ocrx_word' id='word_1_305' title='bbox 1075 2598 1115 2627; x_wconf 77' lang='lat' dir='ltr'>tri</span> <span class='ocrx_word' id='word_1_306' title='bbox 1120 2598 1225 2636; x_wconf 70' lang='lat' dir='ltr'>ampliu</span> <span class='ocrx_word' id='word_1_307' title='bbox 1231 2609 1257 2627; x_wconf 83' lang='lat' dir='ltr'>m</span> 
     </span>
     <span class='ocr_line' id='line_1_66' title="bbox 1033 2645 1412 2685; baseline 0.003 -11"><span class='ocrx_word' id='word_1_308' title='bbox 1033 2645 1153 2685; x_wconf 77' lang='lat' dir='ltr'>Tarpeii</span> <span class='ocrx_word' id='word_1_309' title='bbox 1169 2646 1301 2676; x_wconf 70' lang='lat' dir='ltr'>clavumt</span> <span class='ocrx_word' id='word_1_310' title='bbox 1317 2645 1412 2676; x_wconf 68' lang='lat' dir='ltr'>Jnvis.</span> 
     </span>
     <span class='ocr_line' id='line_1_67' title="bbox 944 2693 1603 2736; baseline 0.003 -13"><span class='ocrx_word' id='word_1_311' title='bbox 944 2694 993 2724; x_wconf 87' lang='lat' dir='ltr'>Sic</span> <span class='ocrx_word' id='word_1_312' title='bbox 1010 2693 1148 2735; x_wconf 81' lang='lat' dir='ltr'>Epistola</span> <span class='ocrx_word' id='word_1_313' title='bbox 1161 2694 1285 2725; x_wconf 80' lang='lat' dir='ltr'>Medeae</span> <span class='ocrx_word' id='word_1_314' title='bbox 1301 2705 1339 2724; x_wconf 84' lang='lat' dir='ltr'>ex</span> <span class='ocrx_word' id='word_1_315' title='bbox 1356 2694 1441 2725; x_wconf 78' lang='lat' dir='ltr'>libris</span> <span class='ocrx_word' id='word_1_316' title='bbox 1454 2694 1603 2736; x_wconf 81' lang='lat' dir='ltr'>antiquis:</span> 
     </span>
     <span class='ocr_line' id='line_1_68' title="bbox 990 2743 1605 2786; baseline 0.003 -13"><span class='ocrx_word' id='word_1_317' title='bbox 990 2743 1155 2782; x_wconf 59' lang='lat' dir='ltr'>Complexus</span> <span class='ocrx_word' id='word_1_318' title='bbox 1177 2746 1295 2775; x_wconf 78' lang='lat' dir='ltr'>utinam</span> <span class='ocrx_word' id='word_1_319' title='bbox 1319 2744 1527 2786; x_wconf 69' lang='lat' dir='ltr'>Symplegades</span> <span class='ocrx_word' id='word_1_320' title='bbox 1550 2745 1605 2775; x_wconf 82' lang='lat' dir='ltr'>eli-</span> 
     </span>
     <span class='ocr_line' id='line_1_69' title="bbox 1029 2794 1145 2825; baseline 0.026 -3"><span class='ocrx_word' id='word_1_321' title='bbox 1029 2794 1145 2825; x_wconf 77' lang='lat' dir='ltr'>sissent.</span> 
     </span>
    </p>
   </div>
  </div>
 </body>
</html>
