1849 3198
599 237 944 281 HEROIDES.
976 237 1069 279 ΕΡ.
1101 237 1194 280 ΙΙΙ.
1536 242 1593 283 27

208 356 395 419 Viginti
419 355 575 403 fulvos
601 369 808 419 operoso
834 369 898 401 ex
923 368 1020 400 aere
1042 353 1261 411 lebetas;

276 433 342 481 Et
365 433 583 497 tripodas
607 439 817 496 septem,
834 431 1054 495 pondere
1078 438 1129 479 et
1151 438 1256 479 arte
1280 447 1442 496 pares,

208 511 395 558 Addita
418 517 532 558 sunt
554 509 648 556 illis
674 509 778 556 auri
802 509 879 556 bis
905 509 1128 572 quinque
1152 509 1367 558 talenta:

278 588 366 635 Bis
392 604 496 643 sex,
514 587 706 634 adsueti
729 587 926 634 vincere
951 603 1162 651 semper,
1180 586 1312 650 equi.

213 665 464 728 Quodque
489 680 862 729 supervacuum,
880 664 1036 712 forma
1058 670 1326 729 praestante
1343 665 1519 729 puellae
1534 668 1598 713 35

278 742 533 797 LesbideS‚
551 758 721 789 eversa
745 758 952 806 corpora
976 748 1124 806 capta
1146 742 1309 789 domo.

214 820 445 883 Cumque
460 825 533 866 tot
546 819 638 875 his,
656 819 768 882 (sed
784 835 881 866 non
897 835 1021 883 opus
1037 825 1114 866 est
1127 819 1216 866 tibi
1234 818 1467 882 conjuge)
1483 835 1599 867 eon-

279 896 358 944 Ex
383 896 787 959 Agamemnoniis
811 912 911 943 una
933 895 1100 959 puella
1122 896 1296 943 tribus.

1491 898 1601 960 [jux

215 974 269 1022 Si
292 974 382 1021 tibi
408 975 470 1020 ab
496 973 672 1020 Atrida
694 973 852 1038 pretio
877 973 1165 1020 redimenda
1188 972 1409 1029 fuissem,

279 1051 403 1106 Quae
428 1052 545 1099 dare
570 1052 830 1107 debueraS,
848 1050 1074 1114 accipere
1099 1051 1182 1098 illa
1205 1051 1386 1113 neges?

213 1187 288 1216 700.
305 1192 336 1217 et
355 1196 393 1216 ex
415 1185 509 1215 MSS.
523 1184 597 1215 OEd.
611 1185 688 1215 943.
711 1185 869 1225 OEdipoda.

212 1234 362 1277 Virgilius
376 1245 458 1276 saepe
475 1235 604 1265 Anchisa
620 1240 772 1275 generate.
789 1233 870 1263 Nos-

212 1291 258 1316 ter
272 1285 305 1315 in
316 1284 406 1315 Ibide
422 1285 497 1315 305.
515 1294 552 1314 ex
567 1284 662 1314 MSS.
682 1283 820 1323 Nataque
838 1289 870 1312 ut

213 1335 354 1364 AEacida.
400 1333 574 1364 Hssrxsmffi
620 1333 685 1373 Ego
701 1343 773 1363 vero
794 1331 871 1362 nihil

211 1383 358 1414 interesse
382 1382 520 1418 arbitror,
543 1393 614 1413 cum
638 1388 803 1423 utrumque
825 1381 872 1412 di-

213 1440 300 1464 catur
325 1439 416 1464 natus
437 1434 520 1472 patri
549 1438 580 1463 et
602 1439 689 1472 patre
714 1431 805 1467 filius,
829 1430 874 1461 ita

214 1482 297 1523 apud
317 1484 427 1513 Senec.
451 1481 618 1522 Agamem.
638 1481 713 1511 293.
738 1480 873 1510 Genatus

216 1531 345 1571 Thyestae
370 1542 408 1562 ex
436 1530 552 1572 optimo
577 1529 683 1560 codice
712 1529 871 1560 Mediceo.

213 1581 330 1610 Bmm.

257 1631 310 1660 31.
326 1628 651 1670 Vigintifulros‚&c.]
672 1628 750 1664 Quae
767 1626 816 1656 hic
832 1625 872 1656 ad

214 1679 370 1710 Achillem
384 1678 571 1720 placandum
588 1678 625 1707 ah
637 1677 871 1717 Agamemnone

214 1728 307 1758 missa
321 1727 364 1758 ait
385 1728 487 1769 poeta,
505 1727 543 1757 ab
560 1727 695 1756 Homero
715 1724 872 1756 transtulit

214 1778 269 1808 lib.
282 1777 326 1807 ix.
344 1775 437 1807 Iliad.
455 1776 508 1806 34.
554 1775 649 1805 Crof.

258 1827 312 1857 34.
338 1826 390 1857 Bis
410 1825 485 1865 seza]
520 1825 638 1855 Omnes
661 1823 714 1854 alii
739 1822 872 1854 Codices

215 1879 255 1907 bis
269 1883 385 1916 septem.
410 1876 477 1906 Nos
491 1886 529 1905 ex
545 1873 712 1904 Homerica
728 1873 871 1913 Rhapso-

215 1926 267 1957 dia
278 1928 319 1957 bis
329 1938 371 1957 sei
380 1949 387 1956 .
397 1925 429 1955 in
441 1935 503 1966 qua
513 1925 647 1955 Phoenix
660 1923 703 1954 sic
715 1922 872 1953 Achillem

216 1976 399 2018 alloquitur:
427 1974 578 2011 Αἵθωνας
599 1972 629 2004 δὲ
651 1972 796 2013 λέβητας
817 1971 871 2003 ἐεί-

216 2024 423 2060 κοσι,δώὂεκα
437 2022 675 2060 ὂ”ι’ππους,ἃο.
688 2023 873 2052 EGNATws.

217 2075 254 2106 In
265 2075 342 2105 libro
352 2072 540 2114 Aldin0,quj
552 2083 631 2103 anno
644 2072 693 2101 M.
706 2071 751 2101 D.
765 2082 802 2100 11.
816 2069 873 2100 im-

215 2136 337 2168 pressus
352 2130 398 2155 est
412 2129 443 2154 et
458 2122 490 2153 in
505 2132 566 2153 uno
581 2121 688 2152 Vatic.
704 2120 755 2150 Bis
769 2126 875 2159 septem

216 2174 339 2216 legitur,
354 2173 435 2204 male
446 2172 577 2215 priorem
590 2170 753 2202 lectionem
764 2169 875 2200 retinet

217 2224 294 2255 alter
321 2223 427 2254 Vatic.
456 2228 487 2253 et
516 2222 669 2251 Homerus
697 2220 876 2261 comprobat

217 2274 273 2305 lib.
281 2274 346 2316 jam
361 2272 467 2304 citato.
484 2270 537 2302 ubi
554 2270 596 2300 ita
611 2275 674 2300 est:

433 2320 551 2352 δώδεκα
567 2318 592 2350 δ’
606 2317 734 2354 ἰ’ππους

262 2373 409 2414 Πηχοὺς,
419 2370 632 2412 ἀθλοφόρους,
645 2368 675 2399 οἳ
688 2367 785 2399 ἄθλια
796 2377 875 2398 ποσ-

306 2423 360 2453 σὶν
375 2422 509 2463 ἄροντο.

221 2473 388 2512 Postquam
417 2469 483 2499 haec
513 2467 705 2509 scripseram,
736 2462 875 2495 animad-

220 2521 296 2552 verti
312 2521 393 2550 hunc
410 2517 536 2549 Homeri
552 2526 674 2558 quoque
690 2515 793 2544 locum
814 2512 874 2542 huc

220 2571 258 2602 ab
270 2568 402 2612 Egnatio
417 2567 598 2599 adductum.
624 2565 804 2595 Cromnos.
824 2561 876 2590 Bis

219 2627 325 2661 septem
340 2618 436 2660 major
450 2616 596 2647 librorum
620 2624 701 2656 pars.
718 2611 771 2643 sed
788 2610 877 2641 aliter

221 2671 385 2703 Homerus,
400 2678 437 2698 ex
453 2677 514 2708 quo
525 2665 592 2695 haec
605 2662 707 2694 omnia
718 2666 878 2691 mutuatus

221 2725 269 2751 est
290 2719 413 2752 Noster,
435 2715 527 2746 Iliad.
542 2715 571 2744 I.
586 2712 637 2743 uhi
662 2712 877 2751 Agamemnon

221 2767 332 2810 legatis
347 2766 385 2797 ad
401 2764 555 2795 Achillem
571 2760 716 2793 atituris:

222 2817 314 2859 ’Υμῖν
329 2815 354 2848 δ’
370 2816 405 2848 ἐν
426 2814 585 2846 πάντεσσι
605 2809 782 2852 περικλυτὰ
805 2805 877 2846 δῶρ’

1535 1053 1601 1097 40

981 1182 1148 1224 ὀνομήνω,

937 1231 1191 1274 Ἔτι-τ’ἁπύρους
1202 1231 1372 1274 τρίποδας,
1385 1230 1458 1263 δέκα
1475 1231 1505 1263 δὲ
1521 1245 1601 1275 χρυ-

982 1284 1052 1313 σοῖο
1068 1282 1231 1318 τάλαντα,

941 1331 1093 1369 Αἵθωνας
1116 1331 1146 1363 δὲ
1170 1331 1315 1373 λέβητας
1337 1331 1459 1368 ἐείκοσι,
1482 1330 1602 1363 δώδεκα

983 1380 1008 1412 δ’
1022 1380 1150 1418 ἵππους

942 1432 1088 1472 Thumi-9,
1105 1431 1319 1473 ἀθλοφόρους,
1335 1430 1366 1461 οἲ
1383 1430 1499 1461 ἀέθλια
1519 1441 1600 1461 ποσ-

985 1492 1039 1512 mv
1055 1492 1190 1521 αροντο.

941 1529 1040 1561 Δώσω
1065 1528 1091 1560 δ’
1117 1529 1202 1560 ἑπτὰ
1231 1530 1393 1571 γυναῖκας
1417 1527 1602 1570 ἀμύμονας,

983 1578 1050 1620 ἔργ’
1064 1577 1194 1615 εἰδυίας,

942 1627 1114 1668 Λεσβίδας,
1131 1630 1170 1665 ἃς
1185 1627 1236 1659 ὅτε
1255 1627 1386 1668 Λέσβον
1410 1626 1603 1669 ἐϋκτιμένην

983 1677 1056 1709 ἕλεν
1072 1678 1182 1714 αὐτὸς,

939 1727 1122 1769 Ἐξὲλομεν,
1152 1727 1187 1757 (ιῖ
1217 1725 1329 1757 κάλλει
1365 1724 1481 1756 ἐνίκων
1515 1725 1601 1766 φῦλα

983 1788 1162 1819 γυναικων.

940 1826 980 1856 Et
995 1836 1065 1856 mox
1080 1837 1086 1855 z

940 1877 1032 1917 Τρεῖς
1048 1873 1078 1905 δὲ
1093 1874 1147 1916 μοὶ
1164 1872 1221 1904 εἰσὶ
1234 1871 1396 1914 θύγατρες
1411 1871 1457 1903 ἑνὶ
1470 1870 1602 1913 μεγάρῳ

983 1924 1146 1965 ἐϋπὴκτῳ,

943 1975 1144 2016 Χρυσόθεμις
1173 1972 1226 2003 καὶ
1257 1969 1399 2009 Λαοόίκη
1429 1970 1482 2000 καὶ
1498 1969 1603 2011 Ἰφια-

985 2023 1104 2058 νάσσα,

943 2072 1038 2104 Τάων
1061 2073 1104 2110 ἣν
1125 2070 1150 2102 κ’
1167 2069 1294 2108 ἐθέλησι
1319 2069 1419 2110 φίλην
1435 2066 1600 2098 ἀνάεδνον

986 2120 1124 2163 ἀγέσθω,

944 2171 1033 2212 Πρὸς
1049 2170 1137 2200 οἷκον
1154 2168 1302 2205 Πηλῆος,
1318 2165 1379 2208 ἐγὼ
1396 2164 1421 2195 δ’
1437 2163 1600 2206 ἐπιμείλια

987 2218 1090 2250 δώσω.

944 2268 983 2298 Et
998 2278 1067 2309 quae
1084 2265 1224 2307 apposita
1239 2263 1304 2294 illic
1320 2263 1410 2304 plura
1424 2267 1601 2292 occurrunt.

944 2317 981 2346 In
1003 2314 1129 2357 Mycilli
1150 2312 1297 2347 editione,
1322 2311 1374 2341 Bis
1394 2312 1454 2341 seni
1481 2311 1602 2339 assueti.

945 2366 1047 2395 Ilmx.

987 2414 1040 2444 36.
1068 2413 1198 2451 Corpora
1223 2409 1339 2449 capta]
1368 2407 1492 2449 l'ropiio
1518 2407 1602 2436 locu-

944 2468 1010 2493 tus:
1036 2463 1073 2492 In
1096 2460 1275 2492 servitutem
1300 2458 1379 2488 enim
1411 2455 1527 2487 redacti
1553 2455 1602 2485 vix

942 2510 1101 2542 hominum
1110 2509 1231 2540 nomine
1241 2507 1338 2549 digni,
1351 2517 1470 2545 corpora
1484 2510 1604 2534 tanturn

943 2561 1145 2592 vocabantur.
1168 2558 1232 2598 leg.
1246 2555 1322 2587 xliii.
1342 2557 1369 2596 ξ.
1389 2556 1419 2584 4.
1434 2554 1467 2584 ff.
1484 2553 1521 2583 de
1544 2553 1603 2582 ritu

944 2609 1079 2651 nuptiar.
1095 2613 1126 2638 et
1141 2606 1184 2637 ita
1197 2605 1311 2648 passim
1328 2602 1430 2635 Graeci
1455 2602 1603 2643 σώματα.

945 2660 1064 2689 Brum-

988 2708 1040 2737 38.
1059 2706 1100 2735 Et
1119 2700 1385 2744 Agammm1oniis.]
1420 2700 1488 2729 Hac
1509 2697 1546 2727 de
1574 2707 1603 2727 re

945 2755 1023 2786 ‹li-<it
1044 2754 1099 2784 lib.
1124 2752 1177 2783 xii.
1203 2753 1334 2781 Metam.
1359 2747 1410 2779 ubi
1435 2748 1603 2787 Agamem-

947 2805 1033 2836 nonis
1050 2802 1180 2833 filiarum
1198 2800 1320 2831 nomina
1337 2796 1453 2828 notavi.
1494 2795 1584 2825 (lior.
