1849 3198
222 222 307 265 112

608 220 658 261 Ρ.
694 217 908 261 OVIDII
940 217 1220 261 NASONIS

224 338 354 394 Una,
382 352 554 384 recens
580 336 783 391 crimen,
811 333 1067 399 praefertur
1091 335 1317 383 adultera
1339 335 1510 392 nobis;

292 415 439 462 Unde
464 430 558 476 ego
583 429 694 460 sum
720 411 861 476 Lydo
885 410 1017 458 facta
1040 428 1252 459 noverca
1276 411 1446 459 Lamo.

222 492 523 548 MaeandrOS,
548 491 696 539 toties
723 490 808 553 qui
832 489 974 537 terris
1001 496 1130 536 errat
1153 489 1203 536 in
1226 490 1403 545 isdem,
1550 491 1612 535 55

289 570 387 625 Qui
411 571 567 618 lassas
593 570 643 616 in
668 584 721 616 se
746 583 880 631 saepe
905 573 1161 629 retorquet
1185 583 1358 630 aquas,

223 647 363 694 Vidit
387 648 437 694 i'n
463 646 714 693 Herculeo
740 659 985 707 suspensa
1008 643 1212 690 monilia
1234 644 1389 700 collo;

292 724 400 780 Illo,
429 724 508 771 cui
534 724 714 770 coelum
740 721 936 768 sarcina
958 737 1111 784 parva
1133 720 1241 769 fuit.

225 800 340 849 Non
364 801 542 865 puduit
565 800 716 847 fortes
743 814 860 846 auro
886 797 1119 845 cohibere
1143 798 1372 853 lacertOS,

292 878 359 926 Et
383 878 552 925 solidis
577 892 800 940 gemmas
826 875 1119 939 adposuisse
1143 876 1278 923 toris.

224 1015 291 1041 tum
306 1009 400 1040 etiam
416 1009 499 1050 quod
522 1008 699 1050 Stephanus
713 1006 889 1037 Theutran-

224 1064 288 1090 tem
302 1058 429 1100 Thespii
444 1064 563 1100 patrem
579 1057 665 1093 facit,
682 1067 700 1087 a
711 1067 772 1098 quo
789 1056 887 1085 Theu-

225 1111 342 1139 truntia
358 1110 447 1138 turba
458 1108 528 1149 jure
543 1106 736 1148 Thespiades
751 1105 890 1147 appella—

226 1163 279 1188 tae.
304 1158 490 1188 EGNATms.
537 1155 635 1186 Varia
649 1155 698 1185 hic
715 1154 890 1185 comminis-

226 1214 339 1237 cuntur
363 1206 560 1248 interpretes.
594 1205 648 1235 sed
673 1215 780 1235 verum
808 1203 892 1245 quod

227 1255 378 1297 Egnatius
420 1261 489 1296 post
528 1254 718 1284 Politianum
762 1251 891 1288 notavit,

228 1306 379 1335 Nostrum
388 1303 477 1344 sequi
488 1308 629 1334 auctores
641 1303 720 1338 illos,
733 1302 785 1343 qui
795 1301 891 1331 Thes-

228 1354 314 1395 pium
329 1353 393 1383 sive
408 1353 434 1382 T
436 1352 546 1394 hespin
561 1352 679 1383 faciunt
693 1351 893 1381 Theutrantis

228 1403 337 1439 filium,
354 1401 524 1433 Pandionis
549 1407 707 1443 nepotem.
732 1400 797 1431 vid.
815 1401 893 1430 Eus-

229 1453 310 1484 tath.
337 1452 377 1483 ad
402 1451 546 1492 IIiadss.
575 1452 650 1482 498.
674 1456 705 1481 et
729 1450 838 1492 Steph.
862 1449 894 1480 in

231 1502 383 1533 θεσπεὶα.
406 1506 437 1532 et
461 1500 661 1531 Bernartium
683 1499 723 1530 ad
745 1499 835 1530 Statii
850 1498 895 1529 iii.

230 1551 307 1581 Silv.
332 1550 355 1580 i.
382 1550 436 1591 qui
460 1549 503 1579 ibi
529 1548 669 1579 Domitio
690 1548 814 1578 miranti
838 1548 895 1578 hoc

231 1600 392 1641 epitheton
428 1598 591 1629 satisfacit.
624 1597 688 1628 vid.
720 1603 750 1628 et
784 1598 895 1627 Senec.

232 1650 328 1680 Herc.
354 1650 427 1679 Fur.
446 1649 519 1678 177.
544 1647 596 1678 ubi
614 1648 752 1678 Gronov.
774 1647 812 1677 de
839 1647 897 1677 hoc

234 1698 379 1730 Herculis
416 1698 496 1728 virili
535 1696 629 1740 plane
670 1697 804 1728 facinore
845 1696 898 1727 vid

234 1749 383 1780 Munker.
399 1747 439 1778 ad
450 1747 567 1789 Hygin.
584 1747 662 1777 Fab.
674 1746 760 1777 clxii.
778 1747 896 1776 Bunm.

278 1799 330 1829 53.
359 1797 427 1827 Una
452 1796 580 1836 recena]
607 1796 680 1826 Non
702 1795 741 1825 de
763 1795 828 1826 Iole
852 1795 900 1826 in—

235 1846 360 1888 telligit,
376 1846 430 1876 sed
445 1845 483 1876 de
501 1845 658 1887 Omphale
674 1844 830 1886 Lydorum
850 1856 899 1876 re-

235 1896 325 1938 gina:
356 1895 407 1926 cui
433 1895 587 1925 Hercules
608 1895 653 1924 ita
673 1894 803 1925 servisse
823 1893 900 1925 dici-

236 1952 296 1982 tur,
310 1951 344 1976 ut
365 1945 469 1975 omnia
484 1944 601 1975 faceret
615 1954 684 1985 quae
708 1943 900 1985 imperasset.

237 1995 284 2025 Ex
297 1995 355 2025 hac
368 1993 474 2035 genuit
485 1992 639 2023 Hercules
648 1993 780 2022 Lamum
791 1992 901 2023 filium.

282 2042 461 2084 Refer-tun]
484 2041 632 2083 Refertur
646 2041 737 2072 multi
754 2052 791 2071 ex
807 2041 902 2083 scrip—

238 2094 288 2124 tis.
317 2092 372 2123 sed
392 2091 557 2133 profertur
571 2091 738 2131 legendum
754 2101 824 2121 cum
849 2101 902 2121 sex

239 2141 410 2172 codicibus.
453 2139 608 2170 Deianira
622 2139 661 2169 de
677 2139 744 2169 Io'le
760 2139 903 2169 similiter

239 2190 322 2232 apud
338 2190 489 2219 Senecam
505 2188 641 2219 Hercule
657 2188 757 2218 OEtaeo
773 2188 848 2218 304.

427 2238 522 2277 Capta
535 2239 663 2277 praelata
678 2243 719 2268 est
734 2238 817 2273 mihi,

285 2288 354 2318 Non
366 2287 559 2329 prajferetnr.
739 2287 859 2318 Hnms.

242 2338 412 2380 Przqsertnr
424 2336 518 2367 etiam
532 2336 810 2367 Francofurtensis.

285 2389 337 2418 55.
364 2386 528 2422 Μαίιηάεν,
546 2388 628 2416 toties
648 2387 698 2426 qui
720 2388 808 2416 terris
822 2393 904 2415 errat

242 2440 275 2468 in
290 2436 410 2476 isdem]
440 2436 526 2475 Ripis
543 2438 573 2465 in
586 2435 675 2466 isdem
691 2442 780 2466 vetus
795 2435 902 2466 editio.

245 2487 344 2517 Terris
370 2487 452 2515 toties
479 2487 529 2525 qui
560 2487 690 2515 vohvimr
713 2485 803 2515 isdem
826 2496 906 2515 unus

244 2535 428 2567 Vaticanus.
473 2535 585 2565 Senec.
603 2534 744 2565 Phoenis.
762 2536 837 2565 605.

288 2584 352 2614 Nec
368 2585 440 2613 [aiis
454 2585 553 2613 minus
570 2583 737 2613 Maeandras
753 2585 832 2614 arvis

288 2632 400 2663 Fleclis
414 2638 547 2663 errantes
561 2643 663 2672 aquas.

244 2683 294 2714 Sic
309 2681 436 2723 Orpheo
458 2680 489 2711 in
505 2679 735 2722 Argonauticis,
752 2678 826 2721 ῥοαὶ
843 2693 902 2712 πο-

244 2730 434 2768 λυπλάνεος
460 2729 666 2772 Μαιάνδρου.
715 2729 827 2761 Vibius
848 2731 902 2762 Se-

246 2785 385 2822 quester:
442 2779 610 2810 Moeandros
658 2779 763 2816 Carice,
808 2783 904 2821 gentis

1552 875 1615 920 60

958 1006 1047 1037 Asiae.
1072 1007 1118 1037 hic
1135 1014 1195 1037 tam.
1206 1007 1361 1048 flexuosus
1383 1011 1435 1041 est,
1450 1011 1484 1035 ut
1510 1006 1541 1034 in
1565 1015 1623 1035 sese

957 1062 1108 1086 recurrat.
1155 1056 1215 1086 Hic
1235 1056 1347 1086 iterum
1370 1055 1447 1085 mire
1461 1053 1623 1085 variarunt

958 1116 1068 1136 manus
1083 1106 1276 1136 librariorum
1300 1105 1333 1135 in
1355 1104 1412 1135 hoc
1436 1104 1504 1135 loco
1520 1103 1623 1145 expri-

959 1155 1084 1186 mendo.
1131 1154 1162 1185 in
1199 1155 1367 1190 Vaticano,
1411 1152 1622 1188 Intimeliano,

959 1204 1131 1234 Barberino
1147 1209 1179 1234 et
1192 1214 1253 1233 uno
1268 1201 1465 1233 Menteliano
1480 1207 1556 1236 erat,
1573 1203 1625 1241 qui,

959 1266 987 1285 se
1002 1257 1084 1285 toties
1107 1255 1259 1285 concludit
1284 1255 1315 1283 in
1330 1255 1435 1283 orbem.
1460 1252 1493 1282 in
1507 1251 1623 1292 Regio,

960 1307 1042 1335 toties
1056 1306 1145 1345 quise
1162 1305 1293 1334 includit
1309 1304 1341 1332 in
1357 1304 1462 1338 orbem,
1475 1311 1544 1342 quae
1561 1300 1624 1331 lec—

960 1353 1060 1384 tiones
1085 1365 1122 1384 ex
1147 1353 1343 1383 librariorum
1366 1352 1492 1382 cerebro
1515 1360 1625 1392 prove-

960 1402 1026 1433 nire
1051 1402 1254 1444 nequierunt:
1281 1401 1441 1432 occultant
1467 1399 1549 1430 enim
1573 1409 1625 1429 ve-

962 1451 1172 1482 nustissimam
1208 1450 1386 1485 lectionem,
1416 1455 1447 1479 ct
1479 1458 1574 1490 quam
1609 1457 1627 1478 a

962 1502 1060 1532 Po'e'ta
1074 1501 1263 1537 luxuriante,
1279 1506 1315 1531 ut
1330 1499 1408 1530 solet
1431 1498 1463 1529 in
1485 1498 1542 1534 his,
1558 1507 1627 1539 pro-

962 1550 1075 1581 fectam
1090 1555 1210 1592 putem.
1235 1548 1357 1591 scripsit
1372 1547 1517 1578 nimirum
1531 1559 1537 1577 :

1009 1600 1188 1635 Mscandros,
1205 1600 1287 1629 toties
1309 1599 1359 1638 qui
1383 1608 1479 1628 secum
1501 1597 1581 1626 ludit
1596 1597 1629 1626 in

1092 1650 1197 1683 orbem,

1011 1697 1071 1731 Qui
1089 1698 1177 1727 lassas
1193 1698 1224 1726 in
1239 1707 1267 1726 se
1281 1706 1352 1735 saepe
1363 1701 1512 1735 retorquet
1529 1705 1630 1734 aquas.

967 1746 1086 1776 Ludere
1101 1746 1176 1776 dicit
1192 1748 1223 1776 z'n
1240 1746 1335 1775 orbem
1351 1743 1562 1779 Maeandrum,
1574 1744 1629 1774 ad-

966 1795 1077 1826 ludens
1101 1795 1141 1826 ad
1164 1795 1324 1830 saltantes,
1341 1793 1394 1835 qui
1419 1793 1547 1824 chorum
1573 1792 1630 1824 ‹lu-

967 1851 1053 1880 cunt,
1070 1850 1100 1875 et
1115 1844 1146 1875 in
1163 1855 1272 1886 gyrum
1296 1842 1423 1873 ludunt.
1448 1848 1484 1873 ut
1498 1842 1536 1873 de
1552 1841 1631 1873 Del-

968 1894 1115 1936 phinibus
1132 1893 1178 1924 iii.
1196 1894 1278 1923 Met.
1295 1893 1371 1923 685.

1013 1942 1108 1983 Inque
1124 1944 1204 1973 choi
1222 1944 1332 1973 ludunt
1348 1942 1481 1980 speciem.

969 1993 1010 2022 Et
1024 1991 1063 2022 de
1079 1991 1190 2023 Fluvio
1204 1989 1368 2022 Petronius
1384 2000 1453 2031 cap.
1469 1987 1576 2019 cxxxi.

1013 2041 1079 2072 Has
1105 2043 1185 2071 inter
1210 2041 1331 2071 ludebat
1354 2040 1439 2079 aquis
1463 2038 1634 2069 errantibus

1055 2091 1163 2120 amnis.

970 2139 1033 2170 Ubi
1049 2139 1141 2181 plura
1155 2136 1344 2168 notavimus.
1369 2140 1400 2166 et
1423 2134 1491 2165 haec
1517 2133 1633 2174 signifi-

970 2187 1051 2218 catio
1067 2189 1124 2219 τοῦ
1142 2189 1242 2218 ludere
1258 2190 1304 2216 est
1319 2184 1392 2216 satis
1405 2181 1497 2214 obvia
1509 2194 1517 2221 ;
1541 2188 1572 2213 et
1586 2183 1633 2213 lo-

970 2247 1025 2267 cus
1039 2236 1074 2266 ii.
1091 2238 1172 2267 Met.
1189 2235 1265 2265 246.
1283 2235 1321 2264 ab
1333 2232 1462 2264 Heinsio
1478 2231 1646 2263 adductus⁴

970 2285 1095 2327 egregie
1107 2285 1261 2316 adfirmat.
1274 2283 1323 2314 cui
1334 2282 1414 2313 adde
1423 2280 1488 2312 viii.
1500 2281 1635 2320 Metam.

974 2337 1046 2366 162.
1064 2341 1094 2366 et
1109 2346 1178 2376 quae
1202 2334 1246 2365 ibi
1261 2332 1410 2364 Heinsius
1425 2335 1524 2362 notat.
1542 2341 1633 2361 nemo

971 2385 1083 2415 melius
1099 2384 1181 2415 hunc
1205 2393 1310 2414 secum
1336 2380 1472 2412 ludentis
1495 2386 1526 2410 et
1547 2378 1637 2421 quasi

972 2433 1099 2464 chorum
1122 2432 1266 2463 ducentis
1291 2428 1446 2461 Maeandri
1468 2428 1637 2469 imaginem

972 2482 1123 2524 expressit
1137 2481 1255 2512 seneca
1272 2481 1367 2510 Herc.
1384 2479 1459 2509 Fur.
1476 2478 1550 2508 684.

1146 2530 1254 2564 Qualis
1270 2531 1386 2559 incerta
1402 2537 1497 2568 vagus

1018 2581 1172 2611 Maeander
1185 2580 1269 2609 ἰιηάα
1285 2579 1375 2614 ludit,
1391 2582 1419 2607 et
1434 2577 1512 2606 cedit
1527 2575 1580 2605 sibi

1014 2630 1180 2670 Instatque,
1209 2629 1317 2665 dubius
1348 2628 1419 2657 litus
1453 2637 1493 2656 an
1513 2624 1635 2666 fontem

1054 2685 1150 2719 petat.

974 2729 1123 2759 Ludentes
1138 2729 1214 2757 rivos
1230 2725 1261 2756 in
1278 2724 1371 2755 MSS.
1388 2729 1434 2754 est
1455 2722 1539 2765 apud
1555 2721 1636 2752 Nos-

972 2784 1052 2809 trum
1068 2775 1203 2807 Remed.
1224 2775 1297 2805 177.
1325 2774 1443 2804 Buram.
