1849 3198
210 181 295 222 314
597 182 646 222 Ρ.
681 181 896 224 OVIDII
929 183 1209 226 NASONIS

210 294 292 351 Et,
319 295 501 343 vindex
528 297 577 343 in
602 304 758 345 matre
783 298 954 361 patris,
982 299 1141 345 malus
1168 300 1296 346 ultor
1323 300 1546 356 OresteS‚

273 371 440 419 Ausus
467 373 516 419 in
541 389 747 420 arcanas
774 390 981 437 poscere
1008 375 1106 422 tela
1131 375 1301 423 Deas?
1541 381 1600 424 lo

207 447 341 511 Ergo
367 465 459 512 ego
484 450 704 512 digestos
730 451 869 514 potui
894 451 1078 498 laniare
1105 452 1339 515 capillos:

272 525 319 571 N
324 542 380 573 ec
406 526 656 574 dominam
682 534 829 574 motae
855 528 1134 575 dedecuere
1160 530 1352 576 comae?

205 601 291 649 Sic
316 601 530 650 formosa
553 603 644 650 fuit
661 604 863 664 3s‘talem
892 605 1193 653 Schoeneida
1217 606 1390 653 dicunt

269 678 529 727 Maenalias
556 696 672 727 arcu
698 680 993 728 sollicitasse
1019 681 1164 728 feras.

201 754 336 802 Talis
362 756 546 819 perjuri
572 756 916 819 promissaque
941 757 1151 820 velaque
1178 758 1358 805 Thesei
1536 763 1593 806 15

268 831 427 879 Flevit
450 832 732 896 praecipites
761 832 945 880 Cressa
968 834 1142 881 tulisse
1170 834 1348 882 Notos.

201 907 302 965 Sic,
330 909 423 955 nisi
447 909 633 956 vittatis
660 909 795 971 quod
816 916 937 965 erat,
967 909 1267 967 Cassandra,
1296 912 1506 975 capillis,

264 985 541 1032 Procubuit
564 986 766 1048 templo,
795 993 935 1032 casta
961 985 1203 1043 Minerva,
1230 994 1333 1034 tuo.

198 1061 321 1116 Quis
346 1062 465 1108 mihi
491 1078 605 1117 non,
636 1062 872 1116 Demens,
901 1062 1013 1125 quis
1048 1078 1147 1109 non
1183 1063 1319 1119 mihi,
1350 1063 1587 1119 Barbare,

211 1142 215 1143 ⁷
262 1138 383 1202 Ipsa
406 1139 542 1185 nihil.
583 1139 762 1202 pavido
787 1139 956 1201 lingua
981 1146 1174 1186 retenta
1198 1147 1350 1187 metu.
1409 1141 1589 1202 [dixit‘e

197 1214 299 1262 Sed
324 1215 461 1262 taciti
487 1215 650 1262 fecere
675 1222 843 1263 tamen
868 1216 1092 1262 convicia
1115 1217 1308 1272 vultus;
1526 1221 1584 1263 21

261 1292 379 1355 Egit
404 1308 482 1339 me
507 1292 740 1348 lacrimis,
770 1309 854 1339 ore
880 1292 1072 1348 silente,
1102 1308 1257 1340 reum.

192 1368 324 1417 Ante
349 1386 485 1417 meos
511 1370 729 1417 humeris
754 1370 932 1416 vellem
958 1369 1202 1416 cecidisse
1227 1369 1470 1417 lacertos:

260 1446 444 1493 Utilius
470 1447 609 1510 potui
636 1454 775 1510 parte
801 1463 969 1494 carere
994 1447 1109 1493 mei.

192 1522 250 1569 In
277 1539 387 1570 mea
409 1540 618 1571 vesanas
644 1524 794 1570 habui
820 1524 1084 1587 dispendia
1107 1523 1234 1570 vires
1255 1540 1263 1570 :
1523 1526 1586 1570 25

259 1598 325 1646 Et
348 1601 478 1646 valui
504 1616 702 1663 poenam
727 1600 864 1647 fortis
890 1601 939 1647 in
965 1600 1073 1663 ipse
1100 1616 1279 1647 meam.

191 1674 324 1729 Quid
349 1676 468 1722 mihi
484 1677 756 1732 vobiscum,
779 1676 930 1723 caedis
950 1678 1295 1739 scelerumque
1315 1675 1584 1724 ministrae?

256 1752 442 1800 Debita
465 1754 719 1816 sacrilegae
744 1754 906 1801 vincla
930 1754 1094 1800 subite
1120 1770 1312 1801 manus.

188 1827 283 1884 An,
312 1829 353 1875 si
377 1830 656 1892 pulsassem
681 1831 939 1877 minimum
964 1832 1027 1877 de
1052 1832 1199 1894 plebe
1227 1818 1488 1886 Quiritem,

255 1905 544 1954 Plecterer?
581 1907 630 1954 in
655 1908 906 1955 dominam
926 1910 1008 1972 jus
1034 1908 1154 1954 mihi
1180 1908 1340 1970 majus
1367 1906 1492 1954 erit?
1519 1910 1583 1953 30

232 2082 281 2111 13.
308 2082 407 2112 Talem
423 2083 599 2113 Schuvze‘ida
618 2085 715 2114 (liram
733 2084 849 2115 Dsaecna-
916 2086 1040 2121 sundra,
1056 2085 1183 2124 capillis,
1201 2084 1367 2113 Procubuit
1385 2083 1491 2123 templo
1503 2090 1585 2113 casta

187 2131 242 2159 lias
257 2141 331 2160 arcu
346 2131 640 2173 sollicitasseferus]
668 2133 749 2162 Duae
766 2133 849 2174 apud
920 2136 1060 2164 Minerva
1077 2134 1156 2173 tuin]
1184 2133 1252 2162 Hac
1269 2132 1307 2163 de
1331 2143 1363 2162 re
1382 2138 1494 2173 praeter
1508 2132 1585 2163 alios

187 2179 302 2209 Poetns
325 2186 532 2210 memorantur
550 2180 706 2211 Atalanta:
721 2194 726 2211 :
752 2182 851 2212 altera
918 2184 958 2219 Q.
970 2184 1146 2224 Smyrnaeus
1161 2182 1218 2212 lib.
1235 2180 1297 2212 xiv.
1313 2180 1530 2212 derelictorum
1544 2183 1583 2212 ab

186 2228 327 2258 venatrix
355 2228 520 2265 Arcadica,
541 2230 620 2261 Jasii
646 2230 727 2261 filia.-
752 2231 850 2261 altcra
917 2232 1064 2262 Homero.
1110 2231 1205 2262 C1or.

186 2277 441 2313 Boeotica,cursu
456 2278 598 2315 celebris,
614 2279 678 2310 filia
689 2279 848 2310 Schoenei.
961 2282 1013 2311 26.
1053 2281 1092 2311 Et
1129 2282 1214 2319 potui
1239 2291 1353 2319 sarnam
1381 2278 1478 2320 fortis
1505 2282 1583 2311 inire

185 2325 247 2356 Sed
260 2326 393 2356 Ovidius
405 2327 462 2356 hoc
476 2327 544 2357 loco
554 2328 695 2359 confudit
710 2329 848 2365 nomina,
917 2330 1036 2370 mentm]
1062 2329 1211 2360 Francius
1235 2329 1370 2364 volebat,
1401 2328 1439 2358 In
1467 2341 1581 2368 posnam

186 2375 218 2405 id
234 2376 316 2416 quod
341 2381 371 2405 et
397 2375 471 2406 alibi
488 2376 562 2407 facit
577 2389 582 2405 z
609 2387 752 2418 eamque,
777 2388 846 2419 quae
916 2380 1101 2421 vuluijbrtis
1116 2386 1143 2409 et
1160 2381 1217 2418 ipse
1233 2390 1338 2408 meam.
1367 2377 1494 2418 elegans
1511 2390 1582 2410 vero

184 2424 263 2455 Jasii
287 2424 356 2459 fuit,
383 2425 557 2456 Schoene‘ida
580 2433 680 2456 vocat.
726 2427 776 2458 De
801 2427 848 2457 his
915 2439 989 2458 usus
1005 2428 1088 2459 verbi
1114 2429 1222 2457 valere.
1246 2426 1289 2456 ita
1312 2427 1410 2457 valere
1432 2428 1464 2457 in
1488 2430 1582 2458 scelus

185 2472 303 2514 prolixe
319 2473 534 2503 annotavimus
557 2474 633 2504 libro
653 2479 763 2505 octavo
776 2476 847 2506 Me-
915 2476 1056 2518 Propert.
1073 2475 1114 2506 iv.
1132 2475 1183 2506 vii.
1200 2476 1253 2506 68.
1300 2475 1419 2505 Bumu.

185 2522 427 2563 tamorphoseos,
443 2521 474 2551 in
491 2523 653 2553 venatione
669 2524 733 2565 apri
751 2524 846 2566 Caly·
958 2526 1009 2555 29.
1036 2525 1199 2555 Minimum
1225 2527 1260 2554 tle
1285 2525 1367 2563 plebe
1396 2524 1577 2564 Quiritem]

185 2570 284 2601 donii:
309 2570 382 2601 inde
396 2576 497 2612 petaS,
511 2570 627 2612 siquid
644 2572 776 2614 amplius
792 2584 845 2603 vo-
916 2573 1036 2614 Regius
1066 2579 1096 2603 et
1127 2572 1365 2614 Neapolitanus,
1395 2573 1518 2602 minima
1544 2574 1581 2602 ‹Ie

183 2620 238 2651 les.
262 2620 451 2651 chYLLus.
497 2620 579 2651 Vide
595 2621 705 2652 Heius.
729 2622 769 2652 ad
792 2623 847 2653 Sa-
913 2623 1005 2661 plebe.
1028 2622 1111 2664 quod
1128 2633 1187 2652 non
1200 2621 1420 2664 spernendum,
1434 2621 1492 2652 nisi
1509 2621 1579 2662 quis

185 2669 251 2700 bini
267 2669 369 2711 Epist.
386 2668 405 2699 i.
421 2670 473 2700 33.
916 2670 1014 2707 malit,
1043 2672 1140 2702 media.
1166 2673 1203 2701 ‘de
1236 2670 1326 2711 plebe.
1363 2669 1407 2701 ita
1436 2670 1519 2701 Fast.
1549 2681 1578 2701 v.

232 2718 281 2749 17.
305 2718 365 2755 Sic,
379 2720 438 2749 nisi
459 2720 573 2749 vittatis
589 2722 664 2760 quod
680 2726 755 2755 crat,
774 2715 850 2750 Cas-⁸
914 2720 968 2750 20.
