1849 3198
208 203 293 245 120

214 318 323 367 Nec
348 320 480 367 venit
504 320 716 377 incultis,
743 326 998 384 captarum
1023 336 1173 375 more,
1201 320 1407 384 capillis,

592 205 642 245 P.
677 204 887 246 OVIDII
921 205 1198 247 NASONIS

1495 323 1585 368 125

282 395 549 446 Fortunam
565 399 728 445 vultus
752 397 883 445 fassa
904 398 1118 460 tegendo
1143 414 1274 445 suos.

215 472 494 535 Ingreditur
516 469 614 522 late
637 476 735 522 lato
761 474 1044 538 spectabilis
1070 490 1215 522 auro:

280 549 502 605 Qualiter
525 552 574 599 in
600 551 821 616 Phrygia
842 558 896 598 tu
918 567 1119 614 quoque
1144 552 1305 599 cultus
1330 567 1454 599 eras.

214 721 249 747 ut
271 726 320 748 me
344 717 443 748 inscia
465 717 580 760 pellice
604 718 650 749 uti
672 719 790 759 possis?
811 718 868 748 mi-

215 766 298 797 nime
311 778 320 806 ;
342 766 436 798 immo
451 778 523 798 vero
534 768 626 809 jubes
641 778 721 804 eam,
736 778 791 809 per
805 778 869 798 me-

215 814 299 847 diam
323 817 432 848 urbem
452 817 671 859 triumphantis
691 817 792 853 modo,
816 827 871 858 per

216 875 270 896 ora
306 866 444 897 omnium
480 866 683 898 circumduci.
728 865 870 907 sequenti

216 925 306 946 versu
319 915 351 945 in
363 915 555 947 Scriveriano
568 921 644 953 erat,
655 917 870 955 conspicienda,

217 963 301 1005 quod
322 965 416 996 etiam
436 971 511 1007 puto
535 965 701 1001 efficacius,
718 964 792 1006 quia
813 964 870 995 hoc

217 1013 311 1043 verbo
338 1013 440 1056 aptius
473 1014 636 1045 admiratio
663 1019 871 1056 spectatorum

218 1061 409 1102 exprimitur,
425 1062 479 1104 qui
495 1062 643 1094 notabilia
657 1062 784 1093 intentis
799 1072 871 1092 ocu-

218 1109 256 1140 lis
266 1115 418 1151 spectant,
428 1121 497 1152 quae
509 1122 592 1142 nunc
604 1111 759 1142 Deianira
770 1110 874 1142 invitis

220 1158 359 1190 videbat.
377 1159 412 1191 ii.
430 1161 514 1191 Fast.
529 1162 604 1192 309.

264 1207 331 1238 Ibat
342 1211 471 1240 odoratis
482 1210 614 1240 humeros
624 1208 746 1250 perfusa
759 1209 876 1248 capillis

307 1257 439 1294 DIaeouis,
455 1265 562 1288 aurato
576 1259 782 1298 conspicienda
796 1259 875 1287 sinu.

220 1304 327 1337 Livius
342 1307 405 1337 xxi.
423 1308 454 1338 4.
504 1307 617 1338 Vestitu
640 1308 718 1337 nihil
737 1309 817 1337 inter
838 1318 875 1336 cr-

219 1357 320 1396 quales
339 1358 489 1393 eacellens,
505 1369 589 1387 arma
611 1364 699 1398 atque
721 1358 787 1397 equi
809 1367 876 1387 con—

220 1405 432 1443 spiciebantur.
456 1411 487 1436 et
500 1405 544 1436 ita
559 1406 673 1436 Noster
688 1410 719 1435 et
737 1403 790 1436 alii
805 1415 876 1447 pas-

222 1452 293 1484 sim.
334 1454 523 1494 Inspicienda
551 1455 670 1485 Douzae
697 1453 807 1490 codex,
838 1454 877 1485 de

222 1512 283 1543 quo
298 1503 392 1534 verbo
407 1503 477 1534 vide
494 1504 534 1534 ad
549 1505 674 1535 Petron.
719 1504 834 1535 BunM.

269 1553 340 1584 125.
367 1553 431 1584 Nec
461 1557 540 1585 venit
570 1556 693 1584 incultis
723 1561 879 1594 captarum

222 1611 302 1631 more
323 1603 450 1642 capillis,
480 1603 648 1633 Fortunam
672 1604 775 1633 vultus
790 1604 879 1644 jassa

224 1653 347 1692 tegendo
375 1651 467 1691 suos]
506 1650 751 1687 Eruditissimus,
781 1657 812 1681 et
839 1652 879 1682 ad

224 1697 324 1729 omnis
352 1699 524 1741 disciplinae
555 1699 681 1730 laudem
708 1705 810 1736 natus,
839 1700 877 1730 P.

224 1748 373 1779 Melissus
394 1749 561 1791 legendum
581 1754 688 1791 putat:
714 1749 880 1780 Fortunam

225 1799 315 1829 vultu
319 1799 407 1840 fassa
423 1805 537 1830 tacente
548 1810 642 1830 suam,
657 1798 724 1830 vel:
743 1798 881 1830 Fortuna

225 1849 343 1878 vultzun
359 1849 448 1890 fasce
478 1855 592 1891 tegente
617 1860 720 1879 suum:
755 1848 809 1879 sed
840 1849 879 1880 ad

226 1897 357 1939 priorem
371 1897 535 1928 lectionem
549 1898 649 1939 magis
663 1898 805 1929 inclinat.
843 1899 880 1929 In

226 1945 413 1988 quibusdam
428 1946 496 1978 aliis
518 1946 674 1989 impressis
696 1952 753 1984 est,
771 1947 880 1978 Fortu-

226 2006 296 2025 nam
319 1997 406 2026 vultu
419 1996 507 2037 fitssa
531 2003 645 2037 tegente
659 2008 721 2026 suo.
767 1997 805 2027 In
820 2008 882 2028 uno

227 2044 332 2076 Vatic.
356 2044 522 2075 Fortunam
537 2045 744 2087 vultumfussa
761 2049 882 2087 tegendo

226 2103 325 2123 suum.
349 2092 387 2123 In
401 2093 509 2129 altero,
524 2093 688 2124 Fortunam
701 2095 882 2136 vullufassu

228 2143 351 2182 tegendo
379 2152 474 2172 suam.
506 2152 601 2183 quam
629 2142 794 2173 lectionem
821 2155 883 2175 una

228 2201 300 2221 cum
322 2190 449 2222 Clariss.
487 2191 643 2222 Ciaccono
666 2202 770 2222 veram
794 2198 881 2233 puto.

229 2239 388 2270 Gerundio
404 2239 434 2270 in
449 2242 485 2270 (lo
502 2239 585 2270 brevi
603 2240 699 2270 utitur
713 2246 743 2270 et
754 2240 883 2272 Germa-

231 2289 318 2320 nicus
331 2288 436 2319 Caesar
451 2289 508 2319 hoc
525 2298 628 2319 versu:

274 2338 369 2372 Quem
393 2339 466 2368 tiber
488 2339 630 2379 ignarum
651 2337 884 2379 ca-lijin7na71tlo

315 2389 448 2418 docebat.

231 2436 272 2466 Et
282 2435 440 2467 Ausonius
452 2447 458 2465 :

276 2485 348 2519 Qua*
363 2487 450 2522 nosti,
464 2487 633 2516 meditando
648 2486 718 2515 ‘celis
733 2486 887 2515 inolescere

317 2536 420 2565 menti.
750 2534 843 2565 C10F.

235 2583 354 2614 Unicus
378 2582 427 2613 hic
452 2587 499 2613 est
524 2582 661 2613 Nasonis
677 2583 775 2619 locus,
800 2588 885 2625 puto,

234 2631 287 2673 qui
312 2636 497 2673 postremam
524 2631 555 2661 in
578 2631 727 2672 gerundio
752 2631 886 2673 corripit,

234 2691 296 2721 quo
317 2680 411 2712 ctiam
436 2679 558 2711 nomine
575 2686 737 2722 suspectus
752 2686 808 2712 est.
831 2681 886 2712 etsi

232 2728 444 2761 Tibullianum
457 2729 539 2760 hunc
555 2728 651 2761 citant
664 2730 883 2761 Grammatici:

980 718 1079 759 Aufer
1104 725 1132 748 et
1159 720 1216 758 ipse
1244 729 1338 749 meum
1360 719 1476 758 pariter
1498 718 1591 748 medi-

1021 769 1114 798 cando
1130 768 1269 798 dolorem.

938 816 1030 848 Certe
1053 817 1176 847 codices
1200 817 1319 858 antiqui
1343 816 1455 847 mirum
1476 815 1509 846 in
1527 826 1592 846 mo-

937 864 1012 896 dum
1027 876 1045 896 a
1060 866 1187 907 vulgata
1199 866 1332 896 lectione
1348 864 1525 896 discedunt.
1538 875 1593 906 pro

938 926 1000 956 qua
1013 920 1118 945 tamen
1131 925 1202 945 cum
1218 914 1270 945 alii
1286 914 1439 951 nonnulli,
1452 919 1517 944 tum
1531 914 1593 944 Pu-

937 969 1068 994 teaneus
1090 969 1183 1000 stant,
1202 964 1260 994 nisi
1282 963 1364 1005 quod
1383 962 1415 993 in
1430 973 1466 993 eo
1489 973 1593 993 emen—

938 1013 1057 1048 datum,
1071 1013 1157 1055 falso
1180 1019 1294 1055 tegente
1316 1024 1412 1043 suam.
1458 1010 1595 1048 Quidam

939 1062 998 1093 hoe
1027 1073 1088 1093 uno
1116 1073 1135 1093 a
1160 1062 1295 1104 vulgatis
1323 1061 1480 1098 differunt,
1509 1059 1594 1102 quod

930 1112 1029 1153 falsa,
1053 1117 1107 1143 aut
1117 1112 1212 1154 fessa,
1230 1122 1285 1154 pro
1298 1111 1387 1153 fassa
1409 1115 1593 1152 agnoscunt.

941 1162 1031 1192 Forte
1046 1167 1149 1203 posset
1163 1160 1242 1202 legi:

987 1211 1154 1241 Fortunam
1168 1211 1258 1240 vultu
1263 1210 1352 1252 fassa
1360 1212 1490 1250 pudente
1502 1219 1596 1239 suam.

942 1259 1003 1290 Vel
1029 1266 1181 1295 tremente,
1205 1258 1266 1290 alio
1291 1260 1379 1290 vultu
1402 1265 1496 1300 atque
1525 1262 1596 1288 ante

943 1308 1156 1351 captivitatem
1168 1314 1245 1344 erat,
1257 1308 1294 1338 ob
1307 1307 1455 1350 pudorem
1465 1306 1597 1348 dejecto,

943 1358 993 1389 vel
1016 1364 1179 1388 tremente.
1203 1368 1275 1388 nam
1295 1357 1333 1388 de
1348 1358 1486 1399 fortunae
1510 1356 1596 1386 vultu

943 1413 1014 1438 sunt
1028 1406 1159 1437 somnia.
1175 1406 1218 1437 iv.
1235 1407 1325 1437 Trist.
1341 1407 1374 1437 ii.

989 1456 1030 1486 Et
1055 1463 1155 1486 cernet
1178 1457 1281 1486 vultus
1308 1457 1377 1486 aliis
1397 1467 1452 1496 pro
1472 1461 1598 1494 tempore

1071 1515 1175 1541 versos,

1034 1553 1191 1585 Terribiles
1205 1555 1274 1584 aliis
1289 1556 1518 1593 immemoresque
1531 1554 1589 1583 sui.

946 1602 1063 1633 Douzae
1079 1603 1177 1633 codex
1191 1603 1338 1639 habebat,
1353 1602 1518 1632 Fortunam
1531 1602 1597 1632 vut-

948 1652 1073 1693 tufassa
1089 1659 1202 1694 tegente.
1216 1664 1320 1683 manu.
1366 1652 1482 1682 BunM.

992 1702 1064 1732 127.
1090 1701 1266 1743 Ingreditur
1294 1703 1352 1732 late
1374 1702 1468 1731 multo
1488 1707 1599 1740 spectu-

947 1752 1013 1781 ln'Iis
1026 1751 1128 1792 auro]
1145 1750 1229 1781 Libri
1244 1757 1362 1782 veteres
1375 1752 1433 1781 late
1448 1751 1508 1780 lato
1522 1761 1601 1789 spec-

948 1802 1047 1831 tabilis
1069 1812 1153 1831 (ιω-υ.
1176 1807 1208 1831 et
1227 1806 1322 1836 recte,
1346 1806 1381 1830 ut
1394 1800 1459 1841 jam
1480 1799 1599 1830 monui.

947 1855 1050 1891 posset
1075 1849 1273 1880 nihilominus
1299 1851 1381 1879 lauto
1405 1849 1500 1879 etiam
1529 1859 1602 1879 auro

948 1897 1023 1939 legi.
1046 1897 1101 1929 sed
1115 1903 1240 1939 praestat
1254 1897 1351 1940 prius.
1378 1898 1464 1928 Pers.
1481 1898 1545 1928 Sat.
1557 1897 1600 1928 iv.

949 1947 1005 1977 Sed
1030 1948 1089 1977 lato
1108 1948 1220 1977 balteus
1242 1958 1316 1977 auro
1339 1947 1494 1988 Proetegit.
1518 1945 1602 1987 quod

948 2006 986 2026 ex
1009 1995 1063 2026 illo
1084 1996 1225 2027 Maronis
1248 1995 1304 2027 lib.
1330 2008 1361 2027 v.
1390 1997 1464 2027 312.
1494 1996 1602 2027 adum·

948 2045 1090 2076 bratum:

1078 2094 1153 2124 Lato
1167 2105 1251 2134 quam
1261 2095 1516 2134 circumplectitur
1529 2105 1604 2125 auro

1035 2143 1171 2173 Balteus.

949 2191 1097 2223 Juvenal.
1111 2192 1177 2222 Sat.
1193 2191 1235 2222 vi.
1251 2192 1325 2222 480.

994 2242 1056 2271 Aut
1087 2242 1180 2271 latum
1208 2242 1293 2281 picta?
1324 2243 1409 2272 vestis
1437 2243 1602 2272 considerat

1035 2301 1156 2319 aurum.

952 2339 992 2368 Et
1005 2338 1068 2369 Sat.
1085 2349 1115 2368 x.
1126 2339 1179 2369 27.

1000 2387 1076 2417 Lato
1091 2388 1225 2418 Setinum
1239 2390 1353 2419 ardebit
1374 2390 1406 2418 in
1426 2399 1513 2418 auro.

1442 2438 1560 2469 Hfflxs.

953 2486 1035 2516 Met.
1053 2485 1093 2516 vi.
1108 2486 1181 2517 567.

1282 2534 1431 2565 Velamina
1449 2535 1564 2565 Procne

998 2583 1117 2622 Dert'pit
1142 2594 1176 2613 eil?
1199 2585 1336 2620 humeris,
1361 2584 1606 2626 ‹rurofulgentia

1040 2633 1111 2662 Iulo.
1296 2663 1301 2670 ,

956 2682 1058 2713 Voces
1074 2687 1176 2712 autem
1193 2684 1362 2723 ingreditur
1373 2688 1404 2712 ct
1420 2683 1477 2713 late
1493 2682 1606 2713 securi-

955 2736 1051 2762 tatem
1071 2736 1102 2761 et
1124 2730 1248 2766 fastum,
1264 2742 1331 2772 quae
1357 2731 1481 2763 minime
1501 2737 1609 2773 captas
