1849 3198
575 181 861 225 AMORUM
892 181 1014 223 LIB.
1047 180 1140 223 ΙΙΙ.
1171 182 1213 223 ’7.

1525 182 1611 223 421

216 297 286 345 At
309 314 422 361 quae
449 314 546 344 non
572 298 726 346 tacita
751 297 954 345 formavi
974 297 1156 360 gaudia
1179 297 1373 344 mente!

284 374 422 428 Quos
448 391 540 437 ego
565 391 664 421 non
688 375 810 421 finxi
835 375 1160 438 disposuique
1184 373 1386 421 modos!

218 451 404 499 Nostra
426 459 593 499 tamen
612 454 832 516 jacuere,
858 452 992 500 velut
1016 459 1331 515 praemortua,
1358 451 1584 498 membra

282 528 527 592 Turpiter,
549 529 784 576 hesterna
810 528 1120 590 languidiora
1143 528 1269 583 rosa,
1540 530 1603 574 66

216 603 340 658 Quae
366 621 496 652 nunc
522 622 641 653 ecce
665 605 827 668 rigent
851 604 1215 668 intempestiva,
1242 605 1531 666 valentque:

281 681 329 727 N
335 698 430 728 unc
457 698 582 745 opus
607 689 889 746 exposcunt
911 681 1239 743 militiamque
1264 696 1422 727 suam.

215 756 348 812 Quin
373 758 483 805 istic
508 758 802 822 pudibunda
815 759 972 821 jaceS‚
999 774 1113 821 pars
1139 758 1359 821 pessima
1382 756 1535 803 nostri
1553 773 1568 813 ;μ

282 834 366 881 Sic
392 852 502 881 sum
527 835 759 899 pollicitis
784 842 962 898 captus
987 841 1038 882 et
1062 841 1176 881 ante
1200 834 1315 880 tuis.
1539 836 1602 884 70

213 910 289 958 Tu
314 912 564 959 dominam
589 912 714 959 fallis
729 901 867 976 :fiper
891 919 940 959 te
964 912 1239 976 deprensus
1265 910 1465 957 inermis

279 987 460 1036 Tristia
484 1005 598 1036 cum
622 971 803 1052 magno
827 989 1010 1036 damna
1033 988 1223 1052 pudore
1245 987 1353 1034 tuli.

214 1063 357 1112 Hanc
384 1066 533 1114 etiam
554 1083 652 1113 non
677 1074 754 1113 est
778 1082 891 1114 mea
914 1065 1184 1128 dedignata
1209 1063 1379 1128 puella¹

280 1141 500 1190 Molliter
524 1143 723 1190 admota
747 1142 1011 1193 sollicitare
1035 1158 1202 1193 manu,

215 1218 315 1266 Sed
339 1227 606 1283 postquam
632 1220 791 1267 nullas
816 1235 1116 1282 consurgere
1140 1234 1288 1283 posse
1313 1233 1401 1282 per
1425 1224 1574 1272 artes,

280 1295 732 1360 Immemoremque
757 1297 833 1357 Sui
857 1296 1183 1361 procubuisse
1208 1295 1365 1348 videt;
1537 1296 1599 1341 76

213 1372 345 1427 Quid
370 1390 450 1420 me
474 1375 619 1430 ludis,
648 1374 892 1438 aia-quis
917 1382 982 1431 te,
1010 1375 1138 1421 male
1164 1389 1298 1428 sane,
1321 1372 1532 1435 jubebat

278 1450 495 1499 Invitum
520 1459 687 1499 nostro
713 1443 897 1515 'ponere
922 1452 1146 1499 membra
1169 1450 1309 1498 toro?

211 1526 314 1574 Aut
337 1534 386 1574 te
410 1528 631 1591 trajectis
657 1528 795 1576 AEaea
818 1529 1038 1576 venefica
1060 1527 1185 1574 lanis

280 1604 527 1655 Devovet:
566 1612 651 1652 aut
676 1605 769 1653 alio
794 1606 954 1653 lassus
980 1621 1144 1652 amore
1169 1603 1323 1653 venis,
1537 1606 1600 1649 80

213 1681 259 1727 N
266 1697 322 1728 ec
347 1677 510 1730 morai
550 1682 751 1729 desiluit
774 1682 942 1729 tunica
965 1682 1128 1729 velata
1151 1680 1394 1728 recincta:

279 1757 345 1805 Et
369 1759 537 1807 decuit
559 1759 717 1806 nudos
743 1759 1044 1822 proripuisse
1070 1758 1241 1822 pedeS.

210 1931 260 1962 De
275 1930 422 1973 Thamyri
445 1941 463 1964 a
478 1931 580 1963 Musis
604 1938 724 1963 coecato
745 1943 781 1962 ex
798 1932 870 1974 My-

209 1980 342 2021 thologis
365 1987 437 2012 nota
459 1980 574 2012 sabula.
620 1980 794 2011 videantur
816 1981 871 2011 Ze-

211 2028 332 2065 nobius,
348 2035 379 2059 et
392 2029 585 2071 Apostolius,
601 2029 632 2059 in
645 2028 786 2071 Θάμυρις
794 2030 870 2071 μαί-

208 2090 311 2110 νεται.
356 2079 450 2109 Hunc
477 2078 702 2109 Philammonis
727 2085 758 2109 et
778 2078 870 2119 Argi-

207 2138 283 2169 opes
298 2128 396 2158 fllium
412 2128 618 2169 Apollodorus
629 2128 661 2158 in
673 2128 872 2159 Bibliotheca

210 2177 295 2213 facit,
318 2176 370 2218 qui
393 2188 496 2207 amore
521 2176 693 2218 Hyacinthi
719 2177 870 2217 flagravit,

210 2235 246 2255 ac
263 2225 379 2266 primus
393 2224 524 2256 Veneris
538 2226 686 2256 masculae
708 2225 749 2256 sit
763 2225 870 2256 inven-

209 2281 266 2305 tor.
311 2275 361 2305 De
382 2281 468 2316 patre
495 2285 565 2305 cum
581 2274 771 2316 Apollodoro
793 2285 868 2305 con-

209 2323 346 2354 sentiunt
357 2324 546 2354 Scholiastes
559 2324 684 2354 Homeri
697 2330 728 2354 et
746 2323 870 2354 Phavo-

209 2373 294 2403 rinus
310 2373 340 2402 in
356 2373 481 2403 Lexico.
526 2373 586 2403 Sed
604 2373 687 2414 apud
704 2378 869 2413 utrumque

210 2421 290 2451 male
303 2421 446 2452 scribitur
463 2433 469 2451 z
490 2421 594 2458 Οὗτος
605 2423 685 2458 παῖς
696 2420 737 2459 ἦν
749 2420 869 2463 Φιλάμ-

207 2482 315 2511 μωνος
342 2472 396 2501 καὶ
418 2470 548 2512 Ἀρσίου
572 2474 633 2509 τῆς
655 2470 793 2512 νύμφης,
814 2481 869 2512 pro

208 2518 399 2561 ’Λργιόπης.
445 2520 561 2549 Ilmxs.

252 2569 304 2599 66.
329 2568 479 2599 Hesterna
492 2570 671 2610 languidum
683 2568 778 2608 rosa]
798 2569 869 2598 Ele-

208 2623 318 2659 ganter
341 2617 491 2648 hesternae
516 2629 591 2648 rosae
620 2624 778 2660 comparat
802 2618 868 2648 lan-

210 2666 307 2705 guida
318 2677 374 2697 sua
385 2668 573 2703 nicnibra‚et
584 2674 703 2698 mortua
718 2679 723 2696 :
744 2668 787 2697 ita
800 2666 869 2708 ἡμι-

211 2717 319 2753 &amic
343 2715 518 2757 στεφάνους
541 2716 618 2747 dixit
635 2717 733 2747 Po'e'ta
757 2716 788 2747 in
804 2717 868 2746 An-

940 1933 1017 1963 thol.
1034 1932 1088 1963 lib.
1103 1931 1150 1962 iii.
1167 1940 1236 1971 cap.
1252 1928 1309 1960 xii.
1324 1938 1399 1970 pag.
1413 1928 1486 1959 340.
1503 1933 1534 1958 et
1547 1926 1600 1958 Ci-

939 1991 1082 2012 ceronem
1105 1990 1160 2022 pro
1175 1978 1282 2009 Gallio
1297 1988 1418 2007 coronas
1435 1978 1600 2018 languidu-

941 2031 984 2060 [τις
1011 2029 1137 2064 dixisse,
1166 2037 1244 2068 quas
1268 2025 1456 2056 Plutarchus
1485 2026 1602 2062 ἑώλους

939 2079 1072 2113 vocavit,
1087 2076 1264 2108 observavit
1279 2076 1396 2106 Victor.
1442 2075 1468 2105 B
1475 2086 1558 2105 υιιΜ.

982 2129 1035 2159 79.
1062 2126 1182 2166 Latiis]
1208 2125 1301 2161 Quod
1318 2130 1423 2155 autem
1446 2123 1478 2154 in
1493 2124 1598 2166 hujus-

939 2177 1022 2208 modi
1048 2175 1188 2217 Cocytiis
1210 2174 1306 2205 sacris
1331 2174 1404 2203 lana
1428 2178 1599 2209 uterentur,

938 2225 1074 2257 ostendit
1092 2231 1123 2256 et
1137 2222 1319 2254 Theocritus
1341 2222 1374 2252 in
1389 2221 1599 2253 Pharmaceu-

939 2275 999 2306 tria
1021 2275 1075 2305 illo
1092 2274 1292 2305 hexametro:
1318 2270 1445 2312 Στέψον
1467 2272 1529 2302 τάν
1553 2283 1599 2302 κε-

937 2323 1043 2364 λέβαν
1057 2321 1201 2365 φοινικέῳ
1220 2321 1286 2359 οἰὸς
1300 2320 1406 2361 ἀώτῳ.
1450 2321 1601 2353 BIAnrrs.

937 2374 980 2405 Τὸ
998 2375 1074 2403 lanis
1090 2383 1151 2402 non
1174 2382 1240 2402 esse
1263 2370 1460 2405 mutandum,
1475 2376 1506 2400 et
1529 2371 1599 2411 capi

937 2422 1050 2452 debere
1064 2421 1104 2452 de
1120 2419 1218 2450 laneis
1231 2418 1429 2460 imaginibuS‚
1446 2429 1524 2459 quas
1539 2429 1599 2450 acu

937 2470 1155 2501 transsuebant
1169 2479 1263 2509 sagae,
1279 2478 1371 2509 supra
1386 2467 1521 2497 diximus
1539 2467 1598 2497 hac

936 2520 1004 2561 ipsa
1033 2519 1144 2559 Elegia
1172 2518 1211 2548 ad
1241 2528 1322 2548 vers.
1353 2518 1404 2547 29.
1450 2516 1599 2553 Fortassis

937 2576 1052 2603 tamen,
1081 2569 1214 2607 trqjectis
1241 2567 1347 2596 lamnis
1373 2565 1597 2606 reponendum.

937 2623 971 2647 ut
998 2616 1037 2646 de
1065 2615 1189 2646 laminis
1217 2615 1362 2644 litteratis
1389 2624 1444 2643 scu
1475 2613 1599 2643 tabellis

938 2665 1093 2707 plumbeis
1103 2664 1306 2705 intelligatur,
1317 2663 1354 2693 de
1366 2662 1479 2704 quibus
1495 2662 1599 2703 paullo

938 2721 1009 2746 ante
1025 2715 1202 2755 agebamus.
1249 2714 1367 2743 mes.

979 2770 1070 2799 liet}
