1849 3198
217 201 270 238 xii
651 198 695 235 P.
727 199 917 237 OVIDII
946 199 1200 239 NASONIS

319 309 417 355 Quae
436 308 554 360 prosit
573 308 696 358 pietas
716 308 862 346 utinam
883 309 990 353 mihi,
1011 309 1138 360 sitque
1156 310 1342 348 malorum

370 371 397 408 J
400 385 459 409 am
478 370 626 413 modus,
647 378 686 409 et
705 384 819 409 sacrae
837 371 965 409 mitior
983 372 1039 410 ira
1058 372 1190 412 domus
1208 376 1216 410 !

216 512 278 554 Et
298 513 341 553 in
365 511 531 560 eodem,
556 509 697 565 Epist.
725 510 781 552 ix.
807 525 962 553 numen
987 511 1176 568 Augusti
1203 522 1342 569 rogat,
1372 522 1418 556 ut
1446 515 1526 556 sibi
1553 515 1615 570 ig-

212 586 427 629 noscatur,
449 578 688 633 praesertim
716 591 811 619 cum
836 578 890 619 de
922 577 993 619 illo
1018 593 1128 619 novo
1152 579 1251 621 Deo
1282 581 1396 623 facto
1424 581 1613 624 libellum

213 647 444 702 scripserit.
508 644 586 686 Ait
606 645 743 687 enim:

316 767 379 806 Tu
397 774 500 805 certe
517 767 588 805 scis
607 766 700 812 haec,
719 767 868 818 superis
887 768 1043 814 adscite,
1062 769 1258 821 videsque,

368 831 507 874 Caesar,
527 836 572 867 ut
591 837 649 868 est
668 830 786 869 oculis
805 831 960 870 subdita
978 838 1081 870 terra
1099 832 1190 870 tuis.

316 893 379 930 Tu
395 899 540 930 nostras
559 891 668 930 audis
687 892 788 930 inter
808 906 979 931 convexa
997 893 1144 931 locatus

368 954 500 992 Sidera
522 953 684 992 sollicito
702 967 796 1004 quas
814 954 947 992 damus
966 968 1029 993 ore
1048 968 1190 1006 preces.

314 1016 547 1055 Pervenient
566 1015 658 1053 illuc
677 1023 716 1054 et
736 1016 904 1054 carmina
923 1017 1080 1054 forsitan
1100 1016 1167 1054 illa

367 1079 465 1126 Quae
484 1079 531 1117 de
550 1086 590 1117 te
608 1080 741 1130 scripsi
760 1079 889 1118 coelite
912 1080 1013 1118 facta
1031 1093 1139 1118 novo.

312 1143 494 1193 Auguror
512 1143 570 1180 his
588 1142 709 1193 igitur
729 1143 830 1181 flecti
848 1150 917 1181 tua
935 1143 1093 1180 numina
1109 1157 1117 1179 :
1147 1155 1217 1180 nec
1235 1149 1281 1180 tu

367 1205 563 1243 Immerito
581 1218 718 1243 nomen
736 1205 831 1242 mite
850 1206 1019 1256 parentis
1038 1205 1165 1243 habes.

268 1325 449 1379 Scripsit
467 1330 564 1365 ante
585 1322 780 1364 exsilium
801 1323 1045 1364 Heroidum
1066 1322 1285 1377 Epistolas
1307 1322 1531 1377 plurimas3
1555 1323 1609 1364 de

209 1392 443 1434 Amoribus
474 1391 529 1432 ad
558 1390 787 1432 Corinnam
814 1389 946 1431 libros
977 1405 1015 1430 v.
1047 1404 1154 1443 quos
1183 1397 1335 1444 postea
1365 1389 1610 1445 diligentius

206 1459 449 1514 recognitos
469 1459 513 1498 in
533 1465 618 1498 tres
640 1457 822 1511 redegit,
845 1456 963 1510 quod
985 1457 1043 1497 sic
1065 1456 1156 1510 ipse
1178 1457 1220 1497 in
1241 1457 1267 1498 i.
1292 1458 1548 1498 eorundem:

311 1594 391 1641 Qui
410 1593 521 1630 modo
541 1592 706 1630 Nasonis
726 1593 920 1630 fueramus
939 1591 1109 1642 quinque
1129 1591 1264 1637 libelli,

365 1656 461 1693 Tres
480 1669 632 1693 sumus:
663 1655 732 1692 hoc
751 1654 808 1691 illi
826 1654 999 1704 praetulit
1019 1661 1149 1691 auctor
1169 1668 1275 1705 opus.

208 1799 279 1840 De
308 1797 417 1838 Arte
438 1794 625 1836 Amandi
648 1794 779 1835 libros
810 1802 921 1843 tres3
955 1794 1009 1836 de
1032 1795 1245 1836 Remedio
1273 1793 1446 1835 Amoris
1475 1792 1607 1836 libros

207 1867 320 1914 duo3
353 1863 775 1905 Transmutationum
798 1861 929 1903 libros
951 1863 1220 1917 quindecim:
1254 1877 1377 1916 quos,
1400 1861 1500 1916 quia
1520 1875 1607 1903 non

208 1932 522 1979 emendaverat,
541 1936 630 1970 tum
657 1929 803 1979 iratus,
826 1936 874 1970 ut
895 1930 986 1984 ipse
1008 1930 1080 1979 ait,
1105 1929 1245 1971 studio
1263 1929 1606 1983 carminibusque

207 2000 306 2048 suis,
338 2013 434 2039 cum
464 1997 625 2038 Tomos
656 1996 936 2051 relegaretur,
968 2013 1043 2039 sua
1074 2012 1201 2038 manu
1233 1997 1478 2046 combussit,
1509 2011 1606 2038 cum

207 2066 298 2107 aliis
333 2065 589 2120 quibusdam
623 2063 854 2118 placituris.
933 2064 1021 2105 Sed
1057 2065 1156 2118 quia
1197 2064 1401 2118 exscripti
1436 2063 1605 2104 fuerant

207 2141 305 2174 ante
341 2132 530 2187 plurimis
570 2129 790 2184 exemplis,
828 2130 997 2171 omnino
1033 2130 1195 2172 aboleri
1230 2145 1315 2172 non
1355 2137 1602 2185 potuerunt.

208 2201 336 2242 Unde
359 2200 431 2248 sic,
455 2199 497 2238 in
518 2197 649 2238 Trist.
675 2197 729 2237 iii.
756 2196 882 2251 Eleg.
908 2197 999 2237 xiv:

314 2366 414 2402 Sunt
434 2377 582 2414 quoque
602 2370 758 2400 mutatae
776 2370 835 2400 ter
854 2364 1022 2414 quinque
1041 2364 1234 2402 volumina
1254 2365 1394 2408 formae,

365 2427 543 2463 Carmina
563 2425 609 2462 dc
629 2425 769 2462 domini
788 2426 923 2464 funere
943 2434 1050 2476 rapta
1069 2427 1140 2464 sui.

312 2489 415 2526 Illud
435 2502 528 2539 opus
548 2489 686 2538 potuit,
707 2489 738 2525 si
758 2502 832 2525 non
851 2489 957 2538 prius
977 2489 1057 2539 ipse
1078 2489 1272 2538 perissem,

364 2551 517 2588 Certius
536 2565 557 2587 a
576 2564 723 2587 summa
743 2564 879 2588 nomen
898 2552 1037 2589 habere
1057 2565 1184 2589 manu.

312 2613 351 2649 N
356 2626 429 2650 unc
449 2613 696 2650 incorrectum
716 2614 845 2664 populi
865 2615 1039 2664 pervenit
1059 2616 1097 2651 in
1118 2628 1193 2657 ora,

364 2675 410 2710 In
431 2675 559 2724 populi
579 2675 784 2725 quidquam
805 2677 835 2714 si
856 2685 983 2715 tamen
1003 2691 1064 2716 ore
1083 2690 1212 2715 meum
1232 2684 1299 2714 est,
