1849 3198
244 194 301 235 10
633 193 683 234 P.
717 191 932 236 OVIDII
964 191 1245 235 NASONIS

243 309 404 373 Inque
429 315 515 356 tua
539 314 763 371 regnant,
790 308 936 356 nullis
962 308 1355 373 prohibentibus,
1383 309 1510 358 aula.

305 386 512 433 Viscera
535 392 717 442 nostra,
742 392 841 433 tuae
865 385 1162 433 dilaniantur
1185 403 1324 451 opes.

1568 390 1632 435 90

240 462 374 518 Quid
389 463 479 510 tibi
490 463 805 520 Pisandrum,
819 463 1187 528 Polybumque,
1202 464 1544 529 Medontaque
1559 465 1631 512 di-

305 539 710 604 Eurymachique
726 540 911 597 avidas,
929 540 1131 588 Antinoi
1148 557 1441 605 quemanus,
1483 543 1628 604 [rum,

236 615 403 680 Atque
429 618 548 664 alios
573 617 796 673 referam,
825 634 949 681 quos
975 634 1145 666 omnes
1170 619 1379 682 turpiter
1403 619 1583 666 absens

305 693 422 758 Ipse
446 702 531 742 tuo
556 696 709 759 partis
736 695 977 758 sanguine
1001 696 1148 743 rebus
1174 696 1296 743 alis?

237 771 346 818 Irus
366 788 532 834 egens,
550 773 845 836 pecorisque
864 772 1169 820 Melanthius
1188 780 1324 820 actor
1342 772 1536 829 edendi,
1566 775 1627 820 95

305 849 522 897 Ultimus
548 851 793 898 accedunt
816 851 866 897 in
889 857 976 897 tua
998 851 1180 898 damna
1203 851 1377 914 pudor.

235 925 356 974 Tres
382 944 551 974 sumus
576 928 801 977 imbelles
827 944 1046 984 numero,
1075 928 1179 975 sine
1202 928 1386 974 viribus
1410 943 1550 983 uxor,

302 1004 603 1070 Laertesque
629 1023 811 1065 senex;
841 1006 1273 1069 Telemachusque
1297 1020 1435 1068 puer.

231 1164 307 1194 bum
322 1175 471 1195 nemorosa
487 1166 682 1202 transferant,
692 1168 755 1197 alta
770 1166 892 1198 maluit.

232 1213 282 1243 Ita
307 1218 339 1243 et
367 1214 427 1244 alio
453 1215 519 1245 loco
546 1215 658 1256 Virgil.
681 1216 737 1247 lib.
759 1228 791 1248 v.
816 1218 892 1248 588.

232 1262 358 1293 Cretam
373 1264 466 1293 altam
481 1264 560 1294 dixit
572 1276 579 1294 :

236 1311 278 1342 Ut
295 1313 442 1351 quondam
462 1312 551 1343 Creta
563 1313 674 1355 fertur
690 1314 895 1355 Labyrinthus

274 1361 308 1390 in
323 1361 397 1397 alta,

233 1408 406 1440 Parietibus
420 1416 529 1441 terrum
546 1413 628 1441 circis
643 1413 712 1442 iter.

234 1458 410 1490 mesms.
449 1459 621 1491 Bochartus
640 1466 745 1492 tamen
762 1461 840 1492 libro
864 1463 891 1492 l.

231 1506 271 1537 de
287 1507 401 1538 Phoen.
419 1508 530 1539 Colon.
543 1519 613 1551 cap.
626 1511 680 1540 23.
693 1520 711 1540 a
726 1510 892 1547 montibus,

232 1555 347 1596 quibus
372 1557 506 1593 effertur,
532 1557 577 1588 ita
604 1558 665 1589 dici
695 1559 774 1590 vult.
800 1560 893 1591 Silius

230 1603 287 1634 lib.
298 1604 321 1634 i.
334 1606 410 1636 275.

233 1653 378 1684 Conditus
398 1656 505 1685 excelso
528 1658 658 1687 sacravit
679 1658 752 1688 colle
774 1658 892 1698 Zacyn-

276 1704 352 1734 thos.

233 1751 296 1782 Ubi
313 1752 374 1783 late
390 1763 458 1783 eam
474 1753 630 1791 describit,
647 1766 740 1796 quam
756 1755 891 1799 descrip-

229 1800 345 1831 tionem
361 1801 494 1833 illustrat
508 1803 643 1834 Tristan.
660 1810 734 1835 tom.
747 1804 780 1835 ii.
799 1805 890 1836 Com-

231 1856 329 1880 ment.
340 1850 457 1881 Histor.
470 1863 502 1893 p.
516 1853 591 1883 415.
631 1854 749 1884 Burin.

275 1900 328 1929 88.
357 1899 456 1930 Turba
485 1908 582 1932 ruunt
611 1904 643 1932 iii
670 1915 715 1933 ‘me
740 1904 892 1935 luxuriosa

228 1949 342 1989 proci]
370 1949 494 1991 Proprie
510 1956 539 1981 et
555 1950 831 1993 significantissime
848 1954 891 1984 lo-

229 1997 354 2037 quitur:
382 1997 482 2028 Turba
506 1998 599 2036 enim,
614 2007 649 2031 ut
673 2001 716 2031 ait
739 2001 891 2043 Ulpianus

230 2045 286 2076 lib.
307 2045 374 2077 lvii.
401 2047 441 2077 ad
464 2047 610 2079 Edictum
635 2050 683 2080 tit.
703 2050 769 2081 viii.
799 2051 837 2082 de
861 2052 890 2082 vi

230 2100 398 2136 raptorum,
407 2098 442 2126 de
455 2099 555 2128 multis
565 2100 689 2135 dicitur,
702 2100 745 2130 ita
755 2106 788 2131 ut
798 2102 890 2142 po’eta

230 2142 347 2175 indicet
371 2156 518 2186 magnum
541 2147 632 2179 fuisse
652 2159 811 2190 procorum
831 2161 888 2181 nu-

231 2202 360 2229 merum,
377 2194 430 2235 qui
446 2195 622 2237 Penelopen
638 2197 676 2227 ad
692 2197 738 2227 sui
754 2209 887 2229 amorem

229 2240 442 2273 sollicitarent.
478 2243 643 2275 Procorum
658 2256 819 2277 numerum
835 2258 888 2289 po-

230 2290 276 2319 nit
292 2290 443 2322 Homerus
455 2292 509 2323 lib.
520 2292 583 2323 xvi.
597 2294 711 2336 Odyss.
724 2295 806 2326 unde
822 2296 887 2327 haec

230 2349 378 2371 conversa
400 2348 484 2372 sunt.
532 2342 659 2384 Ulpiani
679 2346 772 2376 verba
796 2352 886 2377 sunt:

234 2388 363 2419 Turbam
386 2397 485 2421 autem
506 2402 539 2422 er
561 2403 616 2432 quo
636 2405 758 2424 numero
778 2397 887 2425 admit-

231 2439 342 2468 timus?
364 2441 389 2469 si
409 2441 469 2470 duo
488 2442 583 2471 'risum
605 2444 810 2480 commiserint,
826 2446 887 2474 vuti-

230 2497 286 2525 que
300 2498 358 2517 non
373 2490 550 2527 accipiemus
561 2492 591 2520 in
607 2492 695 2521 turba
710 2493 887 2533 idfizctum:

230 2538 298 2574 quia
325 2537 383 2566 duo
407 2539 494 2568 turba
517 2550 576 2569 ποη
595 2542 714 2579 proprie
734 2542 886 2573 dicentur.

235 2583 389 2615 Enimvero
407 2588 431 2616 si
449 2588 548 2626 plures
560 2588 707 2629 suerunt,
723 2591 818 2621 decem
833 2597 888 2621 ant

229 2634 398 2672 quindecim
412 2636 548 2673 homiues,
559 2638 645 2667 turba
657 2639 786 2669 dicetur.
806 2640 888 2674 Quid

229 2692 299 2721 ergo
312 2684 336 2711 si
353 2690 420 2720 tres,
436 2692 488 2715 uut
509 2687 660 2725 quatuor?
683 2689 769 2718 turba
785 2690 888 2728 ulique

229 2742 288 2762 non
308 2733 378 2763 erit.
424 2733 468 2765 At
490 2734 565 2776 quid
589 2734 721 2767 Ovidius
743 2736 807 2779 ipse
830 2737 886 2768 lib.

962 1165 1177 1207 Metamorph.
1190 1165 1212 1195 i.
1227 1165 1302 1196 355.
1320 1175 1422 1195 nonne
1445 1164 1567 1195 turbam
1586 1163 1626 1195 de

961 1215 1093 1250 duobus,
1115 1214 1168 1245 illo
1190 1213 1395 1250 hemistichio,
1413 1225 1462 1245 nos
1480 1215 1538 1243 duo
1559 1220 1626 1243 tur-

961 1266 996 1293 ba
1017 1275 1129 1299 sumus,
1156 1263 1258 1293 dixit?
1281 1263 1335 1293 sed
1358 1263 1519 1305 praeclare.
1565 1264 1625 1293 Os-

961 1312 1060 1344 tendit
1076 1311 1158 1343 enim
1175 1311 1413 1347 Deucalionem,
1426 1317 1457 1342 et
1472 1311 1624 1353 Pyrrham

962 1367 1092 1396 tantum,
1115 1361 1228 1392 ceteris
1254 1360 1322 1391 aliis
1344 1360 1520 1391 hominibus
1543 1359 1625 1391 dilu-

961 1409 1011 1440 vio
1040 1409 1222 1452 absumptis,
1252 1415 1287 1440 ut
1316 1410 1437 1440 turbam
1466 1409 1624 1450 quandam

959 1469 1130 1501 superesse,
1146 1457 1316 1500 praesertim
1341 1460 1378 1490 τὸ
1402 1469 1451 1488 nos
1473 1458 1589 1495 addito,
1606 1459 1625 1488 ῦ,

961 1507 1074 1548 quibus
1089 1518 1178 1538 omne
1194 1507 1353 1538 hominum
1369 1518 1467 1549 genus
1482 1512 1562 1537 esset
1577 1518 1623 1538 re-

960 1557 1145 1599 parandum.
1181 1557 1323 1588 CrorAN.

1002 1608 1057 1638 95.
1098 1607 1272 1647 Peeorisque
1302 1606 1489 1637 DIelauthius
1515 1614 1622 1637 auctor

959 1656 1092 1696 edendi]
1121 1655 1257 1686 Omnino
1277 1655 1446 1697 legendum
1466 1662 1523 1691 est,
1539 1663 1623 1686 actor

959 1705 1077 1735 edendi.
1112 1705 1247 1735 Homero
1262 1704 1293 1735 in
1311 1705 1426 1746 Odyss.
1443 1705 1557 1747 passim
1574 1706 1620 1736 di-

959 1752 1038 1784 citur
1052 1753 1238 1791 Μελάνθιος
1253 1754 1392 1792 αἰπόλος
1404 1754 1519 1796 αἶγῶι).
1535 1755 1621 1787 Auc-

959 1808 1056 1834 torem
1071 1803 1164 1834 fuisse
1180 1804 1279 1846 procis
1290 1803 1409 1846 pecoris
1421 1803 1533 1834 edendi
1549 1806 1619 1836 Me-

958 1852 1112 1884 lanthium
1122 1864 1181 1883 non
1192 1853 1333 1884 recordor
1342 1864 1389 1884 me
1401 1853 1511 1895 legisse
1518 1877 1524 1885 .
1538 1854 1621 1886 Con—

959 1903 1097 1933 firmatur
1112 1909 1215 1933 nostra
1230 1902 1322 1933 lectio
1337 1913 1356 1933 a
1371 1913 1481 1933 novem
1497 1910 1551 1934 aut
1565 1904 1619 1935 de-

960 1963 1027 1983 cem
1040 1952 1125 1983 libris
1140 1953 1259 1984 calamo
1274 1952 1420 1983 exaratis.
1433 1953 1483 1984 Ita
1494 1953 1516 1983 in
1531 1954 1616 1985 Fast.

960 2003 1037 2032 323.

1003 2051 1080 2082 Pars
1103 2053 1173 2091 quia
1194 2062 1253 2081 uon
1275 2052 1397 2081 veniant
1416 2053 1551 2090 pecudes,
1569 2053 1618 2082 sed

1043 2107 1187 2140 agantur,
1204 2101 1239 2129 ab
1254 2105 1326 2129 actu

1003 2149 1116 2179 Nomen
1132 2150 1285 2191 agouulem
1297 2150 1389 2179 credit
1408 2150 1512 2180 habere
1526 2151 1616 2182 diem.

957 2199 1009 2229 Et.
1020 2211 1051 2230 v.
1062 2200 1137 2230 547.
1146 2210 1184 2229 ex
1192 2199 1264 2229 MS.
1284 2199 1463 2239 Tirynthius
1472 2206 1567 2230 actor.
1581 2200 1616 2231 ii.

956 2248 1091 2279 Metam.

999 2298 1068 2328 Hac
1088 2299 1163 2339 agit,
1179 2304 1213 2328 ut
1232 2304 1342 2338 pastor,
1358 2309 1412 2338 per
1434 2299 1518 2329 deria
1541 2310 1617 2329 rura

1041 2349 1180 2387 capellus.

954 2394 1032 2426 Vid.
1049 2395 1082 2426 ii.
1100 2396 1184 2426 Fast.
1200 2396 1275 2427 370.
1292 2395 1336 2426 iii.
1356 2397 1409 2426 64.
1455 2397 1574 2428 mes.

997 2445 1052 2475 97.
1071 2444 1140 2475 Tres
1155 2456 1254 2476 simius
1262 2447 1388 2476 imbelles
1406 2457 1536 2483 numero,
1552 2449 1615 2478 sine

956 2495 1068 2524 viribus
1092 2506 1176 2531 uror,
1203 2495 1380 2535 La'e'rtesque
1407 2506 1502 2532 senes,
1532 2497 1612 2527 Tele-

956 2544 1132 2583 machusque
1152 2544 1258 2584 puer.)
1275 2544 1368 2574 Hunc
1386 2543 1489 2574 locum
1511 2544 1612 2576 imita-

955 2597 1006 2623 tus
1020 2599 1067 2623 est
1081 2592 1163 2623 idem
1179 2594 1297 2623 Seneca
1312 2593 1343 2624 in
1357 2592 1543 2624 Troadibus:

1084 2643 1168 2672 tur-Im
1185 2654 1247 2682 quae
1264 2650 1365 2672 sumus
1379 2653 1477 2681 super,

1000 2691 1155 2727 Tumulus,
1169 2703 1254 2731 puer,
1270 2693 1399 2731 captiva.
1437 2692 1578 2722 ClorAN.

997 2740 1052 2771 98.
1087 2740 1240 2781 Liiertes]
1273 2741 1366 2771 Pater
1393 2745 1476 2772 tuus.
1506 2741 1610 2782 Vulgo
