<?xml version="1.0" encoding="UTF-8"?>
<!DOCTYPE html PUBLIC "-//W3C//DTD XHTML 1.0 Transitional//EN"
    "http://www.w3.org/TR/xhtml1/DTD/xhtml1-transitional.dtd">
<html xmlns="http://www.w3.org/1999/xhtml" xml:lang="en" lang="en">
 <head>
  <title>
</title>
<meta http-equiv="Content-Type" content="text/html;charset=utf-8" />
  <meta name='ocr-system' content='tesseract 3.04.00' />
  <meta name='ocr-capabilities' content='ocr_page ocr_carea ocr_par ocr_line ocrx_word'/>
</head>
<body>
  <div class='ocr_page' id='page_1' title='image "./povidiinasonisop01oviduoft_0414.png"; bbox 0 0 1849 3198; ppageno 0'>
   <div class='ocr_carea' id='block_1_1' title="bbox 171 159 256 200">
    <p class='ocr_par' dir='ltr' id='par_1_1' title="bbox 171 159 256 200">
     <span class='ocr_line' id='line_1_1' title="bbox 171 159 256 200; baseline -0.012 0"><span class='ocrx_word' id='word_1_1' title='bbox 171 159 256 200; x_wconf 68' lang='lat'>:328</span> 
     </span>
    </p>
   </div>
   <div class='ocr_carea' id='block_1_2' title="bbox 566 155 1179 198">
    <p class='ocr_par' dir='ltr' id='par_1_2' title="bbox 566 155 1179 198">
     <span class='ocr_line' id='line_1_2' title="bbox 566 155 1179 198; baseline -0.003 -1"><span class='ocrx_word' id='word_1_2' title='bbox 566 157 615 197; x_wconf 90' lang='grc' dir='ltr'>Ρ.</span> <span class='ocrx_word' id='word_1_3' title='bbox 650 155 866 198; x_wconf 87' lang='lat' dir='ltr'><strong>OVIDII</strong></span> <span class='ocrx_word' id='word_1_4' title='bbox 898 155 1179 197; x_wconf 83' lang='lat' dir='ltr'>NASONIS</span> 
     </span>
    </p>
   </div>
   <div class='ocr_carea' id='block_1_3' title="bbox 664 376 1082 424">
    <p class='ocr_par' dir='ltr' id='par_1_3' title="bbox 664 376 1082 424">
     <span class='ocr_line' id='line_1_3' title="bbox 664 376 1082 424; baseline -0.002 0"><span class='ocrx_word' id='word_1_5' title='bbox 664 376 965 424; x_wconf 88' lang='lat' dir='ltr'>ELEGIA</span> <span class='ocrx_word' id='word_1_6' title='bbox 1018 377 1082 423; x_wconf 86' lang='lat' dir='ltr'>X.</span> 
     </span>
    </p>
   </div>
   <div class='ocr_carea' id='block_1_4' title="bbox 179 503 1573 1416">
    <p class='ocr_par' dir='ltr' id='par_1_4' title="bbox 180 503 1337 645">
     <span class='ocr_line' id='line_1_4' title="bbox 180 503 1337 567; baseline -0.003 -15"><span class='ocrx_word' id='word_1_7' title='bbox 180 505 353 560; x_wconf 83' lang='lat' dir='ltr'>Qualis</span> <span class='ocrx_word' id='word_1_8' title='bbox 379 505 442 552; x_wconf 87' lang='lat' dir='ltr'>ab</span> <span class='ocrx_word' id='word_1_9' title='bbox 470 503 656 551; x_wconf 68' lang='lat' dir='ltr'>Eurota</span> <span class='ocrx_word' id='word_1_10' title='bbox 682 504 916 567; x_wconf 78' lang='lat' dir='ltr'>Phrygiis</span> <span class='ocrx_word' id='word_1_11' title='bbox 943 511 1118 550; x_wconf 85' lang='lat' dir='ltr'>avecta</span> <span class='ocrx_word' id='word_1_12' title='bbox 1141 503 1337 557; x_wconf 81' lang='lat' dir='ltr'>carinis,</span> 
     </span>
     <span class='ocr_line' id='line_1_5' title="bbox 249 581 1285 645; baseline -0.003 -16"><span class='ocrx_word' id='word_1_13' title='bbox 249 582 562 645; x_wconf 82' lang='lat' dir='ltr'>Conjugibus</span> <span class='ocrx_word' id='word_1_14' title='bbox 588 582 704 629; x_wconf 89' lang='lat' dir='ltr'>belli</span> <span class='ocrx_word' id='word_1_15' title='bbox 729 597 908 628; x_wconf 86' lang='lat' dir='ltr'>caussa</span> <span class='ocrx_word' id='word_1_16' title='bbox 932 581 1127 628; x_wconf 90' lang='lat' dir='ltr'>duobus</span> <span class='ocrx_word' id='word_1_17' title='bbox 1154 588 1285 627; x_wconf 85' lang='lat' dir='ltr'>erat:</span> 
     </span>
    </p>

    <p class='ocr_par' dir='ltr' id='par_1_5' title="bbox 180 657 1423 783">
     <span class='ocr_line' id='line_1_6' title="bbox 180 657 1423 721; baseline -0.003 -15"><span class='ocrx_word' id='word_1_18' title='bbox 180 658 353 713; x_wconf 84' lang='lat' dir='ltr'>Qualis</span> <span class='ocrx_word' id='word_1_19' title='bbox 380 666 485 706; x_wconf 88' lang='lat' dir='ltr'>erat</span> <span class='ocrx_word' id='word_1_20' title='bbox 511 658 661 714; x_wconf 90' lang='lat' dir='ltr'>Lede,</span> <span class='ocrx_word' id='word_1_21' title='bbox 678 666 840 721; x_wconf 19' lang='lat' dir='ltr'>&#39;quam</span> <span class='ocrx_word' id='word_1_22' title='bbox 866 658 1047 721; x_wconf 85' lang='lat' dir='ltr'>plumis</span> <span class='ocrx_word' id='word_1_23' title='bbox 1075 658 1273 704; x_wconf 87' lang='lat' dir='ltr'>abditus</span> <span class='ocrx_word' id='word_1_24' title='bbox 1299 657 1423 703; x_wconf 80' lang='lat' dir='ltr'>albis</span> 
     </span>
     <span class='ocr_line' id='line_1_7' title="bbox 248 722 1196 783; baseline -0.001 0"><span class='ocrx_word' id='word_1_25' title='bbox 248 736 473 783; x_wconf 82' lang='lat' dir='ltr'>Callidus</span> <span class='ocrx_word' id='word_1_26' title='bbox 499 737 548 782; x_wconf 91' lang='lat' dir='ltr'>in</span> <span class='ocrx_word' id='word_1_27' title='bbox 573 722 696 783; x_wconf 63' lang='lat' dir='ltr'>falsa</span> <span class='ocrx_word' id='word_1_28' title='bbox 719 736 837 782; x_wconf 84' lang='lat' dir='ltr'>lusit</span> <span class='ocrx_word' id='word_1_29' title='bbox 862 736 1055 782; x_wconf 86' lang='lat' dir='ltr'>adulter</span> <span class='ocrx_word' id='word_1_30' title='bbox 1080 751 1196 782; x_wconf 84' lang='lat' dir='ltr'>ave:</span> 
     </span>
    </p>

    <p class='ocr_par' dir='ltr' id='par_1_6' title="bbox 179 810 1570 1029">
     <span class='ocr_line' id='line_1_8' title="bbox 180 810 1570 876; baseline -0.004 -16"><span class='ocrx_word' id='word_1_31' title='bbox 180 812 354 867; x_wconf 80' lang='lat' dir='ltr'>Qualis</span> <span class='ocrx_word' id='word_1_32' title='bbox 380 813 663 876; x_wconf 79' lang='lat' dir='ltr'>Amymone</span> <span class='ocrx_word' id='word_1_33' title='bbox 689 813 835 859; x_wconf 87' lang='lat' dir='ltr'>siccis</span> <span class='ocrx_word' id='word_1_34' title='bbox 862 813 1058 859; x_wconf 89' lang='lat' dir='ltr'>errabat</span> <span class='ocrx_word' id='word_1_35' title='bbox 1078 812 1126 858; x_wconf 89' lang='grc'>111</span> <span class='ocrx_word' id='word_1_36' title='bbox 1153 810 1316 873; x_wconf 82' lang='lat' dir='ltr'>Argis,</span> <span class='ocrx_word' id='word_1_37' title='bbox 1540 812 1570 856; x_wconf 83' lang='lat'><strong><em>5</em></strong></span> 
     </span>
     <span class='ocr_line' id='line_1_9' title="bbox 248 889 1472 954; baseline -0.001 -18"><span class='ocrx_word' id='word_1_38' title='bbox 248 889 378 937; x_wconf 87' lang='lat' dir='ltr'>Cum</span> <span class='ocrx_word' id='word_1_39' title='bbox 404 897 652 954; x_wconf 87' lang='lat' dir='ltr'>premeret</span> <span class='ocrx_word' id='word_1_40' title='bbox 677 891 857 936; x_wconf 89' lang='lat' dir='ltr'>summi</span> <span class='ocrx_word' id='word_1_41' title='bbox 881 890 1078 937; x_wconf 88' lang='lat' dir='ltr'>verticis</span> <span class='ocrx_word' id='word_1_42' title='bbox 1104 905 1226 935; x_wconf 89' lang='lat' dir='ltr'>urna</span> <span class='ocrx_word' id='word_1_43' title='bbox 1250 904 1472 935; x_wconf 88' lang='lat' dir='ltr'>comam:</span> 
     </span>
     <span class='ocr_line' id='line_1_10' title="bbox 179 964 1570 1029; baseline 0 -18"><span class='ocrx_word' id='word_1_44' title='bbox 179 964 313 1013; x_wconf 91' lang='lat' dir='ltr'>Talis</span> <span class='ocrx_word' id='word_1_45' title='bbox 335 983 443 1014; x_wconf 87' lang='lat' dir='ltr'>eras</span> <span class='ocrx_word' id='word_1_46' title='bbox 462 985 471 1023; x_wconf 90' lang='grc'>;</span> <span class='ocrx_word' id='word_1_47' title='bbox 514 967 835 1029; x_wconf 77' lang='lat' dir='ltr'>aquilamque</span> <span class='ocrx_word' id='word_1_48' title='bbox 861 967 910 1013; x_wconf 90' lang='lat' dir='ltr'>in</span> <span class='ocrx_word' id='word_1_49' title='bbox 929 974 979 1013; x_wconf 90' lang='lat' dir='ltr'>te</span> <span class='ocrx_word' id='word_1_50' title='bbox 1000 974 1297 1029; x_wconf 87' lang='lat' dir='ltr'>taurumque</span> <span class='ocrx_word' id='word_1_51' title='bbox 1316 966 1570 1020; x_wconf 76' lang='lat' dir='ltr'>timebam,</span> 
     </span>
    </p>

    <p class='ocr_par' dir='ltr' id='par_1_7' title="bbox 180 1042 1573 1416">
     <span class='ocr_line' id='line_1_11' title="bbox 246 1042 1362 1106; baseline -0.001 -17"><span class='ocrx_word' id='word_1_52' title='bbox 246 1042 314 1089; x_wconf 83' lang='lat' dir='ltr'>Et</span> <span class='ocrx_word' id='word_1_53' title='bbox 338 1043 584 1106; x_wconf 88' lang='lat' dir='ltr'>quidquid</span> <span class='ocrx_word' id='word_1_54' title='bbox 609 1059 789 1106; x_wconf 83' lang='lat' dir='ltr'>magno</span> <span class='ocrx_word' id='word_1_55' title='bbox 816 1045 878 1091; x_wconf 86' lang='lat' dir='ltr'>de</span> <span class='ocrx_word' id='word_1_56' title='bbox 902 1043 1028 1091; x_wconf 88' lang='lat' dir='ltr'>Jove</span> <span class='ocrx_word' id='word_1_57' title='bbox 1049 1043 1167 1091; x_wconf 86' lang='lat' dir='ltr'>fecit</span> <span class='ocrx_word' id='word_1_58' title='bbox 1191 1043 1362 1089; x_wconf 88' lang='lat' dir='ltr'>Amor.</span> 
     </span>
     <span class='ocr_line' id='line_1_12' title="bbox 180 1119 1568 1183; baseline -0.002 -17"><span class='ocrx_word' id='word_1_59' title='bbox 180 1119 328 1166; x_wconf 89' lang='lat' dir='ltr'>Nunc</span> <span class='ocrx_word' id='word_1_60' title='bbox 353 1120 499 1166; x_wconf 89' lang='lat' dir='ltr'>timor</span> <span class='ocrx_word' id='word_1_61' title='bbox 524 1120 683 1166; x_wconf 85' lang='lat' dir='ltr'>omnis</span> <span class='ocrx_word' id='word_1_62' title='bbox 710 1121 868 1176; x_wconf 87' lang='lat' dir='ltr'>abest,</span> <span class='ocrx_word' id='word_1_63' title='bbox 897 1121 1150 1183; x_wconf 79' lang='lat' dir='ltr'>animique</span> <span class='ocrx_word' id='word_1_64' title='bbox 1176 1120 1396 1166; x_wconf 88' lang='lat' dir='ltr'>resanuit</span> <span class='ocrx_word' id='word_1_65' title='bbox 1420 1135 1568 1167; x_wconf 87' lang='lat' dir='ltr'>error.</span> 
     </span>
     <span class='ocr_line' id='line_1_13' title="bbox 247 1196 1573 1261; baseline -0.002 -18"><span class='ocrx_word' id='word_1_66' title='bbox 247 1196 357 1243; x_wconf 90' lang='lat' dir='ltr'>Nec</span> <span class='ocrx_word' id='word_1_67' title='bbox 382 1196 534 1244; x_wconf 84' lang='lat' dir='ltr'>facies</span> <span class='ocrx_word' id='word_1_68' title='bbox 559 1198 729 1245; x_wconf 89' lang='lat' dir='ltr'>oculos</span> <span class='ocrx_word' id='word_1_69' title='bbox 749 1198 855 1260; x_wconf 86' lang='lat' dir='ltr'>jam</span> <span class='ocrx_word' id='word_1_70' title='bbox 881 1198 1017 1261; x_wconf 84' lang='lat' dir='ltr'>capit</span> <span class='ocrx_word' id='word_1_71' title='bbox 1041 1197 1137 1244; x_wconf 87' lang='lat' dir='ltr'>ista</span> <span class='ocrx_word' id='word_1_72' title='bbox 1159 1213 1314 1244; x_wconf 87' lang='lat' dir='ltr'>meos.</span> <span class='ocrx_word' id='word_1_73' title='bbox 1515 1199 1573 1242; x_wconf 77' lang='lat'>10</span> 
     </span>
     <span class='ocr_line' id='line_1_14' title="bbox 182 1273 1504 1338; baseline 0 -18"><span class='ocrx_word' id='word_1_74' title='bbox 182 1273 286 1320; x_wconf 89' lang='lat' dir='ltr'>Cur</span> <span class='ocrx_word' id='word_1_75' title='bbox 311 1274 404 1321; x_wconf 89' lang='lat' dir='ltr'>sim</span> <span class='ocrx_word' id='word_1_76' title='bbox 429 1281 666 1331; x_wconf 89' lang='lat' dir='ltr'>mutatus,</span> <span class='ocrx_word' id='word_1_77' title='bbox 695 1276 910 1338; x_wconf 80' lang='lat' dir='ltr'>quaeris?</span> <span class='ocrx_word' id='word_1_78' title='bbox 949 1275 1068 1338; x_wconf 89' lang='lat' dir='ltr'>quia</span> <span class='ocrx_word' id='word_1_79' title='bbox 1091 1290 1297 1321; x_wconf 83' lang='lat' dir='ltr'>munera</span> <span class='ocrx_word' id='word_1_80' title='bbox 1321 1274 1504 1337; x_wconf 86' lang='lat' dir='ltr'>poscis.</span> 
     </span>
     <span class='ocr_line' id='line_1_15' title="bbox 248 1345 1494 1416; baseline 0.002 -20"><span class='ocrx_word' id='word_1_81' title='bbox 248 1349 372 1398; x_wconf 86' lang='lat' dir='ltr'>Haec</span> <span class='ocrx_word' id='word_1_82' title='bbox 398 1358 447 1399; x_wconf 87' lang='lat' dir='ltr'>te</span> <span class='ocrx_word' id='word_1_83' title='bbox 475 1368 573 1398; x_wconf 90' lang='lat' dir='ltr'>non</span> <span class='ocrx_word' id='word_1_84' title='bbox 598 1352 784 1415; x_wconf 87' lang='lat' dir='ltr'>patitur</span> <span class='ocrx_word' id='word_1_85' title='bbox 810 1368 988 1400; x_wconf 82' lang='lat' dir='ltr'>caussa</span> <span class='ocrx_word' id='word_1_86' title='bbox 1011 1353 1208 1416; x_wconf 89' lang='lat' dir='ltr'>placere</span> <span class='ocrx_word' id='word_1_87' title='bbox 1234 1351 1370 1398; x_wconf 91' lang='lat' dir='ltr'>mihi.</span> <span class='ocrx_word' id='word_1_88' title='bbox 1491 1345 1494 1347; x_wconf 16' lang='grc' dir='ltr'><strong>Δ</strong></span> 
     </span>
    </p>
   </div>
   <div class='ocr_carea' id='block_1_5' title="bbox 176 1483 851 2751">
    <p class='ocr_par' dir='ltr' id='par_1_8' title="bbox 176 1483 847 1761">
     <span class='ocr_line' id='line_1_16' title="bbox 225 1483 845 1527; baseline 0.005 -13"><span class='ocrx_word' id='word_1_89' title='bbox 225 1483 254 1514; x_wconf 87' lang='lat' dir='ltr'>l.</span> <span class='ocrx_word' id='word_1_90' title='bbox 281 1483 390 1518; x_wconf 74' lang='lat' dir='ltr'>Qualis</span> <span class='ocrx_word' id='word_1_91' title='bbox 414 1486 450 1514; x_wconf 82' lang='lat' dir='ltr'>ab</span> <span class='ocrx_word' id='word_1_92' title='bbox 474 1484 598 1524; x_wconf 84' lang='lat' dir='ltr'>Europa</span> <span class='ocrx_word' id='word_1_93' title='bbox 621 1485 765 1527; x_wconf 75' lang='lat' dir='ltr'>Phrygiis</span> <span class='ocrx_word' id='word_1_94' title='bbox 791 1488 845 1517; x_wconf 77' lang='lat' dir='ltr'>ad-</span> 
     </span>
     <span class='ocr_line' id='line_1_17' title="bbox 176 1533 845 1572; baseline 0.003 -10"><span class='ocrx_word' id='word_1_95' title='bbox 176 1538 261 1562; x_wconf 76' lang='lat' dir='ltr'>vecta</span> <span class='ocrx_word' id='word_1_96' title='bbox 280 1533 424 1572; x_wconf 60' lang='lat' dir='ltr'>carinis]</span> <span class='ocrx_word' id='word_1_97' title='bbox 455 1533 571 1564; x_wconf 74' lang='lat' dir='ltr'>Eurota</span> <span class='ocrx_word' id='word_1_98' title='bbox 594 1538 626 1564; x_wconf 88' lang='lat' dir='ltr'>et</span> <span class='ocrx_word' id='word_1_99' title='bbox 647 1541 749 1564; x_wconf 79' lang='lat' dir='ltr'>avecta</span> <span class='ocrx_word' id='word_1_100' title='bbox 774 1545 845 1564; x_wconf 89' lang='lat' dir='ltr'>cum</span> 
     </span>
     <span class='ocr_line' id='line_1_18' title="bbox 177 1580 846 1613; baseline 0.003 -2"><span class='ocrx_word' id='word_1_101' title='bbox 177 1580 358 1613; x_wconf 86' lang='lat' dir='ltr'>melioribus</span> <span class='ocrx_word' id='word_1_102' title='bbox 383 1582 597 1612; x_wconf 87' lang='lat' dir='ltr'>scribendum.</span> <span class='ocrx_word' id='word_1_103' title='bbox 633 1583 673 1613; x_wconf 81' lang='lat' dir='ltr'>ad</span> <span class='ocrx_word' id='word_1_104' title='bbox 698 1584 846 1613; x_wconf 80' lang='lat' dir='ltr'>Eurotam</span> 
     </span>
     <span class='ocr_line' id='line_1_19' title="bbox 178 1629 846 1671; baseline 0.001 -11"><span class='ocrx_word' id='word_1_105' title='bbox 178 1629 262 1660; x_wconf 88' lang='lat' dir='ltr'>enim</span> <span class='ocrx_word' id='word_1_106' title='bbox 287 1634 363 1660; x_wconf 84' lang='lat' dir='ltr'>nata</span> <span class='ocrx_word' id='word_1_107' title='bbox 378 1630 514 1661; x_wconf 85' lang='lat' dir='ltr'>Helena.</span> <span class='ocrx_word' id='word_1_108' title='bbox 561 1631 731 1671; x_wconf 74' lang='lat' dir='ltr'>Spartanus</span> <span class='ocrx_word' id='word_1_109' title='bbox 748 1632 846 1661; x_wconf 78' lang='lat' dir='ltr'>Euro-</span> 
     </span>
     <span class='ocr_line' id='line_1_20' title="bbox 181 1678 847 1721; baseline 0.005 -13"><span class='ocrx_word' id='word_1_110' title='bbox 181 1684 225 1708; x_wconf 80' lang='lat' dir='ltr'>tas</span> <span class='ocrx_word' id='word_1_111' title='bbox 241 1678 417 1709; x_wconf 82' lang='lat' dir='ltr'>Claudiano</span> <span class='ocrx_word' id='word_1_112' title='bbox 434 1680 529 1710; x_wconf 86' lang='lat' dir='ltr'>Cons.</span> <span class='ocrx_word' id='word_1_113' title='bbox 547 1680 644 1721; x_wconf 87' lang='lat' dir='ltr'>Olyb.</span> <span class='ocrx_word' id='word_1_114' title='bbox 661 1681 735 1711; x_wconf 85' lang='lat'><strong>237.</strong></span> <span class='ocrx_word' id='word_1_115' title='bbox 783 1681 847 1711; x_wconf 87' lang='lat' dir='ltr'>Na-</span> 
     </span>
     <span class='ocr_line' id='line_1_21' title="bbox 180 1727 846 1761; baseline 0.003 -3"><span class='ocrx_word' id='word_1_116' title='bbox 180 1728 247 1758; x_wconf 87' lang='lat' dir='ltr'>soni</span> <span class='ocrx_word' id='word_1_117' title='bbox 261 1727 294 1758; x_wconf 90' lang='lat' dir='ltr'>ii.</span> <span class='ocrx_word' id='word_1_118' title='bbox 312 1729 393 1759; x_wconf 85' lang='lat' dir='ltr'>Met.</span> <span class='ocrx_word' id='word_1_119' title='bbox 408 1730 482 1759; x_wconf 86' lang='lat'><strong>247.</strong></span> <span class='ocrx_word' id='word_1_120' title='bbox 514 1729 681 1760; x_wconf 56' lang='lat' dir='ltr'>Taenarius.</span> <span class='ocrx_word' id='word_1_121' title='bbox 726 1730 846 1761; x_wconf 67' lang='lat' dir='ltr'>HmNs.</span> 
     </span>
    </p>

    <p class='ocr_par' dir='ltr' id='par_1_9' title="bbox 179 1778 850 2015">
     <span class='ocr_line' id='line_1_22' title="bbox 225 1778 846 1818; baseline 0.005 -11"><span class='ocrx_word' id='word_1_122' title='bbox 225 1778 258 1808; x_wconf 86' lang='grc'>4.</span> <span class='ocrx_word' id='word_1_123' title='bbox 286 1778 452 1818; x_wconf 64' lang='lat' dir='ltr'>Callidus]</span> <span class='ocrx_word' id='word_1_124' title='bbox 470 1778 569 1809; x_wconf 83' lang='lat' dir='ltr'>Multi</span> <span class='ocrx_word' id='word_1_125' title='bbox 582 1779 664 1815; x_wconf 81' lang='lat' dir='ltr'>libri,</span> <span class='ocrx_word' id='word_1_126' title='bbox 679 1782 846 1817; x_wconf 67' lang='lat' dir='ltr'>carztlidus5</span> 
     </span>
     <span class='ocr_line' id='line_1_23' title="bbox 179 1826 848 1868; baseline 0.004 -12"><span class='ocrx_word' id='word_1_127' title='bbox 179 1831 214 1856; x_wconf 86' lang='lat' dir='ltr'>ut</span> <span class='ocrx_word' id='word_1_128' title='bbox 230 1826 295 1856; x_wconf 93' lang='lat' dir='ltr'>olor</span> <span class='ocrx_word' id='word_1_129' title='bbox 311 1837 394 1868; x_wconf 85' lang='lat' dir='ltr'>saepe</span> <span class='ocrx_word' id='word_1_130' title='bbox 410 1828 495 1857; x_wconf 75' lang='lat' dir='ltr'>albus</span> <span class='ocrx_word' id='word_1_131' title='bbox 511 1833 542 1858; x_wconf 90' lang='lat' dir='ltr'>et</span> <span class='ocrx_word' id='word_1_132' title='bbox 557 1830 706 1858; x_wconf 78' lang='lat' dir='ltr'>candidus</span> <span class='ocrx_word' id='word_1_133' title='bbox 724 1828 848 1859; x_wconf 84' lang='lat' dir='ltr'>dicitur.</span> 
     </span>
     <span class='ocr_line' id='line_1_24' title="bbox 180 1875 850 1918; baseline 0.004 -13"><span class='ocrx_word' id='word_1_134' title='bbox 180 1875 309 1906; x_wconf 83' lang='lat' dir='ltr'>Retinui</span> <span class='ocrx_word' id='word_1_135' title='bbox 326 1882 431 1906; x_wconf 87' lang='lat' dir='ltr'>tamen</span> <span class='ocrx_word' id='word_1_136' title='bbox 454 1877 595 1907; x_wconf 75' lang='lat' dir='ltr'>callidus.</span> <span class='ocrx_word' id='word_1_137' title='bbox 620 1877 694 1918; x_wconf 82' lang='lat' dir='ltr'>quia</span> <span class='ocrx_word' id='word_1_138' title='bbox 709 1879 756 1918; x_wconf 77' lang='grc' dir='ltr'>τῷ</span> <span class='ocrx_word' id='word_1_139' title='bbox 778 1880 850 1908; x_wconf 74' lang='lat' dir='ltr'>lusit</span> 
     </span>
     <span class='ocr_line' id='line_1_25' title="bbox 180 1924 846 1967; baseline 0.005 -13"><span class='ocrx_word' id='word_1_140' title='bbox 180 1924 281 1965; x_wconf 84' lang='lat' dir='ltr'>magis</span> <span class='ocrx_word' id='word_1_141' title='bbox 295 1926 448 1966; x_wconf 84' lang='lat' dir='ltr'>congruit,</span> <span class='ocrx_word' id='word_1_142' title='bbox 462 1931 492 1955; x_wconf 88' lang='lat' dir='ltr'>et</span> <span class='ocrx_word' id='word_1_143' title='bbox 506 1926 665 1967; x_wconf 83' lang='lat' dir='ltr'>praecessit</span> <span class='ocrx_word' id='word_1_144' title='bbox 675 1927 786 1966; x_wconf 81' lang='lat' dir='ltr'>plumis</span> <span class='ocrx_word' id='word_1_145' title='bbox 801 1928 846 1957; x_wconf 73' lang='lat' dir='ltr'>ul-</span> 
     </span>
     <span class='ocr_line' id='line_1_26' title="bbox 180 1973 625 2015; baseline 0.002 -12"><span class='ocrx_word' id='word_1_146' title='bbox 180 1975 233 2004; x_wconf 82' lang='lat' dir='ltr'>bis.</span> <span class='ocrx_word' id='word_1_147' title='bbox 258 1973 384 2015; x_wconf 77' lang='lat' dir='ltr'>infulsa</span> <span class='ocrx_word' id='word_1_148' title='bbox 398 1985 462 2004; x_wconf 83' lang='lat' dir='ltr'>ave.</span> <span class='ocrx_word' id='word_1_149' title='bbox 508 1975 625 2005; x_wconf 75' lang='lat' dir='ltr'>Bunm.</span> 
     </span>
    </p>

    <p class='ocr_par' dir='ltr' id='par_1_10' title="bbox 179 2023 851 2751">
     <span class='ocr_line' id='line_1_27' title="bbox 223 2023 846 2065; baseline 0.005 -13"><span class='ocrx_word' id='word_1_150' title='bbox 223 2024 256 2052; x_wconf 89' lang='lat'>5.</span> <span class='ocrx_word' id='word_1_151' title='bbox 281 2023 372 2053; x_wconf 79' lang='lat' dir='ltr'>Siccis</span> <span class='ocrx_word' id='word_1_152' title='bbox 385 2025 500 2053; x_wconf 75' lang='lat' dir='ltr'>errauit</span> <span class='ocrx_word' id='word_1_153' title='bbox 515 2025 547 2054; x_wconf 78' lang='lat' dir='ltr'>in</span> <span class='ocrx_word' id='word_1_154' title='bbox 571 2024 683 2065; x_wconf 57' lang='lat' dir='ltr'>agrian]</span> <span class='ocrx_word' id='word_1_155' title='bbox 713 2024 766 2054; x_wconf 90' lang='lat' dir='ltr'>Ad</span> <span class='ocrx_word' id='word_1_156' title='bbox 782 2025 846 2055; x_wconf 87' lang='lat' dir='ltr'>Ho-</span> 
     </span>
     <span class='ocr_line' id='line_1_28' title="bbox 179 2070 847 2115; baseline 0.004 -14"><span class='ocrx_word' id='word_1_157' title='bbox 179 2070 256 2102; x_wconf 87' lang='lat' dir='ltr'>meri</span> <span class='ocrx_word' id='word_1_158' title='bbox 286 2071 456 2114; x_wconf 85' lang='lat' dir='ltr'>Epitheton</span> <span class='ocrx_word' id='word_1_159' title='bbox 484 2073 622 2114; x_wconf 83' lang='lat' dir='ltr'>respexit</span> <span class='ocrx_word' id='word_1_160' title='bbox 651 2073 761 2108; x_wconf 65' lang='lat' dir='ltr'>Poeta,</span> <span class='ocrx_word' id='word_1_161' title='bbox 794 2074 847 2115; x_wconf 89' lang='lat' dir='ltr'>qui</span> 
     </span>
     <span class='ocr_line' id='line_1_29' title="bbox 180 2120 847 2162; baseline 0.004 -12"><span class='ocrx_word' id='word_1_162' title='bbox 180 2126 271 2150; x_wconf 81' lang='lat' dir='ltr'>vocat</span> <span class='ocrx_word' id='word_1_163' title='bbox 286 2120 387 2161; x_wconf 83' lang='lat' dir='ltr'>Argos</span> <span class='ocrx_word' id='word_1_164' title='bbox 404 2120 614 2162; x_wconf 69' lang='grc' dir='ltr'>πολυδίψιον,</span> <span class='ocrx_word' id='word_1_165' title='bbox 631 2122 688 2152; x_wconf 89' lang='lat' dir='ltr'>hoc</span> <span class='ocrx_word' id='word_1_166' title='bbox 705 2129 763 2158; x_wconf 86' lang='lat' dir='ltr'>est,</span> <span class='ocrx_word' id='word_1_167' title='bbox 782 2123 847 2153; x_wconf 85' lang='lat' dir='ltr'>siti-</span> 
     </span>
     <span class='ocr_line' id='line_1_30' title="bbox 179 2169 848 2212; baseline 0.004 -13"><span class='ocrx_word' id='word_1_168' title='bbox 179 2169 320 2199; x_wconf 90' lang='lat' dir='ltr'>culosum</span> <span class='ocrx_word' id='word_1_169' title='bbox 342 2175 436 2210; x_wconf 84' lang='lat' dir='ltr'>atque</span> <span class='ocrx_word' id='word_1_170' title='bbox 460 2170 592 2207; x_wconf 86' lang='lat' dir='ltr'>aridum,</span> <span class='ocrx_word' id='word_1_171' title='bbox 609 2177 734 2212; x_wconf 82' lang='lat' dir='ltr'>propter</span> <span class='ocrx_word' id='word_1_172' title='bbox 758 2178 848 2202; x_wconf 83' lang='lat' dir='ltr'>natu-</span> 
     </span>
     <span class='ocr_line' id='line_1_31' title="bbox 180 2219 847 2251; baseline 0.004 -3"><span class='ocrx_word' id='word_1_173' title='bbox 180 2228 246 2249; x_wconf 80' lang='lat' dir='ltr'>ram</span> <span class='ocrx_word' id='word_1_174' title='bbox 263 2224 363 2249; x_wconf 84' lang='lat' dir='ltr'>terrae.</span> <span class='ocrx_word' id='word_1_175' title='bbox 412 2219 495 2249; x_wconf 85' lang='lat' dir='ltr'>Nam</span> <span class='ocrx_word' id='word_1_176' title='bbox 511 2225 583 2250; x_wconf 82' lang='lat' dir='ltr'>ante</span> <span class='ocrx_word' id='word_1_177' title='bbox 599 2221 770 2251; x_wconf 82' lang='lat' dir='ltr'>adventurn</span> <span class='ocrx_word' id='word_1_178' title='bbox 780 2222 847 2251; x_wconf 40' lang='lat' dir='ltr'>Da*</span> 
     </span>
     <span class='ocr_line' id='line_1_32' title="bbox 181 2267 850 2310; baseline 0.006 -13"><span class='ocrx_word' id='word_1_179' title='bbox 181 2267 245 2303; x_wconf 88' lang='lat' dir='ltr'>nai,</span> <span class='ocrx_word' id='word_1_180' title='bbox 262 2268 316 2309; x_wconf 89' lang='lat' dir='ltr'>qui</span> <span class='ocrx_word' id='word_1_181' title='bbox 340 2267 457 2309; x_wconf 86' lang='lat' dir='ltr'>primus</span> <span class='ocrx_word' id='word_1_182' title='bbox 473 2274 583 2310; x_wconf 87' lang='lat' dir='ltr'>puteos</span> <span class='ocrx_word' id='word_1_183' title='bbox 606 2269 751 2300; x_wconf 86' lang='lat' dir='ltr'>effodisse</span> <span class='ocrx_word' id='word_1_184' title='bbox 773 2271 850 2301; x_wconf 87' lang='lat' dir='ltr'>dici-</span> 
     </span>
     <span class='ocr_line' id='line_1_33' title="bbox 180 2316 849 2360; baseline 0.007 -15"><span class='ocrx_word' id='word_1_185' title='bbox 180 2321 241 2352; x_wconf 86' lang='lat' dir='ltr'>tur,</span> <span class='ocrx_word' id='word_1_186' title='bbox 257 2316 375 2347; x_wconf 82' lang='lat' dir='ltr'>aridam</span> <span class='ocrx_word' id='word_1_187' title='bbox 401 2316 496 2348; x_wconf 88' lang='lat' dir='ltr'>fuisse</span> <span class='ocrx_word' id='word_1_188' title='bbox 522 2323 637 2348; x_wconf 82' lang='lat' dir='ltr'>terram</span> <span class='ocrx_word' id='word_1_189' title='bbox 663 2318 849 2360; x_wconf 87' lang='lat' dir='ltr'>Argivorum</span> 
     </span>
     <span class='ocr_line' id='line_1_34' title="bbox 181 2365 847 2409; baseline 0.006 -14"><span class='ocrx_word' id='word_1_190' title='bbox 181 2365 323 2396; x_wconf 83' lang='lat' dir='ltr'>tradunt.</span> <span class='ocrx_word' id='word_1_191' title='bbox 369 2366 441 2396; x_wconf 75' lang='lat' dir='ltr'>Fuit</span> <span class='ocrx_word' id='word_1_192' title='bbox 465 2372 568 2397; x_wconf 83' lang='lat' dir='ltr'>autem</span> <span class='ocrx_word' id='word_1_193' title='bbox 588 2368 764 2409; x_wconf 86' lang='lat' dir='ltr'>Amymone</span> <span class='ocrx_word' id='word_1_194' title='bbox 786 2369 847 2399; x_wconf 89' lang='lat' dir='ltr'>Ar-</span> 
     </span>
     <span class='ocr_line' id='line_1_35' title="bbox 180 2414 848 2460; baseline 0.006 -16"><span class='ocrx_word' id='word_1_195' title='bbox 180 2414 266 2455; x_wconf 87' lang='lat' dir='ltr'>giva,</span> <span class='ocrx_word' id='word_1_196' title='bbox 285 2414 389 2445; x_wconf 80' lang='lat' dir='ltr'>Danai</span> <span class='ocrx_word' id='word_1_197' title='bbox 405 2415 480 2446; x_wconf 79' lang='lat' dir='ltr'>filia.</span> <span class='ocrx_word' id='word_1_198' title='bbox 516 2417 706 2448; x_wconf 60' lang='lat' dir='ltr'><strong>JMICYLLUS.</strong></span> <span class='ocrx_word' id='word_1_199' title='bbox 751 2418 848 2460; x_wconf 80' lang='lat' dir='ltr'>Amy-</span> 
     </span>
     <span class='ocr_line' id='line_1_36' title="bbox 181 2464 848 2505; baseline 0.006 -12"><span class='ocrx_word' id='word_1_200' title='bbox 181 2473 272 2493; x_wconf 88' lang='lat' dir='ltr'>mone</span> <span class='ocrx_word' id='word_1_201' title='bbox 288 2474 351 2494; x_wconf 86' lang='lat' dir='ltr'>una</span> <span class='ocrx_word' id='word_1_202' title='bbox 360 2474 398 2493; x_wconf 88' lang='lat' dir='ltr'>ex</span> <span class='ocrx_word' id='word_1_203' title='bbox 412 2464 641 2505; x_wconf 85' lang='lat' dir='ltr'>quinquaginta</span> <span class='ocrx_word' id='word_1_204' title='bbox 652 2466 756 2496; x_wconf 84' lang='lat' dir='ltr'>Danai</span> <span class='ocrx_word' id='word_1_205' title='bbox 769 2467 848 2497; x_wconf 83' lang='lat' dir='ltr'>filia-</span> 
     </span>
     <span class='ocr_line' id='line_1_37' title="bbox 181 2512 850 2554; baseline 0.007 -12"><span class='ocrx_word' id='word_1_206' title='bbox 181 2512 251 2548; x_wconf 90' lang='lat' dir='ltr'>bus,</span> <span class='ocrx_word' id='word_1_207' title='bbox 267 2523 382 2554; x_wconf 84' lang='lat' dir='ltr'>aquam</span> <span class='ocrx_word' id='word_1_208' title='bbox 408 2513 578 2554; x_wconf 86' lang='lat' dir='ltr'>inquirens,</span> <span class='ocrx_word' id='word_1_209' title='bbox 595 2515 626 2545; x_wconf 93' lang='lat' dir='ltr'>in</span> <span class='ocrx_word' id='word_1_210' title='bbox 652 2525 778 2546; x_wconf 90' lang='lat' dir='ltr'>cervum</span> <span class='ocrx_word' id='word_1_211' title='bbox 805 2523 850 2547; x_wconf 80' lang='lat' dir='ltr'>te-</span> 
     </span>
     <span class='ocr_line' id='line_1_38' title="bbox 181 2560 850 2603; baseline 0.009 -13"><span class='ocrx_word' id='word_1_212' title='bbox 181 2560 247 2591; x_wconf 93' lang='lat' dir='ltr'>lum</span> <span class='ocrx_word' id='word_1_213' title='bbox 274 2561 364 2602; x_wconf 86' lang='lat' dir='ltr'>jecit,</span> <span class='ocrx_word' id='word_1_214' title='bbox 388 2572 423 2592; x_wconf 88' lang='lat' dir='ltr'>ac</span> <span class='ocrx_word' id='word_1_215' title='bbox 453 2563 601 2603; x_wconf 79' lang='lat' dir='ltr'>Satyrum</span> <span class='ocrx_word' id='word_1_216' title='bbox 631 2563 850 2596; x_wconf 85' lang='lat' dir='ltr'>dormitantem</span> 
     </span>
     <span class='ocr_line' id='line_1_39' title="bbox 181 2609 850 2654; baseline 0.006 -14"><span class='ocrx_word' id='word_1_217' title='bbox 181 2609 325 2641; x_wconf 82' lang='lat' dir='ltr'>offendit.</span> <span class='ocrx_word' id='word_1_218' title='bbox 371 2611 477 2647; x_wconf 84' lang='lat' dir='ltr'>Quare</span> <span class='ocrx_word' id='word_1_219' title='bbox 500 2610 554 2641; x_wconf 85' lang='lat' dir='ltr'>ille</span> <span class='ocrx_word' id='word_1_220' title='bbox 577 2622 684 2642; x_wconf 90' lang='lat' dir='ltr'>somno</span> <span class='ocrx_word' id='word_1_221' title='bbox 700 2624 850 2654; x_wconf 71' lang='lat' dir='ltr'>experge-</span> 
     </span>
     <span class='ocr_line' id='line_1_40' title="bbox 181 2659 850 2704; baseline 0.004 -14"><span class='ocrx_word' id='word_1_222' title='bbox 181 2662 283 2690; x_wconf 85' lang='lat' dir='ltr'>faetus</span> <span class='ocrx_word' id='word_1_223' title='bbox 304 2659 417 2701; x_wconf 81' lang='lat' dir='ltr'>puellae</span> <span class='ocrx_word' id='word_1_224' title='bbox 442 2659 520 2690; x_wconf 87' lang='lat' dir='ltr'>miro</span> <span class='ocrx_word' id='word_1_225' title='bbox 541 2659 695 2692; x_wconf 86' lang='lat' dir='ltr'>desiderio</span> <span class='ocrx_word' id='word_1_226' title='bbox 718 2662 850 2704; x_wconf 79' lang='lat' dir='ltr'>capitur.</span> 
     </span>
     <span class='ocr_line' id='line_1_41' title="bbox 182 2706 851 2751; baseline 0.007 -14"><span class='ocrx_word' id='word_1_227' title='bbox 182 2706 225 2738; x_wconf 75' lang='lat' dir='ltr'>At</span> <span class='ocrx_word' id='word_1_228' title='bbox 241 2708 390 2750; x_wconf 85' lang='lat' dir='ltr'>Neptuno</span> <span class='ocrx_word' id='word_1_229' title='bbox 404 2709 645 2750; x_wconf 86' lang='lat' dir='ltr'>superveniente</span> <span class='ocrx_word' id='word_1_230' title='bbox 667 2711 796 2751; x_wconf 75' lang='lat' dir='ltr'>Satyrus</span> <span class='ocrx_word' id='word_1_231' title='bbox 819 2724 851 2742; x_wconf 78' lang='lat' dir='ltr'>se</span> 
     </span>
    </p>
   </div>
   <div class='ocr_carea' id='block_1_6' title="bbox 914 1485 1579 1723">
    <p class='ocr_par' dir='ltr' id='par_1_11' title="bbox 914 1485 1579 1723">
     <span class='ocr_line' id='line_1_42' title="bbox 915 1485 1576 1527; baseline -0.003 -11"><span class='ocrx_word' id='word_1_232' title='bbox 915 1486 945 1517; x_wconf 89' lang='grc'>111</span> <span class='ocrx_word' id='word_1_233' title='bbox 976 1487 1082 1527; x_wconf 80' lang='lat' dir='ltr'>fugam</span> <span class='ocrx_word' id='word_1_234' title='bbox 1112 1485 1212 1517; x_wconf 85' lang='lat' dir='ltr'>dedit.</span> <span class='ocrx_word' id='word_1_235' title='bbox 1262 1485 1438 1526; x_wconf 88' lang='lat' dir='ltr'>Amymone</span> <span class='ocrx_word' id='word_1_236' title='bbox 1473 1490 1576 1515; x_wconf 78' lang='lat' dir='ltr'>autem</span> 
     </span>
     <span class='ocr_line' id='line_1_43' title="bbox 915 1534 1578 1576; baseline -0.005 -10"><span class='ocrx_word' id='word_1_237' title='bbox 915 1546 987 1566; x_wconf 89' lang='lat' dir='ltr'>cum</span> <span class='ocrx_word' id='word_1_238' title='bbox 1011 1535 1065 1566; x_wconf 90' lang='lat' dir='ltr'>illo</span> <span class='ocrx_word' id='word_1_239' title='bbox 1089 1534 1277 1566; x_wconf 83' lang='lat' dir='ltr'>concubuit:</span> <span class='ocrx_word' id='word_1_240' title='bbox 1303 1534 1393 1576; x_wconf 89' lang='lat' dir='ltr'>eique</span> <span class='ocrx_word' id='word_1_241' title='bbox 1409 1534 1578 1574; x_wconf 80' lang='lat' dir='ltr'>Neptunus</span> 
     </span>
     <span class='ocr_line' id='line_1_44' title="bbox 915 1583 1578 1616; baseline -0.003 -2"><span class='ocrx_word' id='word_1_242' title='bbox 915 1585 1016 1616; x_wconf 78' lang='lat' dir='ltr'>sontes</span> <span class='ocrx_word' id='word_1_243' title='bbox 1046 1586 1189 1615; x_wconf 81' lang='lat' dir='ltr'>Lernaeos</span> <span class='ocrx_word' id='word_1_244' title='bbox 1222 1583 1384 1615; x_wconf 86' lang='lat' dir='ltr'>indicavit.</span> <span class='ocrx_word' id='word_1_245' title='bbox 1428 1583 1507 1613; x_wconf 83' lang='lat' dir='ltr'>Haec</span> <span class='ocrx_word' id='word_1_246' title='bbox 1540 1593 1578 1613; x_wconf 84' lang='lat' dir='ltr'>ex</span> 
     </span>
     <span class='ocr_line' id='line_1_45' title="bbox 914 1631 1579 1676; baseline -0.006 -12"><span class='ocrx_word' id='word_1_247' title='bbox 914 1633 1105 1676; x_wconf 84' lang='lat' dir='ltr'>Apollodoro</span> <span class='ocrx_word' id='word_1_248' title='bbox 1121 1633 1178 1663; x_wconf 83' lang='lat' dir='ltr'>lib.</span> <span class='ocrx_word' id='word_1_249' title='bbox 1195 1633 1229 1663; x_wconf 88' lang='lat' dir='ltr'>ii.</span> <span class='ocrx_word' id='word_1_250' title='bbox 1272 1632 1421 1663; x_wconf 83' lang='lat' dir='ltr'>Meminit</span> <span class='ocrx_word' id='word_1_251' title='bbox 1436 1638 1467 1662; x_wconf 86' lang='lat' dir='ltr'>et</span> <span class='ocrx_word' id='word_1_252' title='bbox 1481 1631 1579 1673; x_wconf 82' lang='lat' dir='ltr'>Apol-</span> 
     </span>
     <span class='ocr_line' id='line_1_46' title="bbox 917 1682 1421 1723; baseline -0.004 -10"><span class='ocrx_word' id='word_1_253' title='bbox 917 1683 1018 1714; x_wconf 83' lang='lat' dir='ltr'>lonius</span> <span class='ocrx_word' id='word_1_254' title='bbox 1033 1683 1089 1713; x_wconf 88' lang='lat' dir='ltr'>lib.</span> <span class='ocrx_word' id='word_1_255' title='bbox 1106 1682 1126 1713; x_wconf 89' lang='lat' dir='ltr'>i.</span> <span class='ocrx_word' id='word_1_256' title='bbox 1142 1682 1221 1723; x_wconf 80' lang='lat' dir='ltr'>Arg.</span> <span class='ocrx_word' id='word_1_257' title='bbox 1237 1682 1285 1713; x_wconf 87' lang='lat' dir='ltr'>his</span> <span class='ocrx_word' id='word_1_258' title='bbox 1300 1682 1402 1712; x_wconf 79' lang='lat' dir='ltr'>verbis</span> <span class='ocrx_word' id='word_1_259' title='bbox 1415 1694 1421 1710; x_wconf 89' lang='lat'>:</span> 
     </span>
    </p>
   </div>
   <div class='ocr_carea' id='block_1_7' title="bbox 959 1751 1043 1755">
    <p class='ocr_par' dir='ltr' id='par_1_12' title="bbox 959 1751 1043 1755">
     <span class='ocr_line' id='line_1_47' title="bbox 959 1751 1043 1755; baseline 0 0"><span class='ocrx_word' id='word_1_260' title='bbox 959 1751 1043 1755; x_wconf 95' lang='lat' dir='ltr'> </span> 
     </span>
    </p>
   </div>
   <div class='ocr_carea' id='block_1_8' title="bbox 915 1731 1585 2752">
    <p class='ocr_par' dir='ltr' id='par_1_13' title="bbox 1046 1731 1407 1772">
     <span class='ocr_line' id='line_1_48' title="bbox 1046 1731 1407 1772; baseline -0.006 -9"><span class='ocrx_word' id='word_1_261' title='bbox 1046 1731 1246 1763; x_wconf 77' lang='grc' dir='ltr'>Ποσειδάωνι</span> <span class='ocrx_word' id='word_1_262' title='bbox 1260 1731 1291 1762; x_wconf 76' lang='grc' dir='ltr'>δὲ</span> <span class='ocrx_word' id='word_1_263' title='bbox 1307 1731 1407 1772; x_wconf 80' lang='grc' dir='ltr'>κούρη</span> 
     </span>
    </p>

    <p class='ocr_par' dir='ltr' id='par_1_14' title="bbox 962 1780 1580 1824">
     <span class='ocr_line' id='line_1_49' title="bbox 962 1780 1580 1824; baseline -0.005 -10"><span class='ocrx_word' id='word_1_264' title='bbox 962 1782 1048 1824; x_wconf 70' lang='grc' dir='ltr'>Πρὶν</span> <span class='ocrx_word' id='word_1_265' title='bbox 1065 1781 1134 1813; x_wconf 73' lang='grc' dir='ltr'>ποτ’</span> <span class='ocrx_word' id='word_1_266' title='bbox 1150 1780 1325 1822; x_wconf 83' lang='grc' dir='ltr'>Ἀμυμώνη</span> <span class='ocrx_word' id='word_1_267' title='bbox 1342 1780 1466 1818; x_wconf 72' lang='grc' dir='ltr'>Δαναΐς</span> <span class='ocrx_word' id='word_1_268' title='bbox 1489 1792 1580 1811; x_wconf 79' lang='grc' dir='ltr'>τεκεν</span> 
     </span>
    </p>

    <p class='ocr_par' dir='ltr' id='par_1_15' title="bbox 1003 1831 1174 1869">
     <span class='ocr_line' id='line_1_50' title="bbox 1003 1831 1174 1869; baseline -0.006 -7"><span class='ocrx_word' id='word_1_269' title='bbox 1003 1831 1174 1869; x_wconf 74' lang='grc' dir='ltr'>εὐνηθεῖσα</span> 
     </span>
    </p>

    <p class='ocr_par' dir='ltr' id='par_1_16' title="bbox 915 1878 1583 2107">
     <span class='ocr_line' id='line_1_51' title="bbox 961 1878 1537 1911; baseline -0.005 0"><span class='ocrx_word' id='word_1_270' title='bbox 961 1880 1149 1911; x_wconf 78' lang='grc' dir='ltr'>Ναύπλιον.</span> <span class='ocrx_word' id='word_1_271' title='bbox 1442 1878 1537 1909; x_wconf 71' lang='lat' dir='ltr'>Cror.</span> 
     </span>
     <span class='ocr_line' id='line_1_52' title="bbox 918 1927 1583 1970; baseline -0.003 -11"><span class='ocrx_word' id='word_1_272' title='bbox 918 1928 1111 1959; x_wconf 87' lang='lat' dir='ltr'>Crediderim</span> <span class='ocrx_word' id='word_1_273' title='bbox 1137 1928 1295 1970; x_wconf 80' lang='lat' dir='ltr'>scripsisse</span> <span class='ocrx_word' id='word_1_274' title='bbox 1314 1927 1474 1964; x_wconf 87' lang='lat' dir='ltr'>Ovidium,</span> <span class='ocrx_word' id='word_1_275' title='bbox 1499 1929 1583 1958; x_wconf 81' lang='lat' dir='ltr'>siccis</span> 
     </span>
     <span class='ocr_line' id='line_1_53' title="bbox 915 1976 1582 2019; baseline -0.001 -11"><span class='ocrx_word' id='word_1_276' title='bbox 915 1980 1034 2008; x_wconf 78' lang='lat' dir='ltr'>errabat</span> <span class='ocrx_word' id='word_1_277' title='bbox 1073 1980 1104 2008; x_wconf 78' lang='lat' dir='ltr'>in</span> <span class='ocrx_word' id='word_1_278' title='bbox 1133 1978 1236 2019; x_wconf 79' lang='lat' dir='ltr'>Argis.</span> <span class='ocrx_word' id='word_1_279' title='bbox 1287 1976 1475 2018; x_wconf 87' lang='lat' dir='ltr'>Amymones</span> <span class='ocrx_word' id='word_1_280' title='bbox 1510 1988 1582 2007; x_wconf 83' lang='lat' dir='ltr'>vero</span> 
     </span>
     <span class='ocr_line' id='line_1_54' title="bbox 916 2025 1580 2068; baseline -0.002 -11"><span class='ocrx_word' id='word_1_281' title='bbox 916 2027 1054 2058; x_wconf 79' lang='lat' dir='ltr'>fabulam</span> <span class='ocrx_word' id='word_1_282' title='bbox 1067 2026 1166 2068; x_wconf 85' lang='lat' dir='ltr'>tangit</span> <span class='ocrx_word' id='word_1_283' title='bbox 1177 2026 1295 2057; x_wconf 85' lang='lat' dir='ltr'>Statius</span> <span class='ocrx_word' id='word_1_284' title='bbox 1310 2026 1366 2056; x_wconf 88' lang='lat' dir='ltr'>lib.</span> <span class='ocrx_word' id='word_1_285' title='bbox 1379 2025 1422 2056; x_wconf 87' lang='lat' dir='ltr'>iv.</span> <span class='ocrx_word' id='word_1_286' title='bbox 1436 2027 1510 2056; x_wconf 81' lang='lat'><strong>288.</strong></span> <span class='ocrx_word' id='word_1_287' title='bbox 1526 2026 1580 2056; x_wconf 87' lang='lat' dir='ltr'>ubi</span> 
     </span>
     <span class='ocr_line' id='line_1_55' title="bbox 915 2073 1341 2107; baseline -0.005 0"><span class='ocrx_word' id='word_1_288' title='bbox 915 2076 986 2107; x_wconf 89' lang='lat' dir='ltr'>vide</span> <span class='ocrx_word' id='word_1_289' title='bbox 1003 2076 1175 2106; x_wconf 84' lang='lat' dir='ltr'>Lutatium.</span> <span class='ocrx_word' id='word_1_290' title='bbox 1223 2073 1341 2105; x_wconf 68' lang='lat' dir='ltr'>Euam.</span> 
     </span>
    </p>

    <p class='ocr_par' dir='ltr' id='par_1_17' title="bbox 918 2123 1581 2352">
     <span class='ocr_line' id='line_1_56' title="bbox 959 2123 1580 2165; baseline -0.002 -10"><span class='ocrx_word' id='word_1_291' title='bbox 959 2126 991 2156; x_wconf 91' lang='lat'>8.</span> <span class='ocrx_word' id='word_1_292' title='bbox 1019 2125 1131 2165; x_wconf 62' lang='lat' dir='ltr'>Fecit]</span> <span class='ocrx_word' id='word_1_293' title='bbox 1171 2124 1274 2154; x_wconf 67' lang='lat' dir='ltr'>Finxit</span> <span class='ocrx_word' id='word_1_294' title='bbox 1301 2124 1398 2155; x_wconf 81' lang='lat' dir='ltr'>codex</span> <span class='ocrx_word' id='word_1_295' title='bbox 1422 2123 1580 2154; x_wconf 53' lang='lat' dir='ltr'>Sari-avim</span> 
     </span>
     <span class='ocr_line' id='line_1_57' title="bbox 918 2173 1580 2214; baseline -0.003 -10"><span class='ocrx_word' id='word_1_296' title='bbox 918 2184 987 2204; x_wconf 89' lang='lat' dir='ltr'>nus.</span> <span class='ocrx_word' id='word_1_297' title='bbox 1026 2173 1102 2204; x_wconf 85' lang='lat' dir='ltr'>forte</span> <span class='ocrx_word' id='word_1_298' title='bbox 1127 2179 1223 2203; x_wconf 83' lang='lat' dir='ltr'>rec-te.</span> <span class='ocrx_word' id='word_1_299' title='bbox 1247 2173 1313 2203; x_wconf 88' lang='lat' dir='ltr'>vid.</span> <span class='ocrx_word' id='word_1_300' title='bbox 1339 2173 1430 2214; x_wconf 83' lang='lat' dir='ltr'>Eleg.</span> <span class='ocrx_word' id='word_1_301' title='bbox 1458 2173 1522 2202; x_wconf 81' lang='lat' dir='ltr'>xiv.</span> <span class='ocrx_word' id='word_1_302' title='bbox 1550 2174 1580 2203; x_wconf 88' lang='lat'>8.</span> 
     </span>
     <span class='ocr_line' id='line_1_58' title="bbox 919 2221 1581 2263; baseline 0 -11"><span class='ocrx_word' id='word_1_303' title='bbox 919 2223 1091 2252; x_wconf 71' lang='lat' dir='ltr'>Hssmsius.</span> <span class='ocrx_word' id='word_1_304' title='bbox 1138 2222 1304 2252; x_wconf 80' lang='lat' dir='ltr'>Efficaeius</span> <span class='ocrx_word' id='word_1_305' title='bbox 1331 2226 1376 2252; x_wconf 84' lang='lat' dir='ltr'>est</span> <span class='ocrx_word' id='word_1_306' title='bbox 1403 2222 1498 2263; x_wconf 75' lang='lat' dir='ltr'>fecit.</span> <span class='ocrx_word' id='word_1_307' title='bbox 1537 2221 1581 2252; x_wconf 85' lang='lat' dir='ltr'>ita</span> 
     </span>
     <span class='ocr_line' id='line_1_59' title="bbox 918 2271 1578 2302; baseline -0.003 0"><span class='ocrx_word' id='word_1_308' title='bbox 918 2272 1002 2302; x_wconf 87' lang='lat' dir='ltr'>Flor.</span> <span class='ocrx_word' id='word_1_309' title='bbox 1019 2271 1053 2301; x_wconf 86' lang='lat' dir='ltr'>ii.</span> <span class='ocrx_word' id='word_1_310' title='bbox 1071 2272 1100 2301; x_wconf 88' lang='grc'>6.</span> <span class='ocrx_word' id='word_1_311' title='bbox 1148 2271 1294 2302; x_wconf 81' lang='lat' dir='ltr'>Fecerant</span> <span class='ocrx_word' id='word_1_312' title='bbox 1309 2274 1344 2302; x_wconf 74' lang='lat' dir='ltr'>(Ie</span> <span class='ocrx_word' id='word_1_313' title='bbox 1358 2273 1501 2301; x_wconf 72' lang='lat' dir='ltr'>servitute</span> <span class='ocrx_word' id='word_1_314' title='bbox 1518 2271 1578 2301; x_wconf 84' lang='lat' dir='ltr'>Ro-</span> 
     </span>
     <span class='ocr_line' id='line_1_60' title="bbox 918 2320 1195 2352; baseline 0.004 -2"><span class='ocrx_word' id='word_1_315' title='bbox 918 2332 1028 2351; x_wconf 80' lang='lat' dir='ltr'>manos.</span> <span class='ocrx_word' id='word_1_316' title='bbox 1076 2320 1195 2352; x_wconf 73' lang='lat' dir='ltr'>Bunm.</span> 
     </span>
    </p>

    <p class='ocr_par' dir='ltr' id='par_1_18' title="bbox 918 2368 1585 2752">
     <span class='ocr_line' id='line_1_61' title="bbox 966 2368 1582 2410; baseline -0.005 -9"><span class='ocrx_word' id='word_1_317' title='bbox 966 2370 1016 2401; x_wconf 89' lang='lat' dir='ltr'>ll.</span> <span class='ocrx_word' id='word_1_318' title='bbox 1045 2371 1175 2400; x_wconf 66' lang='lat' dir='ltr'>Munera</span> <span class='ocrx_word' id='word_1_319' title='bbox 1189 2369 1311 2410; x_wconf 61' lang='lat' dir='ltr'>poscis]</span> <span class='ocrx_word' id='word_1_320' title='bbox 1341 2369 1468 2399; x_wconf 71' lang='lat' dir='ltr'>Prumiu</span> <span class='ocrx_word' id='word_1_321' title='bbox 1483 2368 1582 2410; x_wconf 82' lang='lat' dir='ltr'>prima</span> 
     </span>
     <span class='ocr_line' id='line_1_62' title="bbox 918 2418 1582 2460; baseline -0.005 -10"><span class='ocrx_word' id='word_1_322' title='bbox 918 2419 1027 2450; x_wconf 84' lang='lat' dir='ltr'>editio.</span> <span class='ocrx_word' id='word_1_323' title='bbox 1063 2419 1152 2460; x_wconf 83' lang='lat' dir='ltr'>cujus</span> <span class='ocrx_word' id='word_1_324' title='bbox 1179 2418 1342 2459; x_wconf 85' lang='lat' dir='ltr'>glossema,</span> <span class='ocrx_word' id='word_1_325' title='bbox 1368 2428 1491 2448; x_wconf 76' lang='lat' dir='ltr'>munera</span> <span class='ocrx_word' id='word_1_326' title='bbox 1516 2428 1582 2448; x_wconf 82' lang='lat' dir='ltr'>esse</span> 
     </span>
     <span class='ocr_line' id='line_1_63' title="bbox 918 2466 1584 2510; baseline -0.002 -12"><span class='ocrx_word' id='word_1_327' title='bbox 918 2474 1013 2510; x_wconf 90' lang='lat' dir='ltr'>puto:</span> <span class='ocrx_word' id='word_1_328' title='bbox 1049 2469 1177 2498; x_wconf 49' lang='lat' dir='ltr'>Praemia</span> <span class='ocrx_word' id='word_1_329' title='bbox 1203 2469 1285 2497; x_wconf 89' lang='lat' dir='ltr'>enim</span> <span class='ocrx_word' id='word_1_330' title='bbox 1315 2478 1396 2508; x_wconf 81' lang='lat' dir='ltr'>saepe</span> <span class='ocrx_word' id='word_1_331' title='bbox 1421 2466 1527 2508; x_wconf 77' lang='lat' dir='ltr'>praeda</span> <span class='ocrx_word' id='word_1_332' title='bbox 1552 2474 1584 2497; x_wconf 84' lang='lat' dir='ltr'>et</span> 
     </span>
     <span class='ocr_line' id='line_1_64' title="bbox 918 2515 1583 2559; baseline -0.003 -12"><span class='ocrx_word' id='word_1_333' title='bbox 918 2517 1018 2559; x_wconf 87' lang='lat' dir='ltr'>spolia</span> <span class='ocrx_word' id='word_1_334' title='bbox 1041 2521 1202 2552; x_wconf 82' lang='lat' dir='ltr'>vocantur,</span> <span class='ocrx_word' id='word_1_335' title='bbox 1224 2516 1263 2546; x_wconf 91' lang='lat' dir='ltr'>de</span> <span class='ocrx_word' id='word_1_336' title='bbox 1283 2516 1397 2557; x_wconf 90' lang='lat' dir='ltr'>quibus</span> <span class='ocrx_word' id='word_1_337' title='bbox 1417 2515 1467 2545; x_wconf 90' lang='lat' dir='ltr'>hic</span> <span class='ocrx_word' id='word_1_338' title='bbox 1491 2516 1583 2546; x_wconf 85' lang='lat' dir='ltr'>verbo</span> 
     </span>
     <span class='ocr_line' id='line_1_65' title="bbox 918 2565 1584 2607; baseline -0.003 -10"><span class='ocrx_word' id='word_1_339' title='bbox 918 2566 1023 2597; x_wconf 87' lang='lat' dir='ltr'>odioso</span> <span class='ocrx_word' id='word_1_340' title='bbox 1039 2565 1114 2607; x_wconf 82' lang='lat' dir='ltr'>agit,</span> <span class='ocrx_word' id='word_1_341' title='bbox 1128 2572 1162 2596; x_wconf 90' lang='lat' dir='ltr'>ut</span> <span class='ocrx_word' id='word_1_342' title='bbox 1177 2576 1247 2596; x_wconf 87' lang='lat' dir='ltr'>mox</span> <span class='ocrx_word' id='word_1_343' title='bbox 1263 2577 1295 2595; x_wconf 89' lang='lat' dir='ltr'>v.</span> <span class='ocrx_word' id='word_1_344' title='bbox 1312 2566 1365 2596; x_wconf 86' lang='lat'>29.</span> <span class='ocrx_word' id='word_1_345' title='bbox 1387 2566 1479 2604; x_wconf 75' lang='lat' dir='ltr'>spolia</span> <span class='ocrx_word' id='word_1_346' title='bbox 1492 2571 1584 2595; x_wconf 84' lang='lat' dir='ltr'>vocat</span> 
     </span>
     <span class='ocr_line' id='line_1_66' title="bbox 919 2614 1582 2655; baseline -0.006 -8"><span class='ocrx_word' id='word_1_347' title='bbox 919 2620 996 2646; x_wconf 86' lang='lat' dir='ltr'>etv.</span> <span class='ocrx_word' id='word_1_348' title='bbox 1013 2617 1068 2647; x_wconf 85' lang='lat'>53.</span> <span class='ocrx_word' id='word_1_349' title='bbox 1084 2615 1115 2645; x_wconf 90' lang='lat' dir='ltr'>in</span> <span class='ocrx_word' id='word_1_350' title='bbox 1142 2614 1249 2645; x_wconf 88' lang='lat' dir='ltr'>multis</span> <span class='ocrx_word' id='word_1_351' title='bbox 1274 2620 1305 2645; x_wconf 85' lang='lat' dir='ltr'>et</span> <span class='ocrx_word' id='word_1_352' title='bbox 1321 2614 1446 2655; x_wconf 78' lang='lat' dir='ltr'>optimis</span> <span class='ocrx_word' id='word_1_353' title='bbox 1467 2614 1582 2644; x_wconf 86' lang='lat' dir='ltr'>codici-</span> 
     </span>
     <span class='ocr_line' id='line_1_67' title="bbox 919 2661 1585 2703; baseline -0.002 -9"><span class='ocrx_word' id='word_1_354' title='bbox 919 2665 977 2694; x_wconf 91' lang='lat' dir='ltr'>bus</span> <span class='ocrx_word' id='word_1_355' title='bbox 1002 2665 1202 2699; x_wconf 54' lang='lat' dir='ltr'>est,‹1,di1=ite</span> <span class='ocrx_word' id='word_1_356' title='bbox 1227 2661 1347 2703; x_wconf 72' lang='lat' dir='ltr'>prffniin</span> <span class='ocrx_word' id='word_1_357' title='bbox 1371 2665 1460 2702; x_wconf 77' lang='lat' dir='ltr'>posci.</span> <span class='ocrx_word' id='word_1_358' title='bbox 1487 2668 1518 2693; x_wconf 85' lang='lat' dir='ltr'>et</span> <span class='ocrx_word' id='word_1_359' title='bbox 1541 2662 1585 2693; x_wconf 85' lang='lat' dir='ltr'>ita</span> 
     </span>
     <span class='ocr_line' id='line_1_68' title="bbox 918 2710 1585 2752; baseline -0.004 -9"><span class='ocrx_word' id='word_1_360' title='bbox 918 2713 1063 2745; x_wconf 82' lang='lat' dir='ltr'>Terentio</span> <span class='ocrx_word' id='word_1_361' title='bbox 1089 2713 1206 2752; x_wconf 68' lang='lat' dir='ltr'>Hecyr.</span> <span class='ocrx_word' id='word_1_362' title='bbox 1232 2712 1253 2743; x_wconf 87' lang='lat' dir='ltr'>i.</span> <span class='ocrx_word' id='word_1_363' title='bbox 1285 2713 1310 2742; x_wconf 93' lang='lat' dir='ltr'>l.</span> <span class='ocrx_word' id='word_1_364' title='bbox 1342 2713 1468 2751; x_wconf 73' lang='lat' dir='ltr'>spoliare</span> <span class='ocrx_word' id='word_1_365' title='bbox 1491 2710 1585 2742; x_wconf 77' lang='lat' dir='ltr'>etiam</span> 
     </span>
    </p>
   </div>
   <div class='ocr_carea' id='block_1_9' title="bbox 1163 1897 1290 1902">
    <p class='ocr_par' dir='ltr' id='par_1_19' title="bbox 1163 1897 1290 1902">
     <span class='ocr_line' id='line_1_69' title="bbox 1163 1897 1290 1902; baseline 0 0"><span class='ocrx_word' id='word_1_366' title='bbox 1163 1897 1290 1902; x_wconf 95' lang='lat' dir='ltr'> </span> 
     </span>
    </p>
   </div>
  </div>
 </body>
</html>
