1849 3198
222 215 280 256 44
609 213 660 254 Ρ.
694 211 907 255 OVIDII
938 211 1220 253 NASONIS

224 330 360 377 Arsit
385 335 434 377 et
460 328 668 376 OEnides
693 328 743 375 in
769 327 1003 375 Maenalia
1026 326 1275 374 Atalanta.

292 408 385 454 Illa
407 406 521 454 ferae
547 406 776 469 spolium,
804 405 983 469 pignus
1009 404 1205 460 amoriS,
1232 404 1399 451 habet.

1518 406 1609 450 100

224 484 330 531 Nos
351 500 550 548 quoque
570 484 676 546 jam
695 482 908 546 primum
926 482 1073 528 turba
1090 496 1404 528 numeremur
1423 479 1472 526 in
1497 480 1607 528 ista.

291 562 344 608 Si
370 561 617 608 Venerem
640 561 800 616 tollas,
829 559 1014 606 rustica
1038 559 1160 606 silva
1183 565 1269 606 tua
1293 565 1385 606 est.

222 639 342 703 Ipsa
365 654 532 685 comes
557 637 778 684 veniam:
819 653 910 684 nec
937 653 1016 683 me
1043 636 1296 683 salebrosa
1319 636 1588 682 movebunt

291 716 440 771 Saxa,
469 731 559 761 nec
585 715 786 777 obliquo
811 715 959 761 dente
984 714 1233 761 timendus
1260 729 1394 777 aper.

222 793 442 856 AEquora
466 792 583 839 bina
607 792 707 838 suis
733 798 1026 855 oppugnant
1050 791 1281 838 fluctibus
1308 790 1551 845 Isthmon,

289 870 355 917 Et
378 870 540 917 tenuis
565 870 711 916 tellus
738 869 874 916 audit
898 875 1162 931 utrumque
1187 883 1339 914 mare.

1518 870 1607 914 106

221 946 319 994 Hic
344 954 510 994 tecum
536 946 775 994 Troezena
799 947 974 1001 colam,
1004 945 1224 992 Pittheia
1247 960 1420 1007 regna3

286 1024 315 1070 J
322 1040 400 1071 am
424 1039 555 1070 nunc
582 1031 658 1070 est
682 1023 843 1087 patria
867 1023 1049 1085 gratior
1074 1022 1158 1069 illa
1180 1038 1307 1069 mea.

219 1101 464 1164 Tempore
490 1101 647 1156 abest,
675 1100 933 1163 aberitque
959 1099 1043 1146 diu
1071 1099 1354 1163 Neptunius
1381 1100 1553 1156 heros3

286 1177 432 1224 Illum
459 1177 667 1225 Pirithoi
692 1178 882 1225 detinet
906 1193 991 1225 ora
1015 1177 1106 1223 sui.

1518 1180 1609 1224 110

219 1255 499 1318 Praeposuit
522 1254 745 1302 Theseus
772 1255 887 1317 (nisi
914 1255 953 1300 si
980 1252 1240 1300 manifesta
1264 1253 1526 1315 negamus>

286 1332 562 1379 Pirithoum
587 1333 830 1389 Phaedrae,
860 1332 1238 1394 Pirithoumque
1262 1331 1370 1378 tibi.

263 1488 336 1518 106.
360 1487 484 1528 Audin]
511 1486 686 1518 Slichtenh.
703 1498 740 1518 ex
763 1488 819 1520 lib.
835 1489 878 1520 vi.

218 1537 351 1567 Metam.
366 1537 440 1566 419.

264 1586 390 1626 Quaque
399 1587 483 1615 urbes
495 1587 560 1616 alia‘,
574 1587 680 1616 bimari
689 1587 879 1617 claudantur

303 1637 339 1664 ab
356 1634 479 1665 Isthmo.

219 1684 358 1724 Legebat
372 1685 502 1714 claudit.
515 1683 570 1714 sed
586 1683 663 1714 nihil
678 1685 875 1715 mutandum.

217 1732 329 1763 Senec.
345 1733 427 1774 Thy.
447 1734 520 1763 113.

266 1782 370 1812 Vicina
385 1784 496 1823 gracili
512 1784 646 1813 dividens
661 1790 741 1813 terra
760 1785 835 1813 rada

261 1831 364 1871 Longe
376 1838 497 1861 remotos
514 1833 594 1861 tatus
606 1833 727 1862 eiaaclit
741 1844 833 1862 samos.

217 1879 297 1909 Stat.
328 1880 350 1910 i.
378 1880 479 1910 Theb.
509 1881 583 1911 335.
612 1881 644 1911 111
673 1881 878 1923 descriptione

218 1928 344 1958 Isthmi:

263 1977 301 2008 Ιιι
314 1980 415 2009 mediis
431 1980 518 2010 audit
531 1982 590 2010 duo
607 1981 697 2010 litora
713 1982 834 2020 campis.

217 2026 273 2057 Sil.
290 2039 319 2057 v.
339 2028 414 2057 399.

392 2077 573 2117 Fractusque
588 2080 620 2108 rin
635 2080 755 2118 rupibus
772 2080 868 2109 undas

261 2125 358 2154 Audit
377 2125 523 2156 Tartessos
540 2127 609 2157 latis
623 2129 799 2157 distermina
820 2134 878 2158 ter—

305 2169 358 2197 ris.
715 2171 834 2201 Hfflxs.

219 2215 355 2257 Cupiunt
383 2217 450 2247 haec
479 2228 584 2248 omnes
621 2217 803 2260 interpretes
839 2220 878 2251 (10

219 2264 336 2294 Isthmo
354 2265 562 2301 Corinthiam,
580 2272 613 2296 ut
631 2273 662 2297 et
677 2268 823 2299 Heinsius
839 2269 877 2299 ad

218 2313 274 2343 lib.
293 2314 343 2344 vii.
360 2316 440 2345 Met.
456 2316 531 2345 396.
549 2316 602 2345 sed
619 2316 816 2347 manifestum
832 2324 879 2348 cst

220 2362 268 2401 agi
295 2362 333 2393 de
357 2364 516 2399 Troezene,
538 2375 607 2404 quae
630 2376 689 2395 non
713 2365 744 2396 in
760 2366 878 2397 Isthmo

219 2411 428 2448 Corinthiaco,
452 2418 486 2442 ut
508 2413 648 2455 imperite
673 2415 877 2451 Hubertinus,

219 2460 288 2495 sita,
315 2461 369 2491 sed
399 2462 540 2492 remotior
567 2463 605 2492 ab
635 2463 699 2499 illo,
726 2475 819 2505 quam
846 2472 879 2495 ut

220 2510 355 2549 [ligeum
376 2515 407 2540 et
423 2511 544 2540 lonium
568 2512 688 2542 audiret
703 2523 799 2543 mare.
824 2513 878 2543 sed

219 2558 310 2589 credo
325 2558 495 2589 Troezenen
510 2559 601 2590 situm
617 2560 709 2591 fuisse
733 2561 763 2591 in
780 2562 877 2592 Cher-

218 2618 327 2638 soneso
355 2609 501 2649 quadam,
529 2615 560 2639 et
588 2620 657 2640 eam
685 2610 809 2641 alluisse
839 2613 878 2642 ab

219 2662 350 2697 utraque
380 2664 465 2703 parte
490 2668 585 2689 mare.
612 2659 695 2690 unde
710 2659 877 2700 legendum

220 2711 324 2747 putem
339 2717 345 2735 z

264 2755 303 2787 Et
319 2758 414 2788 tenuis
427 2757 515 2788 tellus
528 2758 614 2788 audit
625 2760 774 2799 utrimque
786 2771 876 2791 mare.

947 1485 1099 1528 Intelligit
1114 1487 1219 1517 fauces
1238 1485 1433 1522 Chersonesi,
1449 1486 1480 1517 in
1496 1486 1610 1528 quibus

945 1536 1094 1566 Troezene
1110 1541 1241 1576 utraque
1256 1541 1344 1576 parte
1355 1535 1501 1566 fluctibus
1517 1536 1609 1566 maris

946 1584 1124 1615 feriebatur.
1172 1586 1271 1614 Ambit
1298 1591 1458 1624 utrumque
1486 1591 1552 1616 erat
1577 1585 1608 1615 in

946 1634 1079 1664 duobus.
1117 1636 1267 1674 utrimque
1291 1644 1363 1665 vero
1392 1641 1423 1665 et
1447 1641 1610 1674 *utrumque

944 1683 1036 1714 facile
1049 1683 1223 1714 confudisse
1235 1683 1375 1714 librarios
1387 1694 1425 1714 ex
1438 1684 1608 1726 Propertio.

944 1733 1001 1762 lib.
1017 1732 1063 1762 iii.
1080 1744 1134 1762 xx.
1152 1733 1204 1763 22.
1220 1737 1353 1763 constat.
1370 1738 1402 1763 et
1416 1739 1523 1775 postea
1545 1733 1609 1763 vidi

946 1780 1137 1812 Gronovium
1166 1782 1206 1812 ad
1235 1782 1346 1812 Senec.
1374 1782 1504 1824 Thyest.
1537 1784 1608 1814 112.

946 1830 1029 1861 hunc
1052 1841 1174 1861 versum
1200 1830 1244 1861 ita
1260 1831 1426 1867 adducere,
1442 1832 1516 1862 licet
1532 1832 1609 1863 nihi}

946 1885 1082 1910 moneat.
1129 1881 1245 1910 Bmm.

992 1930 1065 1959 109.
1093 1929 1229 1968 Tempore
1244 1931 1333 1965 abest,
1349 1930 1503 1969 aberitque
1518 1930 1606 1970 dim]

947 1978 985 2008 In
1011 1985 1148 2020 tempore
1173 1985 1204 2009 et
1224 1985 1395 2021 opportune
1416 1980 1514 2010 abest.
1538 1991 1607 2021 quae

947 2027 1008 2057 duo
1037 2028 1167 2057 Plautus
1196 2027 1290 2058 etiam
1313 2027 1345 2057 in
1366 2026 1513 2059 Asinaria
1534 2039 1608 2059 con-

945 2076 1058 2117 junxit.
1082 2076 1126 2107 sic
1143 2076 1252 2107 Cicero
1268 2077 1298 2106 in
1315 2077 1409 2107 Offic.
1434 2078 1482 2107 Ad
1497 2089 1608 2108 coenam

948 2132 1074 2164 tempore
1091 2127 1181 2156 remit.
1208 2125 1362 2167 quomodo
1378 2131 1409 2156 et
1424 2126 1498 2156 alibi
1511 2127 1607 2158 idern.

947 2173 1071 2204 Phaedr.
1087 2174 1140 2204 lib.
1157 2173 1199 2204 iv.
1216 2174 1340 2215 Epilog.

992 2222 1052 2255 Qui
1067 2223 1138 2258 siat,
1155 2224 1301 2262 requiris;
1326 2225 1510 2262 apparebunt
1536 2231 1607 2254 tem-

1029 2282 1111 2310 pore.

947 2320 1093 2350 Ceterum
1110 2331 1127 2351 a
1144 2321 1269 2351 Nasone
1285 2320 1433 2362 scriptum
1451 2322 1543 2352 fuisse
1560 2334 1609 2353 ar-

946 2368 1050 2404 bitror,
1063 2371 1194 2409 absitque
1203 2371 1269 2400 diu.
1286 2369 1330 2400 sic
1348 2377 1493 2401 voventes
1508 2377 1538 2401 et
1554 2372 1607 2401 bo-

946 2429 1019 2447 1111111
1036 2418 1198 2458 augurium
1214 2423 1376 2459 captantes
1392 2419 1608 2460 loquebantur.

947 2467 1059 2497 Noster
1072 2467 1162 2497 Pont.
1180 2466 1236 2497 lib.
1250 2467 1292 2498 iv.
1310 2468 1360 2497 El.
1379 2468 1434 2498 xii.

990 2516 1050 2545 Hic
1075 2518 1213 2546 cumulus
1238 2523 1298 2547 mist
1306 2518 1346 2546 ris
1374 2519 1446 2547 absit
1473 2519 1607 2557 abestque

1031 2566 1128 2595 mulis.

946 2612 1096 2653 Virgilius
1112 2614 1167 2644 lib.
1185 2625 1218 2644 x.

988 2664 1100 2693 fflneas
1116 2665 1242 2705 ignarus
1258 2659 1347 2700 ab'est,
1364 2666 1491 2706 'ignarus
1507 2671 1534 2694 et
1555 2666 1605 2695 ab·

1031 2713 1080 2742 sit.
1440 2713 1560 2743 I‘lEINS.

946 2759 1081 2792 Retineo
1096 2762 1203 2791 aberit.
1231 2772 1290 2792 non
1306 2760 1388 2791 enim
1404 2772 1441 2793 ex
1454 2767 1524 2793 voto
1539 2772 1604 2797 suo,
