1849 3198
183 210 241 252 72
568 213 618 253 P.
652 211 866 254 OVIDII
899 211 1179 253 NASONIS

187 325 255 374 Et
278 343 389 390 quae
415 328 674 376 nescierim
700 328 890 376 melius.
930 327 1058 375 male
1082 326 1319 391 quaeritur
1342 326 1524 384 herbis,

254 403 480 452 Moribus
506 412 556 452 et
579 405 734 453 forma
757 405 1111 461 conciliandus,
1139 421 1290 453 amor.

188 478 333 528 Hanc
358 488 500 546 potes
526 482 790 546 amplecti?
833 482 1151 546 thalamoque
1176 482 1376 530 relictus
1401 482 1451 528 in
1474 498 1572 529 uno

255 556 542 622 Impavidus
568 576 755 615 somno,
783 567 927 607 nocte
952 560 1143 616 silente,
1170 559 1295 607 frui?

1509 562 1571 607 96

192 633 395 683 Scilicet
419 642 473 683 ut
496 642 678 692 tauros,
706 637 775 684 ita
798 643 847 684 te
865 638 990 700 juga
1012 637 1136 685 ferre
1161 637 1348 700 coegit:

258 711 471 776 Quaque
496 713 623 761 feros
649 729 851 776 angues,
878 722 928 762 te
953 732 1153 778 quoque
1178 716 1377 770 mulcet,
1405 731 1515 778 ope.

189 788 351 846 Adde,
379 791 512 853 quod
538 791 751 838 adscribi
776 790 918 838 factis
943 808 1305 855 procerumque
1330 791 1530 855 tuisque

259 867 325 914 Se
351 866 506 924 favet;
545 874 594 914 et
617 868 759 914 titulo
784 868 1008 931 conjugis
1033 885 1157 915 uxor
1181 869 1339 916 obest.

1483 872 1574 915 100

190 943 360 1007 Atque
386 944 563 1008 aliquis
591 945 743 992 Peliae
769 946 831 993 de
856 946 1079 1010 partibus
1105 953 1217 992 acta
1238 945 1441 993 venenis

258 1021 494 1085 Imputat,
522 1029 572 1070 et
596 1024 850 1087 populum,
880 1024 963 1087 qui
990 1024 1083 1071 sibi
1108 1024 1292 1080 credat,
1320 1023 1486 1071 habet.

232 1125 287 1155 93.
306 1124 347 1154 Et
357 1135 420 1164 quoe
434 1126 617 1167 nescierim]
645 1126 741 1157 Varia
754 1126 848 1157 lectio

190 1179 247 1210 est,
259 1173 464 1205 scribentibus
476 1174 554 1211 aliis,
567 1180 595 1205 et
608 1187 668 1215 quir
681 1177 847 1206 nescierim:

190 1225 332 1254 meliusne
346 1235 401 1265 age
416 1226 561 1264 qum-itur·
576 1225 688 1255 herbis?
711 1225 770 1255 ἃς.
795 1235 850 1266 per

191 1272 476 1314 interrogationem.
516 1273 595 1310 aliis,
620 1280 649 1304 et
671 1286 733 1314 ‹111ae
757 1276 850 1305 nesci-

191 1323 279 1352 erim:
303 1323 407 1352 melius
426 1334 511 1364 mage
525 1325 671 1364 quaerz'tur
686 1325 792 1354 herbis.
816 1330 852 1354 ut

191 1371 231 1401 sit
253 1383 337 1413 mage
352 1371 471 1402 dictum
494 1383 548 1413 pro
570 1375 675 1415 magis,
691 1374 851 1414 meliusque

192 1420 373 1453 adverbium
389 1431 460 1452 cum
471 1423 677 1453 conciliandus
692 1428 851 1454 construa-

192 1476 253 1501 tur.
269 1470 324 1500 sed
339 1481 394 1500 nos
406 1469 556 1501 Aldinam
571 1471 738 1502 lectionem
753 1472 851 1502 secuti

192 1530 308 1555 sumuS‚
331 1530 401 1560 quae
422 1526 454 1550 et
478 1518 646 1561 simplicior
668 1526 699 1551 et
718 1520 850 1561 planior.

192 1574 228 1599 ut
250 1568 289 1599 sit
311 1578 431 1599 sensuS.
455 1574 487 1599 et
502 1580 570 1610 quae
589 1580 646 1610 ego
662 1570 772 1601 melius
787 1569 851 1601 sive

192 1617 307 1649 rectius
323 1617 497 1648 nescierim.
521 1618 602 1649 male
612 1618 694 1649 enim
706 1619 852 1661 quaeritur

193 1666 297 1698 herbis
325 1677 419 1702 amor,
450 1667 503 1708 qui
530 1667 666 1699 moribus
695 1676 726 1699 et
755 1669 852 1700 forma

192 1715 405 1747 conciliandus
421 1721 498 1747 erat.
543 1717 672 1747 Mrem..

235 1766 290 1796 96.
316 1765 425 1806 Frui.]
452 1766 526 1796 Non
547 1766 661 1797 damno
687 1765 766 1797 hanc
788 1767 850 1798 lee-

192 1813 322 1844 tionem.
352 1814 407 1845 sed
428 1813 532 1845 nescio
548 1825 586 1845 an
602 1825 664 1845 non
680 1815 852 1857 elegantior

193 1862 233 1893 sit
247 1862 484 1904 Argentinensis
500 1862 616 1894 codicis
637 1863 729 1894 lectio
741 1867 850 1904 premi.

192 1911 225 1942 id
240 1917 288 1943 est
309 1918 373 1942 tam
396 1912 459 1942 alte
481 1917 512 1942 et
534 1923 640 1944 secure
656 1913 799 1950 dormire,
815 1925 851 1945 ac

193 1962 218 1993 si
241 1961 362 1992 nullum
385 1961 441 1992 tibi
462 1962 636 2004 periculum
651 1974 669 1994 a
684 1974 776 2004 maga
797 1963 852 1995 illa

192 2009 380 2041 immineret.
417 2010 589 2052 profundus
618 2011 701 2042 enim
727 2023 852 2044 somnus

193 2059 295 2101 arguit
307 2061 415 2090 abesse
430 2070 553 2091 omnem
569 2061 709 2092 timorem
721 2068 752 2092 et
766 2063 851 2093 solli-

193 2108 375 2141 citudinem.
399 2108 513 2149 Virgil.
531 2109 634 2141 Culic.
653 2110 725 2141 159.

237 2158 347 2188 Securo
358 2168 468 2196 pressos
482 2169 579 2189 somno
591 2160 787 2190 mandaverat
801 2171 852 2190 ar-

279 2213 339 2237 tus.

194 2257 309 2288 Noster
323 2255 384 2297 Ep.
400 2267 432 2286 x.
452 2256 525 2287 109.

239 2306 382 2336 Crudeles
403 2307 505 2342 somni,
519 2307 570 2346 qni
592 2317 635 2336 me
657 2308 792 2338 tenuistis
806 2308 852 2337 in-

322 2360 413 2384 erlem
422 2355 434 2384 ἶ)

281 2403 323 2433 At
344 2405 430 2434 semel
452 2404 563 2434 (sternii
588 2411 672 2435 nocte
693 2407 853 2445 premenda

311 2452 383 2493 fiii.

196 2501 235 2531 Et
246 2499 289 2531 ita
302 2500 417 2542 passim
430 2502 546 2538 Poetae,
558 2502 682 2543 quando
693 2508 746 2534 aut
756 2503 794 2534 de
807 2503 853 2534 ni-

197 2550 258 2580 mio
274 2549 355 2587 vino,
372 2556 425 2581 aut
439 2551 533 2581 etiam
544 2557 653 2588 morte,
665 2552 718 2593 qui
729 2563 853 2584 somnus

196 2605 374 2641 perpetuus,
384 2599 565 2642 loquuntur.
591 2602 733 2643 Propert.
745 2602 779 2633 ii.
796 2602 851 2634 xii.

195 2649 250 2679 42.

242 2697 281 2728 Et
294 2699 385 2737 pressi
400 2700 493 2729 multo
508 2701 633 2730 membra
641 2702 746 2740 jacere
761 2712 850 2732 mero.

198 2747 308 2779 Horat.
324 2746 347 2779 i.
364 2747 427 2779 Od.
445 2749 477 2779 4.

1172 1126 1242 1157 Jam
1258 1133 1286 1157 te
1297 1133 1407 1166 premet
1424 1139 1489 1164 ηοω,

961 1176 1137 1217 Fahulcrqne
1152 1188 1262 1207 mams-

917 1225 957 1256 Et
972 1225 1043 1256 hinc
1064 1236 1188 1266 quoque
1204 1226 1317 1266 passim
1332 1236 1437 1266 graves
1457 1236 1576 1263 somno,

918 1280 950 1305 et
964 1274 1035 1305 vino
1049 1273 1271 1316 βεβαρημένοι
1286 1274 1406 1305 Graecis
1418 1274 1576 1307 dicuntur.

918 1324 1020 1353 Lucas
1040 1324 1162 1364 Evang.
1186 1323 1230 1353 ix.
1257 1325 1311 1354 32.
1331 1330 1362 1354 et
1377 1322 1442 1354 xxi.
1466 1324 1520 1355 34.
1545 1329 1578 1355 et

920 1372 1053 1404 Ovidius
1068 1372 1113 1403 iii.
1130 1373 1213 1402 Met.
1229 1373 1304 1403 608.
1334 1372 1395 1403 Ille
1411 1385 1489 1404 mero
1503 1385 1576 1404 som-

919 1433 1011 1462 noque
1038 1423 1152 1463 gravis.
1190 1421 1304 1452 Noster
1329 1422 1412 1452 Met.
1442 1433 1496 1454 xv.
1522 1424 1576 1453 21.

921 1470 1059 1501 Pressum
1077 1473 1228 1512 gravitate
1242 1473 1349 1511 soporis
1367 1471 1509 1513 Claviger
1523 1475 1578 1503 ad-

921 1521 1064 1560 loquitur.
1095 1526 1126 1551 et
1149 1520 1276 1562 passim.
1308 1520 1352 1551 ita
1378 1532 1502 1562 quoque
1524 1534 1575 1562 ορ-

916 1580 1047 1608 pressum
1069 1581 1164 1600 somno
1183 1572 1272 1611 gravi
1293 1569 1371 1600 dixit
1395 1570 1502 1602 Livius
1520 1571 1576 1602 vii.

920 1619 974 1649 39.
1000 1623 1030 1648 et
1046 1618 1151 1649 Caesar
1165 1618 1197 1649 ii.
1214 1619 1285 1649 Bel.
1302 1619 1363 1649 civ.
1381 1620 1434 1650 38.
1459 1626 1490 1650 et
1504 1621 1576 1651 Ter.

918 1667 1001 1697 Eun.
1018 1668 1064 1698 iii.
1081 1670 1113 1698 5.
1130 1668 1253 1698 Somnus
1268 1670 1413 1709 virginem
1426 1673 1577 1710 opprimit.

918 1716 973 1746 sed
989 1717 1056 1747 haec
1067 1717 1133 1758 jam
1149 1717 1256 1748 nimia.
1271 1718 1397 1760 rzfisrai
1413 1718 1507 1750 etiam
1522 1732 1578 1753 sua

919 1765 1076 1807 elegantia
1090 1766 1181 1797 inest.
1228 1767 1347 1798 Bunm.

966 1817 1037 1846 101.
1077 1816 1168 1847 Peliae
1201 1818 1237 1847 de
1267 1818 1436 1858 partibus]
1476 1819 1578 1852 Recte

916 1871 1016 1904 partes
1036 1864 1127 1896 dixit.
1152 1877 1223 1896 nam
1239 1866 1347 1908 populi
1367 1878 1438 1908 pars
1454 1868 1579 1900 favebat

918 1913 1026 1950 Peliae,
1049 1925 1120 1956 pars
1141 1915 1264 1945 AEsoni.
1294 1916 1400 1947 Valer.
1423 1918 1529 1949 Flacc.
1554 1919 1576 1950 i.

920 1963 972 1993 70.
990 1963 1028 1994 de
1043 1964 1062 1994 J
1066 1974 1158 1995 asone
1173 1964 1231 1995 iter
1249 1975 1268 1995 a
1287 1965 1375 1997 Pelia
1398 1968 1578 1999 mandalum

919 2012 1115 2053 auspicatum
1127 2025 1133 2042 :

963 2061 1034 2091 Heu
1061 2064 1133 2101 quid
1161 2069 1243 2104 agat,
1269 2065 1449 2103 populumne
1478 2067 1578 2103 levem,

1005 2113 1154 2152 veterique
1172 2119 1300 2153 tyranno

963 2159 1130 2202 Infensum,
1147 2168 1235 2202 atque
1249 2164 1318 2193 olim
1337 2165 1508 2196 miserantes
1523 2168 1577 2197 AE-

1003 2221 1073 2240 sona
1086 2218 1186 2250 partes

963 2260 1105 2290 Advacet.

919 2308 970 2339 Sic
995 2320 1027 2339 n.
1054 2309 1168 2351 optime
1197 2310 1332 2342 Aldinus
1356 2312 1467 2343 codex.
1495 2315 1578 2355 quod

920 2357 1030 2388 mirum
1060 2359 1213 2390 neminem
1243 2360 1445 2402 interpretum
1473 2364 1578 2394 obser-

920 2418 1018 2443 vasse,
1034 2407 1138 2449 inepte
1160 2408 1253 2449 vulgo
1276 2412 1446 2441 miserantes
1468 2413 1580 2443 AE'sona

918 2463 1018 2497 patres
1033 2457 1142 2487 eodem
1158 2458 1236 2488 libro
1251 2459 1289 2489 de
1305 2461 1423 2491 sEsone
1436 2473 1441 2490 :

963 2507 1012 2536 Sic
1038 2519 1119 2537 cnrae
1143 2510 1256 2538 subiere
1282 2511 1397 2547 dacem,
1415 2511 1579 2552 ferrumne

1005 2564 1133 2595 capessat

964 2604 1095 2641 Imbelle,
1112 2613 1199 2647 utque
1220 2609 1274 2638 ervi
1297 2610 1392 2638 senior
1413 2612 1579 2650 gestamina

1002 2665 1103 2693 primi,

964 2703 1010 2733 An
1033 2709 1132 2742 partes
1152 2707 1293 2746 regnique
1320 2713 1409 2737 acuat
1436 2708 1578 2738 mutabile

1005 2753 1125 2794 vulgus.
