1849 3198
162 174 249 216 326

554 176 603 216 Ρ.
639 175 853 218 OVIDII
887 175 1168 217 NASONIS

166 289 306 346 Quis,
324 290 417 336 nisi
434 291 509 337 vel
535 291 693 347 1111165,
711 291 788 338 vel
814 308 1000 347 amans,
1019 298 1069 338 et
1086 291 1268 353 frigora
1292 291 1468 347 noctis,
1499 294 1555 337 15

231 366 297 413 Et
320 367 476 414 denso
502 368 686 414 mixtas
711 368 926 432 perferet
951 369 1106 415 imbre
1132 368 1302 414 nives?

163 442 384 490 Mittitur
409 444 613 491 infestos
640 446 764 492 alter
789 446 1074 509 speculator
1100 446 1149 491 in
1175 446 1366 492 hostes:

232 511 292 566 In
317 521 466 568 rivale
493 523 663 568 oculos
690 523 828 577 alter,
857 529 910 569 ut
935 523 1093 578 hoste,
1121 528 1274 569 tenet.

161 596 251 644 Ille
277 614 451 660 graves
476 600 641 654 urbes,
669 599 748 645 hic
774 600 910 645 durae
937 599 1088 646 limen
1114 599 1285 645 amicae

229 674 444 722 Obsidet
461 675 589 727 :s'hic
615 683 783 738 portas
810 675 1006 738 frangit,
1036 682 1085 723 at
1109 676 1190 722 ille
1216 675 1362 722 fores.

1486 678 1550 720 20

161 752 309 816 Saepe
334 759 591 816 soporatos
618 753 848 800 invadere
874 752 1058 816 profuit
1082 753 1279 808 1105165;

226 830 434 877 Caedere
460 837 510 877 61
535 831 722 877 armata
747 832 923 893 vulgus
950 831 1136 878 inerme
1162 847 1327 877 manu.

159 907 243 954 Sic
268 907 372 954 fera
395 907 610 955 Threicii
637 908 926 955 ceciderunt
951 909 1151 971 agmina
1176 908 1333 955 Rhesi
1354 925 1362 954 :

225 984 291 1032 Et
315 985 570 1031 dominum
595 986 730 1049 capti
755 987 1046 1034 deseruistis
1073 987 1206 1050 equi.

161 1061 307 1124 Saepe
333 1062 623 1108 maritorum
650 1064 835 1109 somnis
863 1070 1067 1110 utuntur
1093 1070 1345 1119 amantes3

1485 1065 1547 1107 25

223 1138 290 1185 Et
315 1154 406 1185 sua
431 1139 605 1202 sopitis
633 1140 858 1187 hostibus
885 1157 1022 1188 arma
1045 1148 1260 1188 movent.

155 1214 435 1262 Custodum
462 1217 669 1264 transire
695 1233 888 1273 manus,
915 1218 1221 1280 vigilumque
1248 1223 1487 1271 catervas,

220 1291 413 1348 Militis,
442 1300 492 1340 et
517 1294 683 1341 miseri
710 1312 907 1359 semper
932 1297 1142 1343 amantis
1164 1300 1310 1359 opus.

150 1367 287 1416 Mars
304 1370 502 1427 dubius,
521 1388 612 1419 nec
633 1379 769 1420 certa
784 1373 981 1429 Venus;
1010 1374 1231 1437 victique
1252 1377 1540 1434 resurgunt:

212 1445 453 1510 Quosque
478 1464 631 1511 neges
658 1466 895 1512 umquam
921 1467 1069 1514 posse
1089 1452 1274 1514 jacere,
1302 1449 1504 1496 cadunt.

149 1522 280 1585 Ergo
302 1525 546 1573 desidiam
573 1527 877 1591 quicumque
903 1529 1098 1576 vocavit
1123 1543 1357 1582 amorem,
1476 1528 1533 1572 31

214 1599 440 1648 Desinat.
469 1592 664 1664 'ingenii
691 1612 768 1651 est
793 1606 1096 1668 experientis
1124 1621 1275 1652 amor.

144 1782 217 1819 lem,
234 1782 259 1813 si
285 1783 362 1824 quid
387 1785 567 1815 novandum
593 1786 727 1823 videtur,
741 1800 807 1828 pus-

141 1843 241 1869 surus,
272 1833 355 1874 quod
379 1833 481 1875 ipsum
507 1836 636 1866 verbum
668 1836 809 1878 pericula

143 1887 174 1912 et
191 1881 410 1913 difficultatem
426 1883 633 1925 navigationis
647 1887 806 1928 exprimit.

143 1930 252 1960 Valer.
271 1931 358 1962 Flac.
375 1932 429 1962 vii.
446 1933 519 1963 490.

186 1979 271 2010 Tunc
308 1982 362 2017 ait,
392 1982 563 2013 AEsonidem
591 1985 751 2024 quidquam
781 1992 808 2015 te

225 2030 300 2060 velle
315 2032 423 2061 *relicta

186 2077 300 2114 Credis,
317 2085 345 2109 et
361 2081 429 2110 ulla
441 2082 509 2120 pati
523 2082 585 2111 sine
603 2088 631 2112 te
646 2083 720 2112 loca.

642 2132 759 2162 Eunai.

183 2176 233 2206 17.
263 2177 648 2220 Mittitur..speculator]
683 2181 802 2222 Specu-

135 2224 224 2261 Iator,
254 2225 363 2266 graecis
392 2225 540 2269 διοπτὴρ,
566 2234 598 2258 et
623 2228 802 2271 ὃιάγγελος,

135 2274 289 2305 carnificis
315 2275 451 2306 officium
480 2278 662 2318 peragebat,
687 2279 718 2309 in
742 2280 802 2310 reis

135 2323 237 2365 capite
264 2324 420 2355 damnatis
450 2325 657 2357 decollandis.
703 2329 799 2360 Dice-

132 2372 226 2403 batur
241 2384 365 2415 quoque
381 2380 485 2405 custos
506 2376 641 2417 corporis
664 2377 798 2419 impera-

132 2422 222 2461 torii3
246 2429 277 2453 61
291 2423 323 2453 111
338 2434 369 2454 16
383 2425 500 2460 navali,
517 2425 555 2455 de
572 2426 636 2462 illo,
653 2427 706 2469 qui
724 2438 799 2469 quo-

132 2471 225 2502 modo
240 2472 396 2503 flectenda
410 2474 497 2503 navis
509 2474 540 2504 in
557 2474 633 2505 locis
645 2476 799 2516 periculo-

130 2520 182 2556 sis,
212 2522 451 2561 gubernatorem
488 2523 689 2555 admonebat.
739 2526 800 2555 Pro

131 2571 327 2609 exploratore,
344 2570 394 2601 hic
411 2570 627 2613 accipiendus.

172 2637 216 2642 ·—
232 2618 371 2660 Utfama
380 2620 477 2660 fidem
492 2622 628 2661 missique
642 2628 798 2661 reportant

174 2667 392 2706 Exploratores.
410 2668 503 2710 Virg.
522 2669 563 2700 xi.
576 2671 650 2700 511.
675 2669 795 2701 ΛΜΑη.

175 2716 226 2746 19.
252 2716 366 2747 Graves
391 2717 504 2758 urbes]
535 2718 622 2749 Male
649 2718 698 2749 hic
724 2719 796 2750 Ma-

877 1788 940 1819 rius
965 1788 1114 1830 explicat,
1133 1788 1164 1817 in
1187 1787 1300 1829 quibus
1326 1786 1545 1828 expugnandis

878 1838 1010 1868 multum
1034 1837 1177 1867 laborant
1198 1835 1323 1872 milites,
1338 1836 1387 1866 vel
1411 1835 1443 1866 in
1466 1846 1543 1876 qua—

876 1897 944 1917 rum
973 1885 1135 1917 obsidione
1164 1886 1262 1927 major
1285 1885 1366 1916 inest
1391 1885 1540 1925 gravitas,

877 1946 971 1976 quam
1000 1935 1032 1965 in
1061 1935 1223 1965 amatoria.
1259 1934 1314 1965 sed
1341 1945 1447 1975 graves
1470 1939 1543 1964 sunt

876 1984 987 2014 vicinis
1002 1984 1101 2014 noxiae
1117 1989 1149 2015 et
1174 1983 1384 2014 imminentes.
1409 1988 1441 2013 ut
1456 1983 1540 2013 Flor.

876 2032 898 2063 i.
916 2035 948 2063 3.
997 2035 1125 2064 Αἰὸαηοε
1141 2044 1263 2075 gravem
1283 2033 1435 2072 Populum
1451 2032 1540 2063 dicit.

875 2087 906 2112 et
932 2083 976 2113 ita
1001 2082 1145 2114 Justinus
1169 2087 1201 2112 et
1225 2081 1278 2112 alii
1304 2081 1433 2113 centies.
1466 2092 1537 2112 mox

874 2130 995 2172 Regius
1009 2134 1094 2162 dirae.
1140 2132 1257 2161 Bmm.

916 2182 970 2211 26.
1011 2182 1051 2211 Et
1081 2192 1146 2217 sua,
1175 2181 1234 2212 &c.
1260 2180 1407 2220 moveras]
1449 2180 1539 2211 Unus

872 2229 995 2260 Heinsii
1022 2229 1110 2266 liber,
1137 2230 1275 2270 Soevaque
1297 2232 1396 2269 sopitis
1423 2229 1461 2260 Et
1484 2241 1537 2260 sua

868 2280 969 2318 sopitis
985 2280 1113 2309 hostibus
1128 2290 1213 2309 arma
1225 2285 1341 2314 nocent,
1356 2278 1489 2309 Sarravii
1507 2285 1538 2309 et

868 2327 995 2357 Moreti.
1028 2328 1112 2368 quod
1138 2327 1235 2357 multo
1264 2326 1436 2369 planiorem
1463 2327 1537 2358 facit

868 2386 1014 2414 sensun1;
1054 2376 1156 2406 hostes
1186 2386 1298 2417 nempe
1329 2375 1444 2417 sopitos
1472 2376 1537 2407 suis

868 2424 961 2455 armis
976 2425 1086 2456 occidi.
1133 2426 1251 2455 Bmm.

911 2474 963 2504 27.
990 2474 1159 2514 Transire]
1187 2474 1350 2516 Proprium
1374 2474 1406 2505 in
1429 2474 1488 2505 hac
1503 2485 1535 2506 re

867 2524 1008 2554 verbum.
1053 2523 1155 2554 Tacit.
1174 2524 1239 2555 xiv.
1257 2524 1331 2554 Am.
1349 2525 1403 2554 44.
1451 2524 1535 2555 Num

867 2574 1002 2611 eoecnbius
1026 2574 1180 2609 transiret,
1196 2574 1420 2614 cubiculijbres
1435 2574 1533 2603 reclu-

865 2623 968 2659 rleret5
1007 2623 1107 2652 lumen
1136 2623 1277 2663 inferret,
1307 2623 1366 2653 Sec.
1401 2624 1533 2653 omnibus

864 2672 992 2701 nesciis?
1018 2672 1158 2702 Transii-e
1174 2673 1271 2702 oculas
1284 2670 1422 2703 habebat
1436 2673 1530 2702 Fran-

864 2720 1059 2752 cosurtensis.
1086 2732 1146 2751 non
1161 2722 1336 2753 invenuste.
1383 2723 1500 2753 BunM.
