1849 3198
622 193 919 242 AMORUM.

985 194 1102 236 LIB.
1138 195 1174 235 Ι.
1207 196 1275 236 14.
1564 197 1649 238 339

251 308 334 364 At,
363 310 402 355 si
429 325 577 372 passa
601 309 745 364 foreS‚
774 310 894 371 quid
914 316 1020 356 erat
1045 311 1316 373 spatiosius
1343 311 1473 358 illis?

320 386 646 449 Contigerant
670 388 840 441 imum,
869 387 969 449 qua
994 394 1133 450 patet
1158 404 1336 450 usque,
1363 389 1510 435 latus.

253 462 420 516 Quid?
459 465 593 526 quod
619 472 759 511 erant
783 471 977 519 tenues,
1000 471 1050 511 et
1069 480 1196 526 quos
1216 481 1389 513 ornare
1415 466 1647 514 timeres?

319 540 444 587 Vela
468 541 670 588 colorati
697 541 865 603 qualia
893 541 1040 589 Seres
1063 542 1284 589 habent?
1618 547 1647 591 6

253 615 345 663 Vel
371 618 499 680 pede
525 619 659 681 quod
685 619 855 680 gracili
881 619 1087 666 deducit
1112 635 1294 666 aranea
1317 619 1471 675 filum,

321 693 451 740 Cum
475 696 580 742 leve
606 696 805 742 deserta
834 696 927 742 sub
953 697 1094 743 trabe
1120 696 1278 743 nectit
1302 697 1461 759 opus?

254 770 362 818 Nec
387 779 554 819 tamen
581 780 685 820 ater
710 779 829 829 erat,
858 789 949 820 nec
977 780 1082 820 erat
1106 781 1274 820 tamen
1301 789 1477 820 aureus
1504 773 1616 829 illis,

323 848 441 904 Sed,
468 851 693 912 quamvis
720 858 910 906 neuter,
939 851 1126 898 mixtus
1154 859 1366 914 uterque
1392 851 1544 898 color.
1589 854 1648 897 ]Ο

255 924 466 978 Qualem
492 927 687 974 clivosae
716 928 927 974 madidis
954 929 1002 974 in
1027 929 1236 975 vallibus
1264 928 1369 975 Idae

320 1002 492 1051 Ardua
515 1005 721 1068 derepta
746 1006 930 1053 cortice
957 1007 1135 1052 cedrus
1157 1006 1325 1053 habet.

252 1078 414 1136 Adde,
444 1082 578 1143 quod
604 1089 654 1128 et
679 1082 883 1138 docileS,
911 1090 961 1130 et
987 1090 1189 1130 centum
1215 1082 1429 1129 flexibus
1456 1083 1575 1146 apti,

323 1155 388 1203 Et
412 1158 502 1204 tibi
529 1159 709 1205 nullius
736 1176 915 1207 caussa
940 1161 1123 1208 doloris
1150 1167 1305 1208 erant.

255 1373 364 1397 nostrae
390 1367 539 1409 capillum
564 1369 662 1398 cinere
687 1369 917 1410 inungitabant‚

254 1422 288 1446 ut
305 1418 416 1447 rutilus
440 1422 522 1447 esset
537 1417 667 1447 crinis.’'
715 1419 799 1449 Ciuis
813 1426 917 1450 autem

255 1475 316 1506 quo
332 1466 530 1497 infucabatur
545 1467 743 1508 capillitium,
759 1474 793 1499 ut
811 1469 917 1499 rutila—

254 1521 310 1550 ret,
320 1526 381 1546 non
396 1516 422 1546 is
439 1516 492 1557 qui
508 1527 524 1546 e
541 1516 628 1550 focis.
645 1524 805 1548 consumto
820 1518 916 1559 ligno,

254 1564 431 1605 colligitur3
454 1565 509 1595 sed
525 1565 577 1607 qui
595 1576 631 1596 ex
657 1577 802 1608 expresso
817 1567 917 1598 desic-

253 1620 385 1655 catoque
406 1614 571 1645 herbarum
595 1616 800 1656 quarumdam
825 1628 918 1648 succo

255 1663 486 1699 conficiebatur,
510 1675 547 1694 eo
574 1665 636 1695 fere
665 1676 726 1705 quo
752 1666 835 1707 apud
865 1677 918 1697 nos

254 1712 355 1749 modo,
372 1713 553 1755 pastellum.
603 1714 756 1745 Cinermii
770 1715 917 1746 diceban-

254 1768 303 1793 tur
318 1762 350 1799 ii,
368 1763 422 1804 qui
436 1765 565 1794 cinerem
581 1763 662 1794 hunc
677 1763 849 1805 parandum
864 1775 918 1795 cu-

254 1817 369 1847 rarent,
395 1818 600 1853 paratumque
625 1812 748 1854 capillis
772 1812 917 1843 infunde-

255 1867 333 1897 rent,
349 1867 380 1892 et
396 1860 449 1902 qui
473 1861 658 1891 calamistris
676 1861 708 1891 in
724 1864 822 1892 cinere
835 1862 919 1892 cale-

255 1910 345 1941 factis
385 1915 480 1951 caput
523 1909 726 1940 adornabant.
785 1911 918 1951 Egregie

253 1959 465 1990 Tertullianus
480 1959 532 1999 (de
551 1958 781 2000 Cultufemin.)
799 1959 918 1989 invehi>

255 2014 304 2039 tur
319 2008 351 2038 in
366 2019 483 2039 morem
506 2008 589 2038 hunc
605 2008 746 2049 capillos,
762 2008 801 2039 ad
824 2008 919 2039 instar

255 2063 453 2089 externarum
469 2058 620 2099 gentium,
637 2057 799 2099 pingendi.
825 2063 844 2075 ‘¹
863 2059 917 2088 Vi-

255 2106 314 2137 deo
330 2107 492 2148 quasdam,
510 2106 623 2147 inquit,
640 2107 831 2148 etcapillum
854 2119 917 2137 cro-

254 2167 287 2186 co
302 2162 432 2187 vertere.
478 2155 581 2186 Pudet
597 2166 649 2186 eas
668 2155 761 2186 etiam
786 2156 919 2187 nationis

254 2215 330 2240 suae,
359 2205 442 2246 quod
473 2216 533 2236 non
558 2206 715 2236 Germana>
742 2212 795 2236 aut
820 2207 918 2236 (lalltr

255 2253 318 2284 sint
346 2259 533 2296 procreatae:
573 2253 616 2284 ita
644 2254 774 2295 patriam
804 2255 918 2296 capillo

255 2303 485 2333 transferunt!”
513 2302 631 2332 AMAn.

300 2353 330 2382 3.
355 2352 386 2381 Si
405 2351 614 2392 passafores]
641 2352 672 2381 Si
693 2358 842 2382 contenta
864 2364 917 2383 na-

256 2401 348 2431 turali
387 2401 489 2432 colore
520 2401 671 2442 potuisses
700 2401 775 2443 pati,
810 2402 840 2432 id
873 2410 919 2432 est

256 2461 316 2480 non
332 2449 529 2492 impatienter
541 2450 617 2481 serre
631 2450 732 2491 nigros
749 2450 803 2481 tibi
820 2451 917 2492 capil-

256 2499 302 2530 los
316 2509 382 2530 esse
393 2499 492 2530 datos.
508 2498 552 2530 ita
562 2501 627 2538 pali
642 2499 824 2541 simpliciter
838 2501 916 2531 sumi

257 2548 363 2579 docuit
385 2559 524 2580 summus
545 2549 721 2580 Gronovius
745 2550 782 2579 ad
805 2550 915 2580 Senem

256 2597 387 2638 Thyest.
406 2598 480 2628 468.
499 2603 529 2627 et
545 2597 610 2628 alii.
657 2598 774 2627 Brun.

300 2647 332 2676 6.
355 2647 423 2676 Vela
437 2648 561 2677 colorati
571 2649 674 2687 qualia
686 2647 767 2677 Seres
780 2647 914 2686 habent]

260 2694 359 2726 Recte
383 2695 495 2726 vidisse
520 2695 657 2726 Marium
684 2701 759 2737 puto
780 2695 916 2736 ineptam

258 2745 518 2784 comparationem
536 2744 653 2774 institui
672 2744 845 2775 atenuibns
860 2743 915 2773 eri-

988 1370 1079 1400 nibus
1104 1371 1142 1400 ad
1168 1370 1247 1405 vela,
1275 1381 1344 1411 quae
1369 1369 1434 1399 lata
1459 1377 1489 1399 et
1512 1379 1650 1410 expansa

986 1426 1068 1450 sunt.
1106 1431 1202 1461 qimre
1231 1426 1338 1461 putem
1367 1419 1418 1449 hic
1446 1419 1649 1460 repetendam

987 1480 1095 1500 vocem
1123 1480 1159 1500 ex
1190 1469 1333 1510 sequenti
1365 1479 1454 1499 versu
1470 1469 1546 1508 fila,
1578 1479 1648 1509 quae

986 1519 1100 1559 passim
1118 1529 1136 1549 a
1152 1519 1257 1549 Poetis
1272 1518 1398 1549 Seribus
1418 1517 1647 1548 adscribuntur.

986 1570 1096 1600 Senec.
1114 1567 1245 1610 Hippol.
1258 1569 1332 1598 388.

1032 1617 1170 1657 Quaecfilu
1191 1618 1280 1647 ramis
1294 1617 1393 1646 ‘ultimi
1409 1615 1492 1645 Seres
1507 1616 1624 1655 legunt.

986 1667 1036 1696 Ita
1059 1666 1142 1696 enim
1159 1667 1222 1706 fila
1247 1666 1356 1696 Serum
1379 1664 1548 1695 credebant
1564 1669 1649 1694 vete—

987 1726 1046 1751 res,
1058 1725 1095 1745 ex
1113 1715 1261 1755 lanugine
1277 1715 1419 1745 arborum
1435 1713 1560 1744 deduci.
1576 1723 1649 1743 nam

988 1764 1076 1805 Yirg.
1093 1764 1126 1794 ii.
1145 1765 1261 1805 Georg.
1282 1765 1354 1794 120.

1029 1832 1072 1836 —
1090 1813 1219 1843 Nemora
1235 1813 1407 1852 1Ethiolmm
1419 1812 1499 1841 molli
1508 1813 1649 1842 canentia

1075 1864 1157 1897 Ιιιηα,

1036 1912 1208 1951 Velim-aque
1223 1916 1255 1939 ut
1267 1910 1358 1951 soliis
1372 1912 1527 1948 depectant
1546 1910 1650 1939 tenuia

1074 1959 1155 1989 Seres
1160 1982 1168 1990 .
1486 1958 1536 1988 Bu
1542 1969 1590 1988 mu
1597 1980 1604 1987 .

1030 2010 1061 2039 9.
1087 2009 1149 2039 Nec
1179 2014 1276 2038 tamen
1303 2014 1369 2037 ater
1392 2014 1468 2043 erat,
1492 2007 1572 2047 δια]
1600 2007 1650 2037 Ita

987 2057 1128 2100 Bathylli
1155 2068 1260 2088 comas
1283 2057 1448 2087 Anacreon
1474 2056 1561 2098 pingi
1583 2056 1650 2087 vult

987 2107 1050 2137 Od.
1068 2106 1152 2138 xxix.

1075 2157 1224 2197 Λιπαρὰς
1240 2156 1340 2196 κόμας
1356 2155 1507 2193 ποίησον,

1074 2207 1122 2236 Τὰ
1135 2207 1195 2246 μὲν
1211 2204 1340 2236 ἔνδοθεν
1354 2204 1524 2246 μελαίνας,

1073 2256 1121 2286 Τὰ.
1135 2254 1159 2285 δ’
1174 2255 1204 2291 ἐς
1220 2255 1322 2295 ἄκρον
1338 2253 1491 2292 ὴλιώσας.

989 2304 1049 2333 Ubi
1063 2303 1117 2334 viri
1134 2303 1217 2334 docti
1227 2303 1310 2333 hunc
1324 2302 1431 2333 Ovidii
1448 2303 1551 2333 locum
1564 2308 1646 2333 recte

988 2352 1160 2383 adducunt.
1207 2353 1326 2383 Birnm.

1034 2403 1081 2433 12.
1111 2402 1236 2442 Direpto
1257 2402 1394 2442 cortica]
1432 2402 1560 2440 Dei-epto
1586 2401 1646 2431 Pu-

988 2456 1128 2482 teaneus.
1174 2451 1268 2491 Lego,
1284 2453 1418 2490 derepta.
1445 2460 1517 2481 nam
1533 2450 1648 2480 Nostro

986 2509 1023 2529 ea
1039 2510 1096 2530 vox
1113 2506 1147 2531 ut
1163 2500 1330 2541 plurimum
1346 2499 1499 2531 foeminini
1524 2504 1569 2529 est
1593 2509 1646 2538 ge-

986 2549 1076 2579 neris.
1123 2550 1241 2580 HmNs.

1031 2598 1172 2639 Codrus]
1193 2599 1361 2629 Piniferam
1373 2599 1556 2639 plerumque
1568 2597 1645 2627 Pok-

987 2652 1025 2677 1ae
1056 2648 1174 2678 faciunt
1198 2648 1300 2678 Idam.
1338 2647 1392 2677 sed
1420 2648 1495 2677 sorte
1526 2647 1644 2687 piceam

987 2695 1145 2733 intelligit.
1161 2707 1255 2737 quam
1281 2698 1451 2735 nigrantem
1467 2700 1552 2724 vocat
1573 2694 1642 2723 Vir-

987 2744 1041 2776 εῑίΙ.
1060 2744 1102 2774 ix.
1121 2745 1175 2775 87.
1224 2746 1337 2774 Brun.

1131 2798 1150 2826 Z
1167 2799 1183 2826 -2
