1849 3198
228 202 283 242 50
619 199 669 239 Ρ.
703 196 913 240 OVIDII
948 194 1225 238 NASONIS

233 316 315 362 Sic
339 315 428 362 tibi
453 315 573 361 dent
598 313 848 378 Nymphae
874 312 1120 376 (quamvis
1146 311 1310 358 odisse
1335 308 1524 373 puellas

298 390 514 451 Diceris)
539 397 759 437 arentem
784 405 893 452 quae
918 389 1047 435 levet
1071 388 1204 434 unda
1227 386 1375 433 sitim.

231 468 474 515 Addimus
493 467 567 514 his
586 467 812 515 lacrimas
832 465 1061 528 precibus
1083 479 1305 526 quoque:
1334 462 1483 509 verba
1500 475 1610 524 pre-

299 535 544 606 Perlegis;
574 551 624 592 at
646 543 873 590 lacrimas
899 542 1030 604 finge
1053 541 1219 589 videre
1244 556 1396 587 meas.
1432 537 1611 600 [cantis

701 845 1046 894 EPISTOLA
1082 846 1143 892 V.

600 971 891 1014 OENONE
953 970 1253 1012 PARIDI.

238 1072 489 1134 Perlegis?
526 1087 587 1117 an
612 1071 794 1132 conjux
820 1067 1050 1131 prohibet
1074 1066 1231 1113 nova?
1267 1065 1488 1130 perlege:
1517 1079 1615 1110 non

305 1150 409 1198 Ista
433 1149 695 1212 Mycenaea
717 1147 859 1194 litera
882 1145 1011 1192 facta
1036 1160 1199 1190 manu.

1519 1142 1618 1202 [est

239 1228 446 1290 Pegasis
472 1227 682 1282 OEnone,
710 1223 943 1288 Phrygiis
969 1221 1290 1269 celeberrima
1316 1218 1482 1282 sylvis,

307 1305 447 1351 Laesa
471 1319 648 1366 queror
672 1303 734 1349 de
760 1309 824 1357 te,
853 1299 893 1346 si
919 1299 1036 1345 sinis
1061 1299 1184 1362 ipse,
1211 1313 1338 1344 meo.

285 1428 355 1458 176.
383 1427 526 1467 Perlegis,
555 1432 582 1455 et
613 1426 780 1466 lachrymas
806 1424 896 1465 finge

239 1478 338 1506 videre
352 1474 455 1515 meas]
482 1473 585 1504 Acute
600 1473 631 1504 in
651 1473 728 1503 libro
743 1483 798 1503 suo
813 1472 895 1503 Gru-

240 1531 308 1556 teus
323 1524 513 1559 emendarat,

284 1575 429 1604 Addimus
440 1574 484 1603 his
494 1573 630 1612 precibus
646 1573 812 1613 lachrymas
826 1582 895 1612 quo-

367 1634 434 1663 que.
451 1623 537 1652 verba
549 1622 699 1661 precantis

329 1672 474 1713 Perlegis,
487 1677 514 1701 et
530 1670 789 1711 lachrymasfinge
801 1671 898 1700 videre

368 1731 455 1750 ”lea-S·

244 1770 334 1800 DAN.
352 1769 525 1799 mesws.
561 1768 685 1809 Perlege
700 1774 728 1798 et
743 1773 803 1798 tres
818 1766 899 1798 libri.

245 1817 479 1853 Lincolniensis,
498 1817 632 1858 Perlege,
648 1818 706 1847 sed.
734 1817 825 1853 bene,
842 1815 899 1847 nisi

244 1866 343 1897 fallor.
388 1866 479 1896 Certe
491 1865 567 1896 illud
585 1866 720 1907 Perlegis
734 1866 900 1896 subnatum

244 1916 366 1946 videtur
378 1926 414 1945 ex
431 1915 528 1956 primo
543 1915 636 1945 verbo
647 1915 805 1955 sequentis
818 1914 898 1956 epis-

245 1965 325 1995 tolae.
370 1964 413 1995 At
438 1975 509 1995 vero
534 1964 642 2005 opinor
663 1974 755 1994 unam
778 1963 899 1995 literam

246 2013 353 2045 elisam
376 2024 452 2049 esse,
468 2019 499 2044 et
521 2012 718 2043 scribendum
738 2014 899 2053 Perleg-ito.

247 2063 297 2093 adi
314 2068 401 2093 notas
416 2067 532 2092 nostras
547 2061 602 2092 lib.
615 2062 637 2092 i.
655 2061 729 2095 Art.
739 2061 812 2092 Am.
824 2063 900 2093 225.

248 2112 300 2143 ubi
315 2112 404 2154 plura
424 2110 598 2153 hujusmodi
619 2111 809 2151 collegimus.
833 2111 901 2142 libr.

247 2162 281 2192 ii.
298 2162 377 2192 Met.
396 2162 466 2191 131.
512 2161 677 2201 Polumque
699 2160 806 2201 effugit
826 2161 901 2190 Aus-

249 2213 367 2242 tralem.
406 2221 476 2241 cum
503 2210 638 2251 Effugito
658 2209 763 2251 reponi
789 2209 902 2240 debere

250 2259 433 2291 monuerim.
450 2258 534 2289 volui
550 2258 717 2299 aliquando
731 2260 802 2289 dam
819 2260 903 2299 legis.

251 2309 299 2340 vel
323 2315 355 2338 at
376 2310 460 2348 leg-is.
487 2308 601 2349 optimo
626 2318 728 2343 sensu,
744 2307 801 2337 nisi
822 2307 905 2348 quod

250 2357 372 2397 longius
408 2357 487 2387 absit
523 2366 541 2386 a
576 2356 703 2397 vulgata
746 2356 905 2397 scriptura.

252 2408 422 2437 Ilfflxsws.
466 2406 532 2446 Ego
545 2416 616 2435 vero
632 2404 765 2445 legerem
779 2417 785 2434 :

554 2453 647 2484 Verba
660 2456 810 2492 precantis

298 2503 448 2542 Perlegis5
478 2509 509 2533 at
537 2504 674 2532 lacrimas
692 2503 781 2543 finge
810 2504 908 2532 videre

336 2563 425 2582 meas.

254 2601 407 2632 Addimus
422 2612 476 2631 nos
490 2599 615 2641 quidem
630 2599 774 2641 precibus
798 2599 907 2629 nostris

254 2651 406 2687 lacrimas,
422 2650 475 2680 sed
498 2659 574 2690 quas
596 2648 652 2679 tibi
673 2660 733 2679 non
758 2647 908 2690 possimus

255 2699 397 2741 praesenti
433 2699 573 2730 fundere.
619 2703 652 2729 tu
687 2703 807 2729 tantum
837 2698 908 2739 legis

961 1422 1066 1456 verba,
1083 1426 1147 1456 aut,
1162 1425 1197 1451 ut
1212 1430 1311 1462 spero,
1327 1424 1358 1450 et
1372 1416 1460 1448 initio
1471 1415 1617 1458 Epistolae

962 1471 1077 1511 rogavi,
1098 1471 1237 1510 perlegis,
1253 1469 1307 1499 sed
1331 1477 1447 1510 quaeso,
1466 1465 1547 1505 finge
1570 1464 1616 1494 la-

962 1530 1082 1561 crymas
1097 1525 1128 1550 te
1137 1518 1227 1550 simul
1244 1518 1359 1554 videre,
1373 1527 1450 1558 quas
1465 1524 1522 1555 ego
1537 1512 1619 1544 addo

963 1569 1089 1610 quidem
1112 1567 1212 1599 verbis
1235 1567 1308 1598 dum
1331 1566 1440 1601 scribo,
1456 1564 1510 1595 sed
1533 1563 1572 1594 ad
1588 1567 1619 1592 te

962 1617 1172 1660 perferendas,
1190 1623 1224 1648 ut
1246 1617 1351 1653 verba,
1371 1616 1443 1647 dare
1467 1624 1528 1644 non
1550 1623 1620 1654 pos-

965 1678 1045 1698 sum.
1089 1667 1206 1697 Bona.

1009 1765 1038 1795 A
1053 1764 1202 1807 principio
1225 1763 1315 1805 hujus
1338 1763 1484 1805 Epistolze
1506 1763 1538 1795 in
1553 1765 1622 1806 qui-

966 1814 1097 1845 busdam
1114 1824 1218 1844 versus
1230 1813 1291 1844 duo
1305 1819 1533 1855 praeponuntur,
1546 1824 1623 1854 quos

967 1873 1021 1903 pro
1045 1863 1148 1894 nothis
1173 1867 1204 1893 et
1228 1861 1376 1892 adulteris
1397 1861 1450 1892 alii
1470 1862 1623 1903 rejiciunt.

968 1912 1050 1942 Nam
1076 1922 1177 1953 neque
1203 1911 1366 1942 Ovidianae
1389 1911 1551 1952 elegantiae
1577 1922 1623 1942 re-

967 1962 1131 2004 spondent,
1159 1966 1191 1991 et
1216 1960 1385 1995 adfectum,
1411 1971 1503 2002 quem
1527 1961 1625 1991 Poeta

968 2010 1118 2052 principio
1144 2011 1274 2052 abrupto
1299 2010 1448 2051 captavit,
1472 2009 1622 2041 interver-

970 2065 1049 2090 tunt.
1067 2070 1161 2100 quare
1177 2065 1208 2090 et
1226 2059 1281 2089 hos
1301 2059 1437 2094 seorsim,
1453 2064 1483 2089 et
1504 2058 1625 2090 diverso

969 2108 1147 2139 charactere
1161 2107 1339 2138 scribendos
1352 2108 1535 2138 curavimus.
1558 2108 1625 2138 Mx-

970 2168 1105 2187 cerus.
1151 2158 1306 2199 Excerpta
1331 2156 1463 2186 Puteani
1491 2162 1522 2187 et
1550 2167 1625 2186 non—

971 2207 1048 2236 nulli
1064 2217 1101 2236 ex
1118 2206 1227 2236 nostris
1249 2216 1382 2246 sequens
1401 2205 1552 2236 distichon
1568 2206 1625 2236 OE-

971 2266 1065 2285 nones
1098 2255 1244 2296 Epistolae
1274 2255 1447 2296 praefigunt,
1476 2255 1557 2296 quod
1587 2256 1626 2285 ab

972 2304 1039 2335 aliis
1054 2303 1166 2335 rectius
1177 2304 1265 2334 abest
1278 2316 1283 2332 :

1017 2354 1157 2394 Nympha
1179 2364 1230 2383 sao
1258 2353 1365 2383 Paridi
1388 2353 1534 2393 (quamvls
1548 2364 1628 2384 meus

1099 2413 1154 2432 esse
1170 2401 1297 2441 recuses)

1062 2451 1163 2481 Mittit
1177 2453 1212 2481 al)
1228 2450 1315 2481 Idais
1330 2452 1417 2480 verba
1433 2452 1557 2491 legenda
1569 2451 1628 2490 ja-

1099 2503 1157 2541 giS.
1465 2500 1584 2530 mes.

975 2549 1025 2579 De
1041 2548 1180 2579 distichis
1194 2548 1281 2578 initio
1296 2547 1503 2589 Epistolarum
1521 2547 1628 2580 Ovidii

974 2598 1106 2640 praefixis
1121 2598 1191 2628 vide
1206 2597 1325 2628 Schott.
1339 2597 1371 2627 ii.
1387 2597 1517 2627 observ.
1532 2598 1585 2628 53.

1017 2648 1048 2677 3.
1077 2646 1226 2688 Pegasis]
1255 2646 1392 2686 Nympha
1418 2646 1503 2682 Nais,
1527 2645 1558 2676 id
1582 2651 1629 2677 est

975 2697 1073 2727 amnis
1088 2695 1221 2727 Cebreni
1236 2695 1309 2732 filia,
1325 2701 1418 2737 atque
1434 2705 1469 2726 eo
1488 2700 1579 2737 pacto
1594 2705 1626 2725 se
