1849 3198
624 244 968 288 HEROIDES.
1003 244 1094 285 ΕΡ.
1120 243 1211 285 ΙΧ.

1530 244 1611 285 111

223 359 459 426 Aucupor
484 361 654 409 infelix
680 361 879 407 incertae
905 375 1157 406 murmura
1180 359 1351 406 famae:

290 439 494 503 Speque
519 440 664 486 timor
687 437 854 491 dubia,
883 452 1100 500 spesque
1125 436 1299 483 timore
1325 435 1474 482 cadit.

224 514 388 564 Mater
413 518 581 573 abest3
623 509 948 578 queriturque
977 514 1085 561 Deo
1111 514 1357 577 placuisse
1389 514 1608 577 potenti;

291 593 398 640 Nec
425 600 565 657 pater
589 592 940 655 Amphitryon,
968 607 1059 638 nec
1085 606 1207 654 puer
1232 589 1414 653 Hyllus
1440 591 1598 637 adest.

220 667 420 717 Arbiter
445 669 758 732 Eurystheus
784 668 866 714 irae
892 667 922 714 J
926 667 1103 714 unonis
1129 667 1312 730 iniquae

1547 670 1611 714 45

291 747 513 794 Sentitur
537 747 695 802 nobiS,
723 746 895 809 iraque
920 746 1069 808 longa
1096 745 1234 791 Deae.

226 822 348 871 Haec
397 824 517 870 mihi
565 823 691 870 ferre
750 839 924 886 parum
972 829 1075 869 est:
1138 821 1424 885 peregrinos
1473 821 1613 867 addis

292 900 358 947 Et
384 908 541 948 mater
566 902 628 948 de
653 908 703 948 te
730 901 966 963 quaelibet
991 915 1101 946 esse
1126 906 1308 962 potest.

1374 899 1586 959 [amores
1601 915 1611 945 :

225 977 340 1025 Non
366 996 458 1042 ego
484 979 767 1026 Partheniis
793 985 1086 1025 temeratam
1109 976 1318 1023 vallibus
1343 974 1538 1037 Augen,

292 1055 338 1102 N
345 1073 401 1103 ec
428 1056 635 1103 referam
661 1063 849 1120 partus,
880 1053 1084 1102 Ormeni
1110 1053 1347 1117 nympha,
1374 1059 1513 1099 tuos:
1551 1055 1614 1098 50

223 1133 339 1181 Non
364 1134 455 1181 tibi
481 1135 669 1182 crimen
695 1140 839 1181 erunt
863 1131 1190 1180 Theutrantia
1213 1131 1360 1178 turba
1384 1145 1603 1177 sorores:

291 1210 512 1266 Quarum
537 1212 600 1258 de
625 1212 809 1275 populo
831 1211 966 1258 nulla
990 1209 1164 1257 relicta
1186 1207 1294 1256 tibi.

264 1416 398 1448 Pellibus
428 1419 565 1448 incubuit
593 1420 696 1448 stratis
721 1429 885 1458 smnnosque

303 1468 421 1505 petiuit.

222 1515 405 1546 Medic-inum
429 1518 538 1546 somnio
558 1524 657 1557 petere
678 1514 758 1546 dixit
782 1516 882 1552 Quar—

220 1565 289 1596 tilla
314 1565 395 1606 apud
414 1565 609 1596 Petronium:
636 1564 690 1595 sed
707 1564 782 1605 quia
804 1575 882 1606 prae-

219 1613 312 1645 cessit
331 1616 549 1655 simulacraque
574 1616 678 1645 inania
704 1616 807 1650 somni,
830 1625 881 1644 ac-

219 1663 345 1704 quiesco
383 1664 593 1695 emendationi
631 1663 822 1699 Heinsianae,
852 1669 884 1694 et

219 1713 359 1754 intelligo
372 1713 410 1744 de
424 1713 580 1744 ominibus
595 1724 649 1756 per
661 1713 783 1754 magica
797 1724 885 1744 sacra

219 1763 336 1804 petitis.
361 1774 421 1793 nox
439 1762 522 1793 enim
538 1775 650 1793 art-auu
663 1768 720 1798 est,
733 1773 802 1804 quae
818 1773 884 1793 ma-

220 1812 279 1853 giae
310 1812 513 1854 impenditur.
552 1818 588 1843 ut
616 1811 734 1842 Statius
760 1822 884 1853 quoque

220 1868 313 1893 vocat
328 1874 360 1893 x.
376 1862 476 1893 Theb.
489 1863 562 1892 360.
576 1872 670 1903 qnam
681 1861 788 1892 Valer.
799 1861 885 1892 Flac.

222 1910 289 1941 viii.
307 1913 361 1942 25.
387 1923 501 1941 sacram
525 1910 617 1941 dixit.
634 1910 700 1941 vid.
721 1909 760 1940 ad
775 1910 884 1940 Valer.

221 1960 308 1991 Flac.
326 1960 369 1991 vi.
394 1961 469 1990 477.
499 1966 651 2002 praeterea
676 1959 824 1990 Heinsius
847 1960 886 1990 ad

222 2009 289 2040 xiii.
309 2011 444 2040 Metam.
463 2010 537 2040 416.
563 2009 614 2039 hic
638 2015 765 2044 monent,
782 2010 834 2049 (ut
856 2014 888 2038 et

221 2059 396 2100 conjecerat
410 2057 702 2097 Slichtenhorstius)
719 2057 886 2098 legendum

222 2118 288 2138 esse
305 2106 478 2138 contendit.
503 2107 587 2149 quod
611 2118 667 2147 ego
682 2105 886 2137 sollicitudini

221 2163 252 2187 et
263 2157 429 2198 jactationi
445 2157 610 2187 convenire
627 2156 729 2186 minus
746 2161 832 2197 puto,
849 2166 884 2185 ac

221 2212 345 2241 movent,
373 2206 456 2247 quod
480 2211 527 2236 est
552 2206 688 2240 turbant,
714 2211 745 2235 et
761 2210 886 2235 vexant.

220 2260 370 2296 praeterea
384 2255 416 2284 in
432 2255 517 2285 nullo
532 2254 610 2284 libro
627 2260 743 2283 nwneut
764 2259 885 2283 exstare

221 2303 427 2346 deprehendi.
474 2304 636 2346 C1ispinus
660 2303 709 2333 hic
726 2302 783 2333 sibi
800 2313 886 2343 egre-

221 2352 271 2394 gie
294 2352 410 2395 placet,
427 2352 480 2394 qui
507 2352 643 2394 explicat
662 2354 769 2391 petita,
792 2362 883 2382 exco-

220 2401 329 2443 gitata,
347 2408 379 2432 et
393 2404 500 2437 nmina,
518 2401 625 2432 inanes
641 2412 677 2431 ex
695 2400 886 2442 quibuslibet

222 2451 313 2481 rebus
339 2455 505 2491 conceptas
534 2461 588 2491 per
617 2456 739 2480 noctem
766 2449 884 2490 cogita-

222 2499 333 2535 tiones,
345 2505 379 2530 ut
389 2510 426 2529 ex
443 2500 532 2530 abaci
548 2499 678 2540 crepitu,
691 2498 751 2529 ἃς.
770 2499 886 2529 Brnm.

265 2549 318 2578 42.
346 2549 456 2588 Speque
478 2550 566 2578 timor·
590 2550 693 2580 dubia.
707 2559 823 2587 spesque
845 2550 884 2577 ti-

222 2607 301 2627 more
316 2597 428 2637 radin]
456 2596 551 2627 Scite.
599 2597 683 2626 Nam
706 2596 793 2627 nulla
816 2607 886 2638 spes

223 2651 269 2676 est
285 2645 350 2676 sine
368 2646 486 2681 timore,
503 2646 608 2676 nullus
623 2646 712 2676 timor
735 2645 801 2676 sine
816 2656 883 2687 spe.

223 2694 268 2725 sic
283 2694 361 2725 libro
377 2701 407 2725 et
422 2693 524 2736 elegia
539 2694 561 2724 i.
577 2694 723 2725 'l'ristium
736 2706 741 2724 :

269 2743 350 2774 Num
379 2755 439 2783 spes
465 2750 504 2774 esc
534 2745 632 2774 animo
661 2750 761 2775 nostra
785 2745 887 2773 timore

312 2804 421 2823 minor.

953 1414 1014 1446 Sed
1030 1415 1088 1445 hac
1105 1414 1144 1445 de
1160 1424 1191 1444 re
1207 1412 1361 1444 videndus
1376 1418 1423 1443 est
1433 1411 1616 1443 Aristoteles

952 1465 1008 1495 lib.
1026 1464 1060 1495 ii.
1087 1463 1304 1494 Rhetoricum.
1329 1462 1509 1493 emamus.
1557 1462 1615 1493 Ca-

951 1517 1030 1545 dunt
1044 1525 1125 1545 unus
1140 1512 1328 1544 Vaticanus.

995 1565 1049 1595 43.
1076 1563 1207 1603 Mater]
1233 1562 1361 1593 Scilicet
1382 1567 1436 1592 tua
1450 1561 1614 1592 Alcmena.

951 1614 1026 1644 Erat
1048 1612 1131 1644 enim
1150 1611 1302 1643 Deianira
1323 1611 1356 1642 in
1370 1611 1544 1653 Trachyne,
1561 1611 1615 1642 ubi

951 1660 1092 1703 regnavit
1118 1661 1208 1698 Ceix,
1233 1660 1358 1702 quando
1385 1660 1506 1702 scripsit
1533 1661 1614 1691 hanc

952 1712 1128 1753 epistolam.

995 1761 1050 1791 45.
1074 1761 1196 1790 Arbiter
1213 1758 1398 1800 Eurystheus
1413 1760 1544 1789 sentitur
1560 1770 1612 1789 no-

953 1810 1004 1846 bis,
1032 1809 1109 1849 &c.]
1145 1809 1219 1839 Non
1240 1814 1364 1839 tantum
1389 1807 1463 1849 quia
1487 1808 1617 1839 Herculi

952 1859 1074 1890 labores
1096 1859 1281 1900 imperabat,
1297 1858 1352 1889 sed
1377 1864 1408 1887 et
1425 1857 1499 1898 quia
1520 1863 1617 1889 totam

953 1908 1020 1949 ejus
1049 1907 1200 1937 familiam
1235 1907 1489 1948 persequebatur.
1534 1907 1617 1938 Hinc

955 1962 1011 1992 est,
1025 1956 1108 1997 quod
1124 1955 1201 1986 alios
1215 1955 1276 1986 alio
1292 1955 1445 1997 dispersos
1460 1961 1491 1986 et
1506 1955 1617 1997 disjec-

954 2011 1000 2035 tos
1016 2004 1105 2035 dicit.
1150 2005 1277 2034 Mrcrr..

998 2055 1051 2084 46.
1070 2054 1235 2094 Sentitum]
1255 2054 1375 2084 Efficax
1391 2054 1532 2084 verbum.
1550 2053 1614 2084 vid.

954 2103 994 2134 ad
1010 2105 1136 2134 Petron.
1155 2114 1225 2145 cap.
1245 2103 1316 2134 139.

998 2153 1107 2194 Iraque
1143 2154 1231 2194 longa
1264 2153 1334 2183 Deae
1367 2151 1434 2192 est.]
1472 2152 1523 2183 Sic
1561 2151 1618 2183 ali-

953 2203 984 2234 bi
1009 2203 1092 2234 idem
1118 2203 1232 2233 Po'e'ta:
1258 2203 1307 2232 An
1329 2204 1422 2233 nescis
1447 2203 1548 2243 longas
1570 2214 1616 2232 re-

953 2254 1039 2294 gibus
1065 2264 1121 2282 esse
1142 2253 1268 2282 manus?
1292 2262 1324 2292 q.
1342 2251 1374 2281 d.
1399 2250 1498 2292 ipsam
1519 2251 1616 2282 Juno-

955 2311 1027 2331 nem
1052 2300 1147 2331 etiam
1174 2306 1262 2331 extra
1288 2299 1454 2341 Eurysthei
1488 2310 1617 2341 regnum

955 2350 1098 2392 persequi
1113 2350 1207 2392 ipsos.
1253 2351 1332 2380 Sunt
1348 2355 1463 2385 tamen,
1476 2350 1529 2391 qui
1544 2349 1618 2380 scri-

953 2400 1041 2435 bant,
1069 2400 1160 2435 lenta,
1184 2410 1238 2440 pro
1264 2399 1374 2440 longa:
1407 2403 1440 2428 ut
1463 2399 1513 2435 sit,
1537 2400 1618 2429 lenta

955 2450 1000 2478 ἱνιι
1014 2448 1132 2478 dictum
1147 2458 1201 2489 pro
1218 2447 1375 2478 diuturna.
1422 2448 1547 2478 Mrem..

998 2498 1050 2526 48.
1075 2497 1178 2526 Mater
1196 2496 1362 2536 qualibet]
1390 2496 1527 2526 Imitatio
1543 2497 1617 2527 1ἰό-

954 2545 1046 2587 pertii
1060 2558 1066 2575 ε

1000 2595 1039 2624 Et
1055 2596 1091 2625 de
1105 2605 1149 2624 me
1161 2600 1277 2634 poterat
1290 2596 1413 2635 quilibet
1428 2605 1485 2624 esse
1501 2595 1615 2634 loquum.

1440 2644 1571 2674 DouzA.

997 2694 1050 2724 51.
1078 2693 1278 2724 Theutruntin
1295 2693 1415 2733 turben]
1440 2694 1512 2723 Non
1531 2693 1616 2722 Thes-

956 2743 1035 2778 ιὶεἰα,
1067 2749 1121 2772 aut
1154 2743 1306 2782 Thespicia
1343 2742 1509 2783 legendum
1539 2752 1617 2777 csse,

958 2791 1032 2823 facit
1048 2802 1119 2823 cum
1140 2792 1218 2822 illud
1234 2802 1253 2822 a
1267 2791 1421 2822 Politiano
1445 2791 1616 2826 inventum,
