1849 3198
236 191 322 233 2286
628 191 678 231 P.
713 190 926 232 OVIDII
961 190 1239 232 NASONIS

239 306 304 353 Et
329 308 432 369 jam
465 307 756 354 transieram
790 306 1062 370 Myconon,
1092 308 1199 368 jam
1232 305 1420 361 Tenon,
1448 313 1498 353 et
1523 306 1623 352 An-

304 382 465 445 Inque
491 383 614 430 meis
639 383 795 430 oculis
820 383 1034 430 candida
1059 382 1214 430 Delos
1240 390 1361 430 erat.
1451 383 1623 444 [dron:

239 459 401 513 Quam
426 461 598 523 procul
624 468 679 507 ut
701 460 817 516 vidi,
846 459 981 514 Quid
1005 477 1085 508 me
1110 460 1257 522 fugis,
1285 460 1461 516 insula,
1489 460 1626 507 dixi?

307 536 509 585 Laberis
536 537 584 583 in
609 554 789 600 magno
815 538 1074 600 numquid,
1102 543 1157 583 ut
1181 543 1311 592 ante,
1338 537 1494 583 mari?

240 613 525 661 Institeram
546 621 707 670 terrae,
729 631 843 662 cum
862 616 984 677 jam,
1006 631 1162 678 prope
1187 615 1299 662 luce
1318 615 1536 679 peracta,
1565 617 1626 662 85

309 691 523 739 Demere
550 693 812 756 purpureis
837 692 923 739 Sol
943 694 1068 755 juga
1091 692 1241 738 vellet
1265 692 1436 754 equis:

241 768 379 822 Quos
404 769 536 816 idem
563 769 733 816 solitos
759 776 1028 833 postquam
1054 769 1302 817 revocavit
1329 769 1390 816 ad
1417 775 1569 823 ortus,

307 845 586 893 Comuntur
610 853 808 903 nostrae,
835 854 992 894 matre
1013 847 1240 909 jubente,
1267 862 1440 894 comae.

241 921 360 985 Ipsa
382 923 522 970 dedit
545 939 768 985 gemmas
794 924 978 986 digitis,
1007 931 1057 970 et
1081 923 1300 970 crinibus
1327 938 1499 970 aurum
1525 939 1533 969 :

308 999 373 1046 Et
395 1007 559 1047 vestes
585 1001 802 1047 humeris
828 1001 988 1047 induit
1012 1001 1122 1064 ipsa
1145 1000 1286 1047 meis,
1566 1001 1630 1045 90

283 1201 337 1230 81.
363 1200 403 1230 Et
420 1203 490 1240 jam
517 1204 696 1231 transieram
720 1202 896 1242 Rchmzen.]

239 1248 344 1279 Scribe
368 1249 518 1289 Myconon
544 1260 614 1280 cuin
639 1250 738 1292 prima
754 1251 899 1287 editione,

242 1298 382 1338 Myconos
401 1299 495 1333 enim.
511 1309 573 1329 non
590 1300 717 1340 Mycone
733 1300 818 1331 dicta
834 1300 900 1331 haec

238 1346 352 1378 insula.
398 1347 515 1378 Statius
537 1347 714 1379 Achilleide
737 1349 899 1380 manifeste

239 1395 261 1424 i.
280 1396 354 1426 205.

500 1446 603 1477 Placet
622 1448 665 1476 ire
679 1458 731 1486 per
746 1449 823 1477 altas

286 1494 444 1534 Cycladas.
468 1497 537 1526 hinc
558 1503 660 1536 spretae
680 1497 821 1537 Myconos
845 1498 899 1527 lm-

324 1546 458 1585 milisque
473 1545 622 1585 Seriphos.

239 1593 289 1623 Ab
301 1592 360 1623 hac
372 1593 475 1625 insula
483 1594 643 1635 Adagium
654 1600 772 1631 natum,
785 1594 900 1627 Πάντα

239 1642 304 1673 ὑπὸ
319 1642 399 1683 μίαν
417 1643 580 1675 Μύκονον.
628 1644 745 1674 IIEINs.

281 1693 335 1722 82.
364 1692 502 1723 Candida
520 1692 637 1732 Delos]
666 1693 702 1723 In
720 1693 820 1734 prima
835 1694 900 1724 edi-

237 1741 321 1772 tione
338 1747 369 1772 et
388 1742 535 1772 Mediceo
557 1748 588 1771 et
607 1741 778 1772 Herculan.
794 1743 900 1773 codice

237 1796 315 1825 erat,
332 1792 463 1821 candida
483 1791 634 1830 Phosphor
649 1797 727 1821 erat.
750 1790 827 1821 forte
843 1792 900 1822 ali-

239 1839 314 1879 quid
337 1840 425 1870 latet.
470 1839 579 1870 Alludi
604 1851 677 1870 vero
703 1840 743 1870 ad
764 1841 900 1881 Etymon

238 1888 324 1923 Deli,
343 1894 376 1919 ut
398 1887 550 1930 Micyllus
572 1894 603 1919 et
616 1888 668 1918 alii
683 1888 827 1925 credunt,
842 1900 898 1930 po-

237 1942 299 1967 test
314 1936 440 1977 quidem
456 1937 564 1972 statui,
581 1937 636 1968 sed
652 1937 743 1968 simul
759 1937 845 1968 illam
856 1939 899 1969 fa-

238 1985 298 2016 cile
314 1985 417 2016 nautis
433 1985 580 2026 conspici,
593 1991 647 2016 aut
662 1986 755 2016 etiam
772 1987 900 2028 praecla-

238 2045 303 2065 ram
327 2041 358 2065 et
383 2034 520 2065 nobilem
542 2035 640 2065 notari
664 2035 723 2065 hoc
747 2035 898 2076 epitheto.

239 2089 273 2114 ut
283 2084 393 2114 Horat.
406 2083 427 2114 i.
441 2083 504 2114 Od.
519 2084 569 2115 14.
594 2084 733 2114 Nitentes
745 2085 900 2125 Cyclades,

240 2143 302 2163 non
326 2139 360 2163 ut
386 2132 489 2164 Cerda
508 2132 548 2163 ad
574 2132 688 2174 Virgii.
712 2132 757 2163 iii.
773 2134 900 2165 ffllneid.

244 2182 315 2211 126.
339 2192 357 2211 a
378 2192 544 2212 marmore.
571 2188 603 2212 et
620 2182 677 2212 lib.
695 2182 738 2212 iii.
757 2183 812 2213 28.
826 2183 898 2224 fuc-

236 2237 340 2270 gentes
367 2229 459 2260 dixit.
495 2236 529 2260 ut
557 2230 601 2261 ita
628 2241 735 2261 vocem
763 2232 901 2273 λιπαρὸς

239 2278 322 2319 apud
338 2284 459 2309 veteres
474 2278 588 2309 Po‘e'tas
600 2279 727 2310 Graecos
741 2290 900 2312 occurrere

240 2326 345 2357 docuit
359 2326 531 2368 Spanhem.
548 2327 588 2358 ad
612 2327 740 2359 Callim.
757 2329 853 2370 Hym.
868 2329 900 2361 in

241 2375 316 2405 Del.
338 2376 409 2406 155.
456 2376 574 2406 Ecum.

283 2424 338 2454 84.
365 2424 488 2454 Laberis
511 2427 542 2455 in
564 2437 670 2467 magno
692 2429 850 2468 numquid,
866 2436 900 2459 ut

239 2479 320 2508 (mite,
336 2474 444 2513 mariz]
476 2474 583 2510 Delos,
601 2486 671 2516 quae
687 2476 726 2506 ab
742 2476 808 2517 ipso
823 2477 900 2508 Ovi-

240 2522 303 2557 dio,
328 2529 359 2553 et
383 2533 401 2552 a
424 2523 611 2563 quibusdam
634 2524 703 2555 aliis
725 2526 901 2557 auctoribus

243 2571 376 2612 Ortygia
394 2577 531 2607 vocatur,
548 2572 650 2603 insula
667 2573 820 2605 instabilis
843 2576 902 2605 fuit

242 2620 274 2650 in
290 2620 365 2650 mari
382 2621 504 2661 AEgaeo,
521 2621 575 2652 lib.
594 2634 645 2653 xv.
670 2623 879 2665 Metamorpli.

289 2670 556 2711 Tempnsquejizit,
569 2684 624 2711 quo
641 2674 721 2702 nae-it
738 2675 767 2702 in
787 2675 886 2704 undis.

287 2719 380 2750 Num·
396 2722 470 2750 sede!
491 2721 630 2761 Orlugic‘.
766 2723 857 2754 Cior.

971 1201 1085 1242 Magno
1121 1200 1255 1242 proprie,
1295 1210 1328 1231 ut
1363 1199 1463 1230 solent
1493 1199 1630 1239 AEgeum

969 1259 1051 1291 saepe
1077 1249 1182 1279 Poetae
1205 1259 1329 1280 vocare.
1354 1249 1432 1279 Stat.
1457 1247 1503 1278 iii.
1528 1246 1629 1277 Theb.

970 1299 1043 1329 433.

1187 1348 1356 1389 lngnoque
1376 1348 1503 1377 volantes

1012 1398 1031 1428 I
1033 1401 1064 1439 142⁴
1069 1401 1119 1429 icit
1135 1399 1247 1439 .›Egae0.

972 1448 1066 1479 Plura
1089 1448 1128 1478 ad
1154 1447 1263 1478 Valer.
1288 1446 1377 1477 Flac.
1401 1445 1435 1476 ii.
1455 1456 1536 1476 verS.
1554 1446 1630 1476 365.

970 1497 1094 1527 Laberis
1114 1507 1188 1527 vero
1209 1502 1257 1526 est
1280 1502 1378 1530 natas,
1394 1499 1429 1525 ut
1451 1494 1554 1525 insula
1576 1507 1630 1524 mz-

971 1553 1036 1576 tans
1059 1545 1180 1588 proprie
1204 1545 1331 1576 dicitur.
1356 1544 1401 1575 ita
1415 1544 1480 1574 xiv.
1497 1544 1579 1575 Met.
1597 1545 1629 1574 8.

973 1595 1129 1634 Tyrrhena
1151 1605 1205 1634 per
1234 1605 1351 1634 (equora
1376 1594 1486 1632 lapsus.
1519 1598 1551 1623 et
1573 1592 1628 1627 ita,

970 1642 1232 1684 quemadmodum
1258 1649 1289 1673 et
1314 1643 1373 1672 labi
1396 1652 1451 1683 pro
1473 1641 1631 1682 navigare,

969 1692 1042 1732 poni
1064 1691 1199 1723 vidimus
1222 1691 1263 1722 ad
1287 1691 1388 1733 Epist.
1413 1702 1445 1721 Χ.
1460 1692 1513 1722 65.
1539 1691 1583 1721 sic
1600 1698 1632 1722 et

969 1752 1042 1771 nare
1054 1751 1109 1783 pro
1127 1741 1285 1781 navigare,
1302 1746 1333 1770 et
1348 1739 1423 1776 labi,
1439 1746 1471 1770 et
1486 1742 1631 1782 navigare

967 1801 1023 1831 pro
1046 1796 1165 1821 natare.
1189 1789 1255 1820 vid.
1271 1789 1311 1820 ad
1336 1788 1435 1830 Epist.
1460 1789 1525 1820 xix.
1554 1791 1628 1821 155.

969 1841 1013 1871 ita
1027 1846 1063 1871 ut
1076 1841 1180 1871 onmia
1205 1840 1273 1870 haec
1300 1840 1396 1870 verba
1417 1839 1590 1881 promiscue
1613 1849 1631 1870 a

969 1889 1074 1921 Poetis
1102 1894 1301 1944 usurpentur.
1336 1888 1380 1919 sic
1410 1887 1506 1919 etiam
1532 1888 1630 1919 Calli-

969 1939 1073 1971 mach.
1103 1939 1200 1981 Hym.
1228 1939 1260 1969 in
1284 1938 1360 1969 Del.
1387 1939 1439 1969 36.
1468 1937 1507 1969 de
1537 1938 1629 1973 Delo,

963 1988 1101 2030 Ἀφετος
1133 1988 1331 2030 πελάγεσσιν
1368 1986 1539 2019 ἐπέπλεεν
1576 1988 1629 2018 ubi

969 2039 1040 2069 vide
1056 2039 1335 2069 Commentatores.
1381 2037 1499 2067 Euam.

1011 2089 1064 2119 89.
1090 2087 1129 2117 Et
1140 2089 1273 2118 crimbus
1288 2086 1427 2126 auruum]
1447 2085 1529 2117 Novi
1544 2086 1630 2121 satis,

969 2136 1071 2167 crines
1086 2135 1262 2178 puellarum
1285 2145 1360 2166 auro
1382 2140 1517 2166 ornatas.
1534 2141 1569 2166 ut
1583 2135 1630 2166 iii.

968 2185 1043 2216 Am.
1075 2184 1142 2215 xiii.
1172 2186 1226 2215 25.
1268 2184 1401 2225 Virginei
1430 2185 1527 2214 crines
1555 2195 1630 2214 auro

965 2244 1138 2274 gemmaque
1163 2239 1357 2273 premuntur.
1381 2232 1436 2262 sed
1465 2232 1631 2263 Mediceus

968 2289 998 2313 et
1023 2282 1227 2313 Sarravianus
1252 2288 1284 2312 et
1310 2282 1629 2322 Langermannianus,

968 2334 1118 2368 cruribus,
1136 2342 1208 2362 cum
1224 2330 1336 2372 quibus
1354 2330 1506 2361 editiones
1524 2331 1629 2362 Vene-

969 2386 1008 2410 tae
1024 2380 1237 2411 consentiunt:
1260 2379 1317 2410 nisi
1334 2379 1416 2420 quod
1432 2379 1464 2410 in
1479 2390 1542 2410 una
1555 2391 1628 2422 ope-

968 2440 1069 2460 rarum
1084 2440 1184 2461 errore
1205 2428 1257 2465 sit,
1275 2431 1410 2460 auribus.
1433 2436 1465 2459 et
1479 2429 1518 2460 de
1533 2430 1627 2460 crini-

968 2480 1026 2509 bus
1040 2478 1199 2509 comendis
1215 2479 1282 2520 jam
1297 2485 1512 2520 praecesserat;
1536 2479 1628 2510 intel-

968 2527 1037 2569 ligit
1060 2539 1132 2570 ergo
1157 2528 1370 2569 periscelidas,
1386 2539 1501 2570 quase,
1488 2530 1628 2559 ‹renualia

969 2584 1070 2608 vocat.
1085 2589 1115 2609 x.
1130 2578 1265 2608 Metam.
1283 2579 1359 2609 593.

1015 2628 1057 2657 Ρ11
1051 2628 1221 2667 ›plicibuss
1210 2629 1347 2658 subet-1111!
1378 2629 1457 2666 picto
1484 2629 1627 2667 genualia

1057 2678 1141 2706 ΙῘ11ιΙ111
1466 2652 1513 2706 Ῐίῗυ
1509 2687 1582 2707 vum.
