1849 3198
217 200 301 241 220
605 197 655 237 P.
690 195 903 238 OVIDII
937 196 1215 238 NASONIS

221 315 361 362 Tunc
389 331 497 377 ego,
525 314 565 361 si
590 316 687 362 non
714 320 791 360 est
814 312 965 360 fallax
989 312 1173 359 fiducia
1198 312 1367 367 nostri,

288 392 513 439 Efficiam
538 394 775 455 praesenS,
797 398 851 437 ut
876 407 987 445 mea
1010 407 1163 452 regna
1187 396 1346 454 petas,

223 471 276 517 Si
302 471 472 533 pudet,
500 476 550 517 et
574 470 771 525 metuiS‚
799 486 859 516 ne
885 486 964 516 me
988 469 1184 515 videare
1212 474 1409 524 secuta3

286 547 404 611 Ipse
429 563 541 594 reus
568 547 672 593 sine
696 554 746 593 te
772 547 988 593 criminis
1014 547 1160 609 hujus
1188 562 1320 608 agar.

221 624 352 672 Nam
379 640 558 687 sequar
583 623 774 685 AEgidae
800 623 1001 679 factum,
1029 623 1336 686 fratrumque
1362 629 1574 668 tuorum.

287 701 534 764 Exemplo
560 701 693 762 tangi
722 717 818 747 non
844 700 1070 763 propiore
1096 707 1255 763 potes.

1508 702 1606 746 326

220 778 292 826 Te
316 778 478 843 rapuit
502 777 753 833 Theseus3
796 777 1017 839 geminas
1045 776 1376 840 Leucippidas
1403 776 1499 823 illi:

288 855 504 910 Quartus
531 855 580 901 in
607 854 849 917 exemplis
876 854 1236 901 adnumerabor
1262 871 1370 916 ego.

220 933 368 980 Troia
392 933 564 979 classis
590 931 732 983 adest
757 930 904 978 armis
930 930 1172 977 instructa
1194 931 1427 994 virisque.

285 1010 316 1057 J
322 1026 399 1057 am
425 1009 608 1056 facient
632 1010 819 1056 celeres
845 1025 1008 1055 remus
1035 1016 1085 1055 et
1110 1025 1228 1055 aura
1250 1008 1369 1054 vias.

1509 1009 1606 1053 330

221 1088 324 1136 Ibis
352 1086 629 1134 Dardanias
655 1086 829 1148 ingens
855 1085 1023 1147 regina
1049 1102 1138 1149 per
1162 1086 1338 1133 urbes:

286 1165 459 1228 Teque
484 1180 660 1211 novam
685 1164 855 1210 credet
877 1163 1054 1224 vulgus
1081 1163 1256 1210 adesse
1284 1162 1460 1209 Deam.

220 1323 377 1361 tuajnssa,
393 1321 443 1351 vel
460 1328 513 1351 ma.
527 1322 627 1351 verba.
666 1321 704 1351 In
720 1321 879 1350 Puteaneo

218 1377 307 1401 vetus
321 1370 414 1401 lectio
428 1376 494 1401 erat
509 1381 607 1401 erasa.
650 1369 748 1400 Verbis
763 1371 792 1399 z'n
811 1375 880 1398 'rata

209 1423 291 1460 jur-a
306 1422 364 1450 tuis
380 1419 501 1450 videtur
516 1419 726 1449 scribendum.
750 1423 831 1449 certe
848 1417 879 1448 in

218 1468 357 1511 quinque
373 1469 493 1510 scriptis
506 1469 681 1510 legebatur,
699 1470 793 1498 verbis
806 1470 877 1498 tuis.

219 1520 279 1549 tuis
307 1519 411 1553 verbis,
438 1517 512 1559 quia
536 1523 569 1547 tu
595 1517 670 1547 mihi
699 1515 880 1558 praescribes

214 1567 417 1610 jurisjurandi
440 1567 614 1602 formulam,
633 1577 696 1608 qua
717 1566 774 1596 tibi
790 1566 878 1596 addi-

218 1628 284 1648 car.
310 1617 381 1647 hinc
387 1619 501 1656 jurare
524 1618 554 1646 in
572 1617 704 1656 alicujus
718 1617 815 1651 verbu,
832 1627 879 1647 sa-

218 1672 412 1698 cramentum
439 1666 532 1697 alicui
557 1665 674 1696 dicere.
721 1666 781 1696 Par
807 1665 878 1696 huic

214 1715 416 1758 jurisjurandi
446 1714 576 1745 formula
601 1714 711 1745 Amor.
743 1714 799 1745 lib.
831 1714 876 1745 iii.

218 1765 310 1806 Eleg.
326 1764 359 1795 ii.

263 1815 324 1844 Per
340 1814 464 1853 Superos
477 1815 553 1853 juro
579 1819 673 1847 testes,
690 1823 879 1853 pompamque

345 1865 476 1899 (Icarum,

306 1913 345 1943 Te
360 1915 505 1943 dominam
524 1913 604 1942 nobis
624 1917 736 1951 tempus
750 1913 782 1940 ¹in
797 1924 879 1942 omne

342 1963 417 2002 peti.

218 2012 268 2042 De
284 2015 359 2052 jure
383 2010 447 2041 dixi
463 2009 604 2052 Epistola
622 2009 666 2040 iii.
692 2011 749 2040 sub
772 2010 876 2041 finem.

218 2061 335 2102 possint
356 2066 461 2091 tamen
488 2064 519 2089 et
539 2070 623 2089 sacra
637 2061 715 2098 jura
731 2059 802 2089 ferri
826 2071 879 2100 pro

218 2109 359 2140 sacratis.
378 2115 410 2140 nt
422 2108 506 2150 apud
518 2107 685 2149 Virgilium
701 2107 734 2138 ii.
750 2108 877 2139 AEneid.

221 2159 294 2190 157.

262 2208 291 2238 F
291 2219 322 2238 as
335 2209 408 2237 mihi
424 2208 588 2246 (ἔφηβον-ωτι
603 2212 722 2236 sacrum
737 2207 878 2236 *resolvere

294 2260 388 2297 jura.
714 2256 833 2285 Hssrrx's.

262 2307 338 2336 323.
364 2306 505 2345 Secuta]
533 2305 625 2341 Quod
650 2304 778 2341 infame,
796 2306 877 2336 unde

217 2357 356 2386 mulieres
379 2356 556 2394 secutulqjcr.
580 2354 650 2385 vide
667 2365 736 2395 quae
759 2355 877 2385 notavi-

218 2415 287 2435 mus
301 2404 340 2435 ad
357 2404 482 2434 Petron.
496 2414 565 2445 cap.
580 2403 680 2433 lxxxi.
705 2404 822 2433 Bunm.

262 2454 335 2484 326.
355 2452 600 2492 N0npr01›im·e.]
620 2453 700 2483 Puto
712 2452 879 2493 legendum

219 2514 292 2533 ‘num
306 2514 313 2539 3
339 2508 372 2533 ut
389 2513 470 2544 saepe
487 2501 574 2532 alibi.
590 2500 648 2531 inf.
667 2512 743 2532 vers,
759 2502 834 2532 363.

262 2553 336 2583 327.
383 2552 523 2581 Geminus
563 2552 760 2591 Leucippidas
797 2552 875 2592 illi]

219 2602 338 2632 Ambus
355 2601 502 2643 Leucippi
522 2601 601 2632 filias
615 2607 784 2643 rapuerunt
801 2602 877 2632 Cas-

218 2658 265 2682 tor
288 2658 319 2682 et
347 2651 475 2681 Pollux:
507 2662 638 2692 quffluni
664 2651 788 2682 nomina
810 2651 876 2682 fue—

218 2707 290 2733 runt
320 2699 423 2736 llaira,
452 2707 482 2731 et
513 2700 646 2731 Phoebe.
693 2700 875 2742 Apollodor.

217 2750 275 2781 lib.
293 2749 339 2781 iii.
364 2750 457 2781 Cxor.

991 1320 1064 1349 328.
1090 1318 1128 1348 In
1143 1319 1280 1357 exemplis
1295 1318 1512 1348 annumerabor
1525 1314 1605 1357 ega]

948 1369 1151 1398 Annumerari.
1193 1368 1330 1406 exemplis
1366 1365 1512 1396 Latinum
1549 1370 1609 1396 est.

947 1417 1079 1447 alterum
1095 1416 1246 1447 Latinitas
1262 1417 1312 1446 vix
1335 1415 1484 1446 admittit.
1529 1415 1609 1445 Sub-

946 1466 1046 1497 scribo
1073 1467 1167 1507 igitur
1192 1477 1245 1497 sex
1271 1464 1512 1507 exemplaribus,
1538 1474 1607 1505 quae

947 1519 1138 1547 enumerabo]-
1153 1516 1331 1558 praeferunt.
1355 1514 1413 1545 nisi
1428 1513 1535 1544 malis:

977 1566 1114 1600 Quartus
1126 1573 1161 1596 ut
1170 1567 1305 1605 &templis
1315 1577 1354 1595 αη
1362 1575 1538 1595 numerarer
1549 1575 1610 1604 ego·

947 1614 997 1645 Sic
1023 1615 1135 1655 Elegia
1159 1615 1197 1645 de
1219 1615 1310 1644 Nuce
1336 1614 1407 1644 177.
1453 1614 1608 1642 Annume-

946 1665 1150 1706 rarefrnclus
1159 1665 1270 1695 colono.
1292 1664 1409 1703 veljam
1422 1663 1609 1697 munerabor,

947 1720 1011 1750 aut,
1037 1725 1072 1744 en
1104 1715 1291 1745 numerabar.
1322 1713 1497 1742 mesms.
1543 1712 1610 1751 Ego

946 1763 1024 1794 nihil
1060 1769 1162 1801 muto3
1206 1773 1277 1793 cum
1315 1760 1493 1792 Latinitatis
1532 1760 1610 1791 ratio

946 1813 1034 1843 salva
1061 1813 1112 1848 sit,
1142 1813 1207 1854 ipso
1235 1811 1350 1842 Ovidio
1374 1821 1529 1852 sponsore,
1555 1811 1609 1852 qui

946 1861 1002 1892 lib.
1020 1874 1049 1892 v.
1064 1861 1158 1893 Trist.
1174 1861 1216 1892 iv.
1233 1862 1285 1892 20.

1306 1911 1400 1950 Cujus

990 1961 1026 1992 Se
1050 1973 1160 2002 quoque
1191 1963 1222 1991 in
1246 1961 1382 2001 exemplis
1409 1970 1610 1990 annumerare

1031 2012 1112 2041 solet.

947 2059 1057 2090 Cicero
1080 2058 1202 2090 accedit
1224 2069 1277 2100 pro
1292 2058 1389 2088 Rosc.
1406 2057 1515 2088 Amer.
1535 2068 1606 2099 cap.

947 2110 1001 2140 32.
1052 2109 1160 2139 Verum
1175 2120 1227 2150 ego
1239 2108 1378 2149 forsitan
1391 2113 1512 2147 propter
1528 2108 1607 2137 mul-

946 2161 1105 2189 titudinem
1128 2164 1319 2198 patronorum
1340 2159 1371 2187 in
1392 2168 1483 2198 grege
1507 2168 1607 2187 αηηιι-

945 2220 1058 2245 mer2r3
1084 2208 1177 2238 immo
1203 2218 1375 2237 enumerare
1401 2208 1433 2236 in.
1462 2206 1608 2244 eaemplis,

946 2257 1071 2288 minime
1096 2257 1204 2287 Latine
1228 2256 1301 2292 (lici,
1318 2261 1423 2287 auctor
1449 2260 1496 2286 est
1520 2256 1606 2286 locu-

945 2306 1133 2349 pletissimus
1170 2306 1221 2336 Cl.
1252 2305 1395 2336 Graevius
1432 2304 1471 2335 ad
1502 2304 1605 2335 Cicer.

946 2355 1098 2386 Paradox.
1115 2355 1136 2385 i.
1154 2355 1206 2385 ubi
1221 2354 1296 2384 forte
1309 2354 1403 2384 etiam
1419 2352 1605 2394 legendum:

948 2405 1029 2441 Bias,
1045 2407 1094 2445 qni
1110 2411 1330 2435 αηηιιηίενιιῑιιι·
1345 2405 1374 2433 in
1394 2409 1510 2443 septem..
1538 2402 1605 2433 vul-

945 2466 984 2496 go
1020 2461 1224 2489 enumeratur,
1262 2454 1393 2484 Graevus
1429 2458 1608 2482 numeratur

945 2503 1068 2546 praefert
1104 2514 1141 2533 ex
1179 2503 1344 2533 I‘ithoeano
1378 2501 1502 2532 codice:
1542 2501 1604 2531 vim

947 2564 1018 2583 vero
1045 2553 1136 2593 liujus
1153 2552 1236 2583 verbi
1259 2552 1416 2593 eleganter
1438 2550 1605 2580 illustravit

945 2600 1158 2642 Schultingius
1174 2601 1211 2631 ad
1236 2602 1362 2632 Senecae
1382 2599 1557 2629 Suasoriam
1574 2598 1606 2630 ii.

945 2652 1063 2681 Burin.

988 2702 1064 2731 332.
1091 2699 1185 2740 Tuque
1202 2710 1301 2729 novam
1315 2700 1412 2727 credet
1428 2698 1534 2737 vulgus
1549 2699 1603 2727 ‹ul—

943 2761 1000 2780 esse
1029 2749 1152 2789 Dorum]
1195 2749 1286 2778 Hunc
1316 2746 1441 2777 titulum
1469 2756 1603 2776 sumsero
