1849 3198
629 202 975 245 HEROIDES.
1009 203 1102 245 ΕΡ.
1136 203 1256 246 ΧΧ.
1554 205 1641 249 269

248 320 382 376 Quid
402 321 562 385 pudor
583 335 668 368 ora
687 319 855 366 subit?
892 335 1022 375 nam,
1041 320 1171 367 sicut
1194 321 1244 367 in
1270 321 1376 369 aede
1395 320 1586 379 Dianae,
1611 327 1640 372 5

316 399 553 463 Suspicor
578 398 818 461 ingenuas
845 397 1103 444 erubuisse
1129 413 1298 460 genas.

248 475 552 539 Conjugium
577 482 878 540 pactamque
903 473 1071 529 fidem,
1093 490 1191 521 non
1211 476 1433 533 crimina,
1455 493 1636 541 posco:

315 554 529 601 Debitus
555 561 611 600 ut
635 554 839 616 conjux,
867 569 965 599 non
990 559 1045 599 ut
1071 553 1280 609 adulter,
1308 570 1436 601 amO.

245 630 413 679 Verba
436 632 552 679 licet
576 637 789 695 repetas,
818 647 931 694 quae
957 631 1154 678 demtus
1182 632 1244 678 ab
1271 633 1445 680 arbore
1470 633 1617 682 foetus

312 708 526 756 Pertulit
551 708 612 755 ad
639 715 821 764 castas,
848 724 929 755 me
949 708 1183 771 jaciente,
1211 725 1416 767 manus3
1582 716 1641 759 10

247 785 475 834 Invenies
500 787 599 834 illic
626 787 675 834 id
699 793 749 834 te
775 787 1038 850 spondere,
1068 787 1204 850 quod
1231 794 1365 851 opto,

312 864 383 912 Te
408 865 590 929 potius,
617 866 769 927 virgo,
799 881 950 929 quam
976 864 1263 912 meminisse
1291 864 1469 912 Deam.

248 941 396 990 Nunc
426 959 629 1006 quoque
648 943 779 990 idem
804 944 985 991 timeo:
1014 943 1104 989 sed
1129 942 1261 989 idem
1287 950 1454 990 tamen
1480 944 1642 992 acrius

445 1021 566 1067 illud

314 1097 575 1145 Adsumsit
592 1098 747 1155 vires3
779 1105 1028 1162 auctaque
1053 1098 1254 1145 flamma
1279 1100 1417 1146 mora
1444 1107 1536 1147 est.

248 1173 450 1238 Quique
469 1176 562 1223 fuit
576 1192 848 1243 numquam
866 1193 1068 1241 parvus;
1089 1193 1219 1223 nunc
1239 1184 1463 1240 tempore
1477 1178 1640 1241 longo,

316 1251 382 1300 Et
407 1270 511 1317 spe,
540 1269 691 1316 quam
716 1254 925 1301 dederas
950 1261 1004 1301 tu
1030 1253 1166 1310 mihi,
1195 1253 1349 1301 crevit
1373 1270 1526 1302 amor.
1584 1259 1641 1304 16

251 1330 407 1394 Spem
426 1332 546 1378 mihi
562 1339 616 1379 tu
632 1332 867 1380 dederas:
893 1348 1033 1379 meus
1050 1332 1128 1378 hic
1145 1331 1236 1378 tibi
1252 1332 1465 1379 credidit
1480 1333 1639 1380 ardor.

316 1407 430 1456 Non
449 1416 591 1473 potes
616 1411 709 1457 hoc
734 1410 920 1458 factum
945 1418 1075 1458 teste
1100 1426 1284 1473 negare
1311 1409 1440 1457 Dea.

248 1485 438 1543 Adfuit,
464 1494 514 1534 et
538 1504 775 1551 praesens,
804 1495 858 1536 ut
876 1495 1030 1544 erant,
1057 1495 1144 1534 tua
1167 1489 1320 1535 verba
1344 1489 1532 1535 notavit
1553 1506 1562 1536 :

317 1563 384 1611 Et
406 1565 512 1611 visa
536 1572 611 1612 est
636 1566 769 1612 mota
794 1566 929 1613 dicta
953 1565 1192 1629 probasse
1219 1565 1382 1611 coma.
1579 1570 1643 1613 20

251 1641 529 1706 Deceptam
555 1643 693 1690 dicas
720 1645 889 1691 nostra
917 1651 965 1691 te
991 1643 1163 1690 fraude
1189 1643 1383 1690 licebit:

318 1719 452 1766 Dum
477 1720 662 1768 fraudis
688 1729 868 1769 nostrae
895 1738 1074 1769 caussa
1098 1721 1283 1769 feratur
1308 1736 1460 1768 amor.

251 1795 404 1844 Fraus
430 1814 541 1845 mea
566 1798 687 1862 quid
712 1799 871 1863 petiit,
899 1799 992 1845 nisi
1019 1815 1118 1862 quo
1143 1798 1234 1846 tibi
1253 1799 1490 1862 jungerer
1515 1798 1628 1846 uni?

319 1874 378 1922 Id
404 1892 499 1932 me,
528 1877 662 1939 quod
688 1877 926 1939 quereris,
955 1877 1218 1926 conciliare
1244 1883 1425 1939 potest.

298 2031 346 2060 ll.
390 2029 524 2060 Invenies
551 2032 614 2061 illic
645 2033 675 2061 id
709 2038 736 2061 te
762 2034 912 2071 spondere,

249 2082 326 2120 quod
345 2080 432 2118 opta!
455 2080 534 2120 &eq
561 2080 714 2111 Acontius
739 2081 778 2111 ad
795 2081 912 2123 Cydip-

250 2139 321 2171 pen,
353 2129 435 2171 apud
463 2129 643 2160 Aristenaet.
675 2130 759 2161 dicta
791 2131 911 2173 Epist.:

252 2181 325 2211 Εἴθε
339 2182 398 2221 μὲν
411 2180 480 2216 οὖν,
497 2180 538 2217 ὡς
552 2179 667 2221 ἀρτίως
685 2181 848 2222 ι’]υχὸμην,
865 2181 912 2211 εὖ·

249 2242 341 2271 ορκος
366 2229 442 2268 εἴης·
476 2230 536 2261 εἴθε
558 2231 622 2271 γὰρ
648 2230 674 2261 εἰ
696 2229 727 2260 δὲ
751 2230 912 2270 ἀπυβαίη,

252 2279 329 2321 ὅπερ
353 2278 429 2321 μηδὲ
456 2279 562 2321 λέγειν
584 2281 700 2315 καλὸν,
728 2280 749 2319 ὴ
770 2280 913 2322 Ἄρτεμις

249 2329 340 2360 ἔσται
355 2341 403 2361 σοι
417 2328 576 2371 παρθένος
600 2331 730 2370 πραεῖα.
778 2329 914 2361 Inrmzics

253 2380 317 2409 illic
333 2381 363 2409 id
380 2386 407 2409 te
419 2381 575 2419 spondisse.
612 2379 771 2410 Libentius
787 2380 867 2421 lege,
881 2386 913 2411 ut

253 2435 300 2460 est
320 2429 352 2459 in
369 2428 438 2460 aliis
462 2429 515 2459 lib.
531 2431 665 2468 jurasse,
712 2429 814 2460 Infra:
843 2430 914 2460 Ilua

252 2480 409 2519 adjuravit
434 2480 564 2508 amanti:
589 2485 631 2514 ct,
657 2480 705 2509 sed
728 2480 786 2509 kare
810 2482 915 2509 metuit

251 2531 375 2568 perjura
392 2529 505 2558 vocari:
530 2533 560 2558 et
587 2527 684 2564 initio,
701 2529 808 2558 iterum
820 2531 913 2567 jura-

254 2579 296 2608 bis
309 2579 435 2607 amanti.
480 2577 598 2607 AMAn.

303 2627 352 2657 18.
380 2626 448 2656 Non
471 2633 550 2665 potes
574 2629 624 2656 hoe
637 2627 760 2668 sactum
780 2633 849 2656 leste
867 2638 915 2655 1ιο-

253 2688 328 2718 gare
345 2676 439 2717 Ded]
467 2676 535 2706 IIoc
551 2687 674 2718 quoque
692 2676 760 2707 loco
781 2687 915 2717 sequun-

257 2732 306 2756 tur
326 2724 387 2755 duo
406 2736 521 2761 versus,
538 2726 590 2766 qui
612 2725 693 2755 haud
713 2725 805 2756 ‹lubie
827 2736 842 2755 a
864 2736 915 2755 cu-

257 2774 335 2805 rioso
359 2774 464 2815 aliquo
484 2774 655 2816 interpositi
677 2781 757 2805 sunt.
806 2775 916 2814 Neque

981 2032 1063 2062 enim
1076 2042 1146 2062 cum
1162 2036 1226 2061 toto
1245 2031 1314 2061 loco
1330 2030 1498 2072 quicquam
1514 2041 1644 2061 consen-

982 2083 1081 2113 tiunt:
1107 2088 1137 2112 et
1154 2093 1207 2123 per
1221 2093 1253 2112 se
1269 2082 1348 2112 tales
1363 2089 1445 2117 sunt,
1463 2087 1497 2112 ut
1513 2082 1552 2112 ab
1569 2081 1645 2112 Ovi-

981 2132 1075 2163 diana
1093 2131 1197 2173 phrasi
1218 2132 1310 2173 plane
1327 2131 1523 2162 abhorreant.
1568 2131 1646 2162 Sunt

981 2187 1085 2212 autem
1102 2180 1133 2210 hi
1148 2192 1153 2210 ι

1027 2230 1077 2260 Mc
1096 2231 1149 2260 tibi
1167 2236 1340 2269 nupturam,
1355 2228 1445 2271 jirlit
1467 2235 1532 2259 erat
1552 2240 1646 2266 omen,

1113 2281 1234 2313 Aconti,

1067 2329 1155 2363 Juro,
1168 2340 1253 2369 quum
1271 2328 1406 2363 colimus,
1423 2329 1547 2357 numina
1563 2339 1645 2370 mag-

1111 2390 1147 2408 ιια
1168 2378 1248 2408 ΒΜ.
1475 2377 1602 2408 Μῐωί.

983 2428 1072 2458 Forte
1087 2435 1220 2466 paz-tum.
1237 2432 1315 2457 utet
1331 2426 1424 2468 paulo
1439 2431 1526 2467 post:

1026 2477 1173 2518 Sitsraus
1189 2478 1258 2507 huic
1273 2488 1374 2506 nomen
1388 2483 1486 2516 pacto.
1525 2475 1645 2506 Hfflxs.

1026 2528 1080 2556 20.
1111 2528 1193 2557 Muta
1219 2530 1301 2557 dicta
1326 2528 1426 2557 tulisse
1449 2525 1556 2565 comm]
1584 2526 1645 2555 No-

985 2583 1056 2606 tasse
1079 2577 1167 2607 multi
1187 2588 1223 2607 ex
1248 2575 1382 2617 scriptis.
1415 2573 1644 2610 Gronovianus,

984 2626 1170 2656 oxomensis
1207 2631 1237 2656 et
1283 2624 1455 2658 Leidensis,
1498 2625 1643 2662 probasse.

985 2674 1066 2715 quod
1084 2685 1189 2705 verum
1206 2680 1264 2705 est.
1313 2674 1429 2703 Hfflxs.

1028 2725 1080 2754 23.
1100 2725 1166 2754 Nisi
1180 2727 1223 2754 uei
1238 2725 1443 2763 libijungerer
1458 2722 1538 2762 uui.]
1559 2721 1644 2751 Forte

987 2780 1083 2803 toturn
1100 2774 1253 2804 ‹lnsticlwn
1274 2773 1315 2803 ita
1332 2771 1599 2803 constituendum:
