1849 3198
189 155 274 195 408

580 155 631 195 Ρ.
665 154 881 195 OVIDII
914 154 1195 196 NASONIS

194 269 451 331 Quidquid
467 276 704 325 servatur,
727 270 956 332 cupimus
976 270 1160 331 magis:
1199 270 1410 334 ipsaque
1426 272 1584 319 furem

261 345 395 392 Cura
417 353 577 392 vocat.
605 346 767 410 pauci,
796 347 932 409 quod
958 346 1075 392 sinit
1099 346 1238 403 alter,
1266 356 1450 395 amant.
1520 351 1583 395 26

193 421 240 467 N
246 438 302 469 ec
328 422 454 469 facie
479 424 646 486 placet
669 424 752 470 illa
776 423 881 478 sua,
910 423 998 470 sed
1024 438 1190 470 amore
1215 424 1393 472 mariti.

260 498 445 546 Nescio
472 500 608 562 quid,
634 501 768 563 quod
793 508 842 547 te
867 500 1072 563 ceperit,
1101 517 1210 547 esse
1236 509 1429 565 putant.

193 574 307 621 Non
318 576 475 638 proba
485 576 563 632 sit,
577 593 728 639 quam
738 578 809 624 vir
820 583 997 632 servat,
1012 577 1100 623 sed
1112 577 1351 625 adultera.
1366 594 1480 625 cara
1490 585 1583 635 est;

258 651 376 714 Ipse
401 652 547 699 timor
571 653 785 716 pretium
810 668 1017 715 corpore
1043 654 1204 716 majUs
1229 654 1396 702 habet.
1519 658 1583 701 30

193 728 458 790 Indignere
483 730 626 786 licet3
662 731 803 792 juvat
827 730 1122 777 inconcessa
1144 731 1390 795 voluptas.

261 805 379 851 Sola
402 806 588 869 placet;
630 806 819 861 Timeo,
847 806 1014 853 dicere
1040 807 1080 852 si
1107 822 1208 869 qua
1231 814 1413 871 potest.

192 881 299 929 Nec
325 888 491 929 tamen
517 883 783 944 ingenuam
804 883 886 945 jus
912 891 988 930 est
1014 899 1207 930 servare
1233 885 1467 947 puellam.

257 958 355 1005 Hic
382 966 543 1007 metus
569 967 788 1007 externae
814 976 1024 1023 corpora
1053 962 1214 1022 gentis
1241 969 1372 1024 agat.

193 1035 396 1083 Scilicet
420 1043 474 1083 ut
497 1037 656 1100 possit
681 1042 867 1091 custos,
896 1036 1020 1099 Ego,
1049 1037 1231 1093 dicere,
1260 1038 1371 1093 feci,
1518 1043 1580 1087 35

257 1112 316 1159 In
341 1113 539 1160 laudem
565 1113 690 1160 servi
717 1119 856 1159 casta
881 1112 944 1159 sit
968 1113 1052 1160 illa
1074 1114 1162 1160 tui.

191 1189 430 1236 Rusticus
452 1196 529 1236 est
552 1190 775 1245 nimium,
804 1206 953 1252 quem
976 1191 1110 1238 laedit
1127 1191 1352 1239 adultera
1366 1194 1548 1256 conjux
1567 1212 1577 1251 ;

257 1265 323 1312 Et
347 1273 490 1313 notos
517 1283 677 1313 mores
703 1283 801 1313 non
827 1267 947 1314 satis
976 1267 1127 1314 Urbis
1153 1269 1326 1316 habet:

190 1342 248 1388 In
273 1343 373 1405 qua
398 1343 694 1406 Martigenae
719 1360 816 1390 non
843 1350 959 1390 sunt
984 1344 1089 1391 sine
1116 1345 1320 1393 crimine
1347 1347 1447 1393 nati

257 1419 501 1466 Romulus
529 1420 728 1476 Iliades,
758 1420 1045 1484 Iliadesque
1074 1421 1280 1469 Remus.
1517 1426 1582 1470 40

189 1498 300 1551 Quo
324 1496 414 1544 tibi
439 1497 719 1552 formosam,
748 1498 787 1543 si
813 1513 911 1544 non
937 1498 1028 1545 nisi
1055 1506 1195 1546 casta
1219 1500 1480 1563 placebat?

257 1572 371 1619 Non
396 1581 606 1636 possunt
630 1574 742 1620 ullis
769 1574 863 1620 ista
889 1575 1019 1622 coire
1045 1576 1222 1623 modis.

174 1756 302 1793 juvenes
325 1754 514 1791 Puteaneus,
529 1755 612 1796 quod
631 1766 751 1796 sequor,
768 1767 844 1796 quo-

185 1803 277 1833 modo
292 1809 323 1834 et
337 1803 487 1845 Scaligeri
511 1804 669 1846 Excerpta
692 1810 724 1835 et
747 1805 847 1836 Aron-

185 1851 336 1883 delianus.
370 1853 543 1884 HmNsws.
580 1854 698 1885 Recte:
722 1857 849 1894 juvenis

187 1900 269 1931 enim
284 1902 437 1943 adjective
453 1912 536 1944 saepe
558 1903 693 1944 ponitur.
719 1904 785 1934 vid.
807 1905 846 1935 ad

191 1950 313 1981 Phaedr.
328 1950 360 1982 ii.
376 1952 455 1982 Fab.
472 1953 504 1982 2.

229 2000 282 2029 26.
300 2000 440 2040 Prffdffi]
474 2001 545 2031 Non
562 2013 631 2043 quae
647 2009 705 2038 est,
723 2003 777 2033 sed
799 2003 845 2034 su-

185 2054 254 2078 tura
281 2048 333 2079 sit.
354 2054 388 2079 ut
413 2050 494 2091 apud
525 2050 693 2091 Virgilium
721 2051 777 2081 lib.
806 2051 845 2082 iv.

185 2097 260 2127 536.

230 2146 309 2180 Quos
332 2157 383 2188 ego
403 2159 464 2177 sam
491 2150 574 2178 [oties
589 2151 657 2187 jam
683 2152 844 2191 dedignata

269 2198 401 2225 maritos.

185 2244 401 2285 Manuscripta
431 2252 534 2276 tamen
563 2247 753 2287 exemplaria
792 2248 844 2277 lia-

184 2294 271 2327 bent,
291 2293 384 2329 Cara,
401 2293 431 2323 id
447 2300 504 2330 est,
516 2295 659 2325 servandi
671 2295 846 2337 diligentia,

183 2349 215 2374 et
231 2348 376 2373 accurata
390 2343 541 2374 custodia.
557 2350 588 2374 et
610 2344 653 2375 sic
677 2345 845 2387 legendum

184 2402 262 2428 esse,
278 2391 441 2432 sequentia
456 2393 601 2424 suadent.
622 2393 721 2430 Vocat,
736 2405 845 2435 provo-

182 2446 246 2471 cat.
278 2439 405 2480 Legitur
421 2441 526 2477 etiam,
544 2442 625 2471 Cara
640 2444 736 2483 fiis-it.
770 2444 843 2473 ΜΑ-

187 2500 271 2519 unis.

227 2539 279 2569 30.
296 2538 359 2577 Ipse
375 2538 489 2578 timot-2]
530 2541 577 2570 Ne
601 2539 720 2570 scilicet
744 2548 846 2572 custos

183 2586 296 2618 sentiat
334 2586 459 2622 furtum,
497 2592 527 2618 et
565 2588 674 2619 marito
717 2590 845 2622 indicet.

185 2637 304 2667 mes.

231 2686 292 2725 lpse
308 2689 394 2717 timor
406 2688 479 2727 &cuj
498 2687 627 2718 Variam
642 2688 822 2731 interpretes
836 2703 842 2728 ;

915 1767 1060 1786 censeam
1081 1768 1139 1798 ego
1162 1757 1205 1787 sic
1230 1758 1488 1799 intelligendum:
1516 1759 1581 1800 ipse

916 1807 1014 1842 timor,
1043 1816 1081 1837 ne
1106 1807 1223 1837 furtum
1252 1811 1355 1837 custos
1378 1807 1503 1844 sentiat,
1530 1808 1581 1838 vel

915 1855 1055 1891 maritus,
1081 1854 1140 1896 ipsi
1166 1855 1246 1885 furto
1268 1857 1402 1894 pretium
1427 1855 1524 1892 addit,
1551 1863 1582 1887 et

915 1903 1048 1944 pretium
1062 1904 1189 1945 quidem
1205 1906 1302 1943 'nunus
1325 1915 1455 1944 corpore.
1472 1905 1503 1935 id
1523 1913 1580 1941 est,

915 1957 1040 1993 propter
1055 1952 1139 1994 quod
1151 1952 1199 1983 sui
1211 1952 1334 1995 copiam
1348 1953 1465 1984 amanti
1478 1954 1579 1985 facere

916 2001 1021 2041 puella
1036 2013 1096 2032 non
1112 2001 1247 2032 dubitet.
1294 2002 1411 2033 Anrnrx.

959 2050 1013 2080 34.
1034 2051 1196 2091 Corpora]
1229 2051 1267 2081 Id
1290 2057 1337 2081 est
1353 2051 1496 2082 ancillas.
1515 2051 1578 2082 vid.

915 2098 953 2128 ad
970 2099 1070 2141 Epist.
1088 2099 1133 2130 iii.
1152 2101 1204 2130 30.

958 2148 1009 2178 40.
1028 2149 1174 2179 Romulus
1192 2148 1311 2185 Iliades,
1336 2149 1501 2190 Iliadesque
1519 2150 1578 2180 Re-

916 2197 1009 2237 mus]
1040 2197 1106 2227 11⁴1ae
1123 2197 1177 2227 filii
1194 2208 1231 2227 ex
1246 2198 1365 2228 Marte.
1409 2199 1499 2230 Cmr.

958 2248 1009 2277 41.
1039 2246 1071 2276 Si
1093 2258 1150 2276 non
1176 2249 1322 2277 tibicasta
1337 2249 1463 2286 placebit
1474 2249 1502 2288 ?]
1530 2249 1579 2279 Ita

915 2295 1052 2336 quidem,
1068 2296 1122 2326 sed
1139 2301 1279 2337 corrupte
1303 2296 1334 2326 in
1358 2296 1501 2327 omnibus
1519 2297 1576 2328 im-

914 2347 1026 2387 pressis
1049 2345 1279 2386 exemplaribus
1300 2345 1429 2386 legitur:
1455 2357 1492 2376 ex
1517 2346 1576 2377 hac

914 2395 995 2424 enim
1025 2394 1157 2425 lectione
1187 2405 1341 2435 congruus
1368 2406 1476 2426 sensus
1503 2395 1575 2426 elici

915 2455 974 2474 non
998 2450 1109 2485 potest.
1138 2443 1220 2474 unde
1248 2454 1285 2473 ex
1313 2444 1511 2474 vetustissimi
1539 2456 1576 2476 ac

914 2493 1114 2535 manuscripti
1131 2492 1248 2523 codicis
1261 2493 1445 2524 auctoritate
1469 2493 1576 2534 legen-

913 2543 987 2574 dum
1003 2549 1059 2577 est,
1076 2542 1108 2571 Si
1123 2554 1180 2572 71071
1197 2543 1253 2571 uisi
1270 2549 1350 2572 casta
1363 2543 1517 2581 placebat?
1540 2548 1575 2573 ut

913 2592 952 2623 sit
967 2602 1093 2623 sensus:
1119 2591 1149 2621 Si
1164 2597 1251 2621 casta
1264 2602 1339 2621 uxor
1351 2591 1406 2622 tibi
1420 2592 1576 2632 placebat,

914 2652 973 2673 non
989 2642 1151 2672 formosam
1169 2640 1283 2672 ducere
1306 2640 1454 2671 debebas.
1477 2642 1574 2672 Juxta

914 2690 1034 2720 Biantis
1050 2689 1235 2720 sententiam
1252 2689 1348 2723 idam.
1365 2700 1433 2729 quau
1453 2689 1571 2720 dissua-
