1849 3198
259 224 315 265 84
649 224 698 264 Ρ.
723 224 935 266 OVIDII
968 223 1246 265 NASONIS

262 338 407 393 Quod
432 339 520 386 tibi
546 340 816 394 maluerim,
844 340 948 386 sine
974 356 1052 386 me
1077 340 1259 386 debere
1284 339 1529 402 procellis,

326 416 355 462 J
360 417 513 463 ustior
537 424 613 464 est
637 418 798 464 animo
822 424 996 464 ventus
1022 424 1072 463 et
1095 417 1228 463 unda
1250 422 1351 462 tuo.

263 491 377 539 Non
403 509 494 556 ego
520 510 627 540 sum
651 494 791 549 tanti,
810 494 1055 556 (quamvis
1081 493 1328 547 merearis,
1348 491 1557 555 inique,)
1576 495 1640 539 45

332 569 401 617 Ut
424 586 614 633 pereaS,
641 571 758 617 dum
784 587 863 617 me
889 586 976 633 per
1000 570 1124 617 freta
1147 570 1293 631 longa
1317 569 1462 631 fugis.

264 647 483 694 Exerces
510 648 725 710 pretiosa
748 647 875 702 odia,
903 654 952 694 et
976 648 1254 694 constantia
1278 663 1484 709 magno3

332 724 401 778 Si,
429 725 546 771 dum
571 740 648 770 me
675 740 860 778 careaS,
888 730 964 770 est
988 724 1076 770 tibi
1100 725 1194 770 vile
1220 723 1357 770 mori.

262 800 292 846 J
298 817 376 848 am
400 802 531 848 venti
558 807 770 863 ponent3
811 808 1063 863 strataque
1088 800 1342 863 aequaliter
1366 799 1514 853 unda,

330 877 567 924 Caeruleis
593 876 763 923 Triton
788 893 876 940 per
900 893 1034 924 mare
1059 884 1222 924 curret
1246 877 1404 939 equis.
1580 878 1643 922 50

264 953 339 1000 Tu
365 971 563 1017 quoque
589 971 701 1001 cum
726 955 884 1001 ventis
910 955 1097 1001 utinam
1123 954 1371 1000 mutabilis
1397 953 1559 1001 esses!

331 1030 411 1087 Et,
438 1032 530 1078 nisi
555 1032 734 1079 duritia
757 1033 932 1078 robora
954 1031 1125 1086 vincis,
1153 1031 1265 1077 eris.

266 1109 432 1163 Quid?
472 1110 512 1155 si
539 1110 789 1165 nescieris,
817 1110 990 1156 insana
1014 1109 1132 1171 quid
1158 1122 1357 1171 aequora
1381 1106 1605 1170 possint?

333 1184 565 1248 Expertae
591 1186 736 1233 toties
763 1201 911 1248 quam
937 1186 1065 1232 male
1090 1185 1249 1232 credis
1276 1183 1451 1247 aquae?

307 1394 367 1425 Ibis
383 1394 532 1433 Cecropios
542 1401 657 1433 partim.

266 1442 314 1473 Ire
340 1444 407 1473 iter.
432 1442 502 1473 vide
528 1443 628 1473 Notas
647 1442 686 1473 ad
710 1442 810 1484 Epist.
832 1443 919 1473 xviii.

266 1502 329 1522 ver.
363 1493 432 1521 135.
465 1490 508 1521 ita
536 1490 632 1521 locuti
656 1490 818 1531 Virgilius,
844 1491 919 1522 val.

265 1541 395 1571 Flaccus
431 1546 461 1570 et
490 1540 627 1575 Gratius,
657 1540 709 1581 qui
741 1542 783 1569 ire
799 1540 920 1581 fictum

263 1588 353 1619 dixit.
399 1589 518 1619 HEINs.

307 1638 358 1668 45.
393 1638 532 1671 Quamvis
556 1639 694 1667 merearis
722 1636 848 1677 iniqua]
884 1637 921 1666 In

265 1685 451 1726 quibusdam
466 1688 627 1721 meditaris,
645 1692 809 1727 utrumque
824 1692 919 1716 recte.

266 1735 477 1766 Num-rmus.
521 1736 637 1765 Mirum
662 1735 711 1765 hic
738 1735 769 1765 in
794 1734 919 1765 modum

264 1784 385 1814 variant
410 1784 479 1815 libri
505 1789 639 1815 veteres.
684 1784 834 1814 Diversas
856 1784 919 1814 lec·

265 1832 364 1863 tiones
393 1832 566 1874 subjiciam,
592 1838 625 1862 ut
656 1832 765 1863 alienae
795 1843 919 1873 quoque

264 1881 449 1922 conjecturae
463 1880 502 1911 sit
517 1881 615 1911 locus.
648 1881 837 1916 Puteaneus,
849 1883 921 1921 quid

263 1941 320 1960 non
338 1932 468 1960 terreris.
495 1935 526 1960 et
541 1929 740 1960 emendatum
755 1932 842 1970 quod.
877 1930 921 1960 Ut

265 1978 341 2009 forte
357 1978 574 2020 corrigendum
589 1979 639 2014 sit,
650 1990 704 2019 quo
716 1990 771 2008 mm
789 1980 920 2015 terreris,

265 2027 336 2063 Vel,
352 2029 427 2067 quod
444 2039 498 2057 non
515 2033 550 2057 tu
564 2029 650 2057 reris.
682 2027 725 2056 At
740 2026 873 2057 Puteani
889 2032 921 2057 et

264 2076 366 2107 Jureti
382 2081 539 2117 excerpta,
555 2081 586 2106 et
609 2076 687 2106 alter
706 2075 921 2105 Mentelianus

265 2130 296 2156 et
319 2124 593 2161 Francofurtensis,
609 2126 683 2164 qnod
706 2136 764 2154 von
786 2126 920 2160 censeris,

265 2184 336 2204 cum
351 2179 483 2214 quatuor
498 2173 579 2204 aliis.
604 2174 724 2203 Hizms.
759 2173 920 2213 Legerem,

265 2224 396 2262 quamvis
418 2224 540 2253 censebis
563 2224 679 2263 hiique:
712 2221 744 2251 id
770 2228 817 2251 est
842 2223 921 2253 tanti

266 2282 315 2302 me
332 2282 391 2301 non
413 2271 553 2307 habebis,
569 2282 626 2301 nec
645 2271 730 2312 justo
752 2270 852 2312 pretio
872 2282 922 2302 me

265 2319 445 2350 aestimabis.
470 2320 514 2350 ita
522 2321 648 2359 pretium
661 2321 806 2359 iniquum.
820 2318 921 2361 Epist.

266 2368 330 2399 xiv.
351 2370 422 2399 129.
440 2373 470 2399 et
487 2370 588 2408 iniqua
610 2370 752 2407 pondera.
799 2368 881 2398 Flor.
898 2368 922 2399 i.

269 2418 319 2448 13.
366 2418 476 2448 Douza
486 2418 657 2458 vulgatum,
667 2418 798 2456 quamvis
813 2428 919 2447 merea—

265 2467 306 2495 ris
322 2468 432 2505 inique,
449 2466 574 2496 retinet.
622 2466 739 2496 Ecum.

310 2516 362 2544 48.
389 2515 503 2544 Sidam
524 2525 568 2544 me
582 2514 721 2554 fugias]
750 2514 800 2543 Me
822 2525 923 2544 careas

266 2563 506 2605 praestantiores.
567 2563 660 2603 Fugis
702 2563 806 2604 paullo
849 2569 921 2593 ante

267 2618 478 2653 praecesserat.
501 2612 618 2642 llmxs.
645 2613 725 2642 Octo
736 2612 828 2642 etiam
841 2612 921 2648 libri,

265 2662 302 2690 sit
327 2662 379 2690 tibi
402 2662 473 2691 ¹velle
498 2663 582 2696 mori,
605 2661 687 2702 quod
715 2666 818 2702 posset
841 2661 921 2702 capi,

267 2720 322 2750 pro
350 2709 388 2740 sit
424 2709 479 2740 tibi
511 2710 652 2740 voluntas
687 2709 849 2740 moriendi.
890 2715 921 2739 ut

269 2760 365 2789 Mart.
384 2771 413 2790 v.
431 2760 490 2800 Ep.
508 2761 561 2789 85.

1034 1393 1113 1424 Velle
1126 1399 1208 1423 tuum
1222 1393 1297 1427 nolo,
1310 1391 1470 1431 Dindyme,
1481 1391 1559 1420 nolle
1569 1391 1645 1420 volo.

987 1442 1049 1473 Sed
1064 1442 1192 1482 vulgata
1212 1445 1351 1483 praestat.
1376 1450 1437 1470 non
1460 1439 1564 1479 magni
1587 1439 1644 1470 du-

987 1502 1040 1522 cas
1076 1496 1216 1526 mortem,
1246 1488 1414 1520 dummodo
1448 1499 1497 1518 me
1527 1499 1645 1520 careas.

987 1540 1082 1582 Apud
1099 1540 1179 1570 Flor.
1197 1539 1231 1569 ii.
1248 1550 1319 1580 cap.
1336 1539 1367 1568 6.
1391 1538 1472 1568 male
1488 1543 1563 1579 puto
1578 1538 1645 1568 Sal-

988 1589 1119 1619 masiurn
1143 1587 1322 1623 rescribere,
1337 1598 1408 1628 gens
1428 1593 1585 1616 minumus
1599 1588 1644 1616 vi-

989 1639 1078 1677 lisque
1102 1639 1201 1667 morti.
1227 1642 1258 1666 et
1283 1636 1437 1678 explicare
1460 1634 1583 1665 facilem
1607 1636 1645 1666 ad

988 1692 1118 1717 mortem
1141 1685 1371 1727 excipiendam.
1396 1695 1467 1714 cum
1488 1694 1559 1725 gens
1583 1686 1648 1715 cilis

988 1738 1098 1771 man-tis,
1108 1736 1146 1765 sit
1162 1735 1193 1765 in
1209 1735 1296 1776 cujus
1312 1739 1408 1764 morte
1423 1744 1484 1763 non
1500 1743 1646 1774 maguum

988 1785 1135 1815 damnum
1147 1797 1153 1814 z
1179 1783 1266 1814 Sardi
1276 1783 1357 1814 enim
1371 1782 1508 1817 venales,
1521 1788 1552 1812 et
1568 1783 1648 1813 alius

987 1834 1048 1865 alio
1069 1833 1207 1875 nequior,
1224 1832 1277 1863 vili
1302 1832 1401 1874 pretio
1420 1831 1646 1868 vendebantur,

987 1888 1019 1913 et
1048 1883 1091 1913 ita
1120 1893 1182 1913 non
1205 1892 1318 1922 magna
1337 1881 1459 1922 jactura
1484 1879 1517 1910 in
1541 1890 1646 1911 eorum

987 1937 1096 1962 morte.
1122 1931 1166 1961 ita
1182 1931 1300 1960 Lucan.
1318 1941 1348 1960 v.
1367 1929 1442 1959 263.

1031 1983 1153 2011 Animas
1168 1980 1321 2022 effundere
1336 1980 1418 2009 viles.
1463 1978 1582 2008 Bumu.

1031 2031 1084 2060 49.
1112 2028 1257 2068 Ponent]
1283 2029 1333 2058 Ita
1355 2026 1470 2069 passim
1487 2027 1602 2058 Noster
1616 2033 1648 2058 et

988 2077 1040 2109 alii
1055 2078 1236 2118 loquuntur.
1261 2076 1317 2107 sed
1327 2075 1519 2116 subintelligi
1533 2076 1647 2107 debere

988 2137 1079 2162 mare,
1094 2125 1143 2156 vel
1168 2127 1264 2155 undas
1288 2124 1379 2155 docet
1404 2124 1491 2154 locus
1509 2124 1646 2155 Horatii.

988 2175 1010 2205 i.
1028 2174 1090 2205 Od.
1110 2175 1142 2204 3.
1158 2173 1211 2204 ubi
1226 2174 1265 2204 de
1282 2174 1384 2203 Noto:

1180 2224 1280 2252 tollere
1294 2233 1343 2252 seu¹
1355 2232 1461 2260 ponere
1475 2222 1540 2251 vult
1547 2221 1649 2262 freta.

989 2270 1071 2302 Vide
1084 2270 1217 2301 Cerdam
1229 2270 1268 2300 ad
1279 2269 1368 2309 Virg.
1380 2269 1434 2299 vii.
1449 2269 1578 2300 AEneid.
1592 2271 1646 2301 27.

989 2319 1039 2350 vel
1055 2318 1149 2349 etiam
1164 2323 1266 2360 potest
1281 2317 1473 2358 subintelligi
1486 2319 1596 2359 flatus,
1614 2324 1648 2349 ut

990 2367 1073 2409 apud
1089 2367 1221 2397 Statium
1236 2366 1270 2397 ii.
1286 2366 1364 2397 Silv.
1380 2366 1414 2396 ii.
1436 2367 1508 2397 117.

1214 2415 1295 2445 Hinc
1310 2416 1394 2445 motis
1407 2416 1493 2445 audit
1512 2414 1648 2446 Tritonia

1074 2466 1188 2494 cristis.-

1035 2512 1117 2542 Τιιιιι·
1132 2514 1230 2551 ‘rapidi
1244 2512 1474 2552 ponzmtflatus.

989 2560 1052 2598 Qui
1088 2560 1173 2590 locus
1209 2566 1240 2591 et
1268 2561 1383 2590 Douza:
1414 2565 1479 2590 erat
1508 2564 1644 2590 notatus.

990 2611 1106 2640 buum.

1031 2661 1084 2690 52.
1106 2658 1261 2698 Daritim]
1279 2658 1404 2688 ‘Duritie
1420 2657 1556 2688 mallem.
1568 2656 1645 2687 vid.

989 2708 1028 2739 ad
1046 2710 1104 2749 Ep.
1123 2708 1156 2738 ii.
1178 2708 1248 2738 137.
1294 2707 1413 2737 umus.

1031 2758 1084 2788 53.
1112 2758 1227 2791 Quidsz'
1242 2756 1395 2796 nescires]
1424 2755 1571 2786 Nescieris
1587 2760 1647 2785 tres
