1849 3198
184 235 269 276 ⁴298
578 235 627 274 P.
653 233 865 274 OVIDII
901 234 1181 276 NASONIS

191 350 426 398 Crinibus
453 350 699 411 insignem
725 349 837 411 quis
864 350 1012 396 acuta
1040 350 1247 413 cuspide
1275 350 1520 399 Phoebum

258 428 495 482 Instruat,
523 425 734 472 Aoniam
762 425 925 472 Marte
951 435 1179 474 movente
1205 427 1398 490 lyram?

193 505 322 552 Sunt
344 504 434 551 tibi
460 519 655 565 magna,
678 518 816 565 puer,
839 502 1147 565 nimiumque
1167 505 1390 566 potentia
1409 521 1574 567 regna,

257 582 361 628 Cur
385 597 511 644 opus
537 580 775 634 adfectaS‚
804 579 1083 635 ambitiose,
1111 582 1325 628 novum?
1519 586 1575 629 14

190 658 286 715 An,
309 658 443 722 quod
468 658 672 720 ubique,
699 655 869 702 tuum?
895 662 982 702 tua
1005 663 1120 703 sunt
1146 655 1407 705 Heliconia
1431 658 1576 706 Tem—

256 735 356 782 Vix
383 735 533 782 etiam
553 734 746 781 Phoebo
765 735 870 795 jam
896 733 1004 796 lyra
1027 740 1135 781 tuta
1159 751 1250 782 sua
1274 736 1380 782 est?
1464 737 1578 800 [pe?

192 813 322 861 Cum
349 814 476 861 bene
501 811 717 859 surrexit
741 827 884 857 versu
910 826 1037 857 nova
1061 812 1244 874 pagina
1269 812 1450 876 primo;

258 890 513 938 Adtenuat
537 905 711 937 nervos
738 888 963 952 protinus
991 888 1072 935 ille
1097 905 1251 936 meos

192 967 239 1015 N
245 983 301 1015 ec
325 967 446 1014 mihi
473 966 679 1014 materia
704 974 780 1013 est
805 966 1022 1012 numeris
1049 967 1312 1014 levioribus
1338 975 1470 1031 apta,

257 1045 360 1091 Aut
384 1059 522 1108 puer,
552 1050 637 1090 aut
662 1044 834 1105 longas
861 1051 1026 1090 comta
1051 1044 1217 1107 puella
1242 1060 1426 1092 eomas.
1515 1049 1579 1091 20

191 1121 411 1176 Questus
438 1137 600 1173 eram;
641 1120 875 1183 pharetra
902 1136 1015 1166 eum
1041 1121 1265 1183 protinus
1291 1121 1372 1169 ille
1398 1122 1560 1169 soluta

260 1198 404 1261 Legit
426 1198 477 1244 in
503 1197 709 1245 exitium
736 1196 929 1259 spicula
953 1196 1084 1244 facta
1109 1213 1273 1244 meum
1294 1216 1302 1245 :

193 1275 503 1338 Lunavitque
529 1291 658 1337 genu
685 1274 940 1320 sinuosum
965 1274 1155 1322 fortiter
1181 1291 1377 1322 areum:

258 1352 507 1416 Quodque
533 1367 698 1407 canas,
727 1351 897 1407 Vates,
927 1353 1115 1416 accipe,
1143 1353 1285 1408 dixit,
1313 1369 1453 1417 opus.

193 1430 280 1478 Me
305 1429 540 1477 miserum
562 1430 571 1474 ἱ
611 1435 772 1475 certas
799 1428 972 1476 habuit
998 1445 1120 1492 puer
1145 1430 1226 1477 ille
1252 1430 1476 1492 sagittas.
1516 1432 1579 1476 25

260 1507 416 1564 Uror;
458 1514 508 1554 et
532 1507 581 1552 in
600 1522 756 1553 vacuo
782 1513 986 1569 pectore
1011 1514 1184 1569 regnat
1210 1506 1377 1554 Amor.

193 1585 296 1632 Sex
316 1584 435 1630 mihi
461 1591 631 1645 surgat
650 1599 775 1646 opus
796 1583 1036 1639 numeris;
1067 1583 1115 1629 in
1135 1584 1359 1646 quinque
1378 1583 1577 1630 residat.

260 1660 440 1708 Ferrea
464 1677 577 1708 eum
603 1660 779 1708 vestris
804 1660 936 1707 bella
960 1661 1119 1708 valete
1145 1660 1321 1708 modis,

193 1739 408 1801 Cingere
432 1738 607 1785 litorea
636 1737 867 1785 flaventia
891 1746 1117 1801 tempora
1142 1746 1320 1801 myrto,

259 1815 425 1870 Musa,
451 1831 539 1878 per
564 1815 790 1861 undenos
818 1814 1148 1862 emodulanda
1172 1815 1343 1877 pedes,
1518 1816 1581 1860 30

237 1939 287 1969 13.
313 1939 443 1980 Magna,
468 1937 568 1978 picem]
603 1937 718 1979 Utpote
741 1938 791 1979 qui
820 1938 851 1968 in
1222 1937 1280 1967 Ille
1292 1938 1466 1976 pharetram

192 1989 277 2019 Deos
287 1988 369 2030 ipsos
380 1988 432 2030 jus
448 1987 562 2018 habere
578 1987 705 2018 dicaris.
731 1987 851 2018 CxorA-
965 1988 1058 2017 §olvit
1081 1994 1107 2017 et
1130 1988 1256 2017 arbitrio
1272 1987 1376 2016 :matris
1390 1987 1425 2016 tle
1439 1985 1520 2015 mille
1536 1995 1581 2014 su-

193 2049 266 2068 sus.
310 2037 427 2068 Moreti
458 2048 547 2073 unus,
577 2037 630 2067 Sat
661 2038 714 2067 tibi
743 2049 852 2078 magna
1003 2038 1091 2078 gittis

189 2098 274 2126 puer,
287 2096 349 2116 non
363 2085 539 2117 invenuste.
968 2085 1067 2116 Unam
1083 2087 1229 2125 deposuit.
1419 2083 1539 2114 BunM.

233 2137 286 2167 20.
309 2138 372 2166 Αιιι
393 2136 497 2176 ymen]
526 2136 621 2170 Quam
648 2146 723 2174 puer
747 2135 852 2165 Sarra·
966 2136 1017 2166 23.
1041 2134 1261 2174 Lunavitque]
1297 2133 1386 2163 Unus
1415 2131 1582 2163 Maffeian.

192 2185 301 2216 vianus
323 2195 341 2215 a
363 2195 457 2215 manu
482 2184 594 2226 prima.
621 2190 655 2215 ut
678 2183 852 2215 subintelli-
924 2184 1139 2224 Cnrvcwitque.
1164 2182 1247 2224 quod
1271 2181 1407 2212 fortassis
1429 2181 1584 2222 glossema

191 2241 292 2275 gatus,
307 2235 391 2271 alia5
408 2244 465 2264 nec
481 2234 557 2263 mihi
573 2233 635 2264 alia
653 2233 783 2264 materia
792 2239 850 2269 est,
921 2239 981 2264 est.
1027 2233 1210 2264 Clomsos.
1271 2229 1432 2271 Explicuit
1467 2228 1583 2270 optime

192 2293 286 2324 quam
308 2293 395 2324 puer.
418 2282 473 2313 sed
499 2282 557 2312 hoc
581 2288 734 2323 repugnat
753 2283 852 2313 versui
923 2283 1004 2313 hunc
1019 2282 1241 2323 saginaturum
1264 2278 1406 2309 habitum
1427 2278 1583 2310 Columna

192 2333 246 2363 26.
290 2333 409 2362 Burni.
923 2331 963 2361 ad
978 2331 1071 2362 Ennii
1087 2330 1270 2360 Alcmaeona
1284 2338 1359 2370 pag.
1378 2328 1454 2359 285.

235 2382 291 2412 21.
325 2380 460 2421 Solium]
503 2379 689 2421 Expeditum
717 2381 855 2422 explicat
972 2381 1027 2411 29.
1067 2380 1189 2410 Litorea
1233 2377 1362 2418 myrta]
1414 2377 1584 2418 Propterea

194 2429 366 2471 Crispinus,
380 2440 418 2459 ex
431 2428 552 2459 duabus
566 2428 660 2459 Marii
672 2429 853 2471 interpreta-
924 2429 1007 2471 quod
1023 2434 1152 2470 myrtus,
1168 2432 1201 2458 ut
1221 2426 1388 2468 plurimum
1411 2435 1471 2455 non
1492 2425 1585 2465 longe

192 2478 328 2510 tionibus
354 2478 520 2520 pessimam
546 2478 677 2519 eligens.
708 2484 754 2509 est
784 2490 854 2509 vero
924 2489 941 2508 a
956 2477 1031 2509 mari
1054 2483 1177 2519 propter
1200 2476 1274 2506 coeli
1301 2475 1435 2506 calorem
1454 2473 1538 2505 nasci
1553 2480 1585 2504 et

195 2534 312 2570 aperta,
328 2538 399 2558 nam
422 2527 544 2557 clausas
566 2528 715 2567 gerebant
740 2527 851 2569 phare-
923 2539 988 2558 esse
1003 2526 1187 2558 consuescit.
1211 2526 1303 2556 Clor.
1327 2523 1468 2554 Martial.
1479 2523 1520 2554 iv.
1534 2523 1584 2554 13.

194 2585 268 2610 tras.
291 2578 404 2609 Noster
420 2589 451 2608 v.
468 2578 600 2608 Metam.
616 2577 689 2607 379.
969 2577 1053 2606 Latos
1069 2587 1170 2615 aquas,
1189 2576 1275 2604 litora
1294 2579 1410 2613 myrtus
1425 2580 1517 2602 uniat.
