1849 3198
219 159 303 200 421

612 157 662 197 P.
697 155 910 198 OVIDII
943 154 1224 197 NASONIS

223 272 290 320 At
314 273 518 320 meliora
541 273 721 329 dabat3
761 288 909 319 curvo
935 272 1040 319 sine
1065 287 1262 320 vomere
1286 271 1468 334 fruges,

292 349 568 413 Pomaque,
596 356 646 396 et
670 349 719 396 in
745 364 932 412 quercu
957 349 1106 396 mella
1129 355 1327 412 reperta
1350 350 1490 396 cava.
1548 351 1612 395 40

226 426 271 472 N
278 443 334 474 ec
360 427 520 474 valido
547 427 813 490 quisquam
838 435 993 475 terras
1018 425 1241 473 findebat
1265 432 1453 473 aratro:

293 504 536 566 Signabat
559 504 694 550 nullo
719 503 874 551 limite
899 519 1096 551 mensor
1120 504 1343 550 humum.

227 579 271 625 N
278 596 341 626 on
366 580 491 628 freta
515 580 718 627 demissi
738 581 1001 627 verrebant
1025 587 1166 627 eruta
1190 580 1328 628 remi.

294 656 484 705 Ultima
507 657 701 704 mortali
725 664 830 704 tum
855 657 933 704 via
956 657 1071 705 litus
1096 665 1218 705 erat.

227 734 415 783 Contra
437 742 487 782 te
512 735 700 791 sollers,
728 735 981 782 hominum
1009 734 1218 790 Natura,
1244 733 1409 789 fuisti;

1549 736 1612 779 45

293 810 359 858 Et
382 811 587 858 nimium
613 811 806 859 damnis
833 811 1091 874 ingeniosa
1112 811 1228 858 tuis.

226 888 337 943 Quo
363 889 468 945 tibi,
495 889 681 936 turritis
705 889 957 952 incingere
982 889 1228 936 moenibus
1254 888 1436 935 urbes?

292 966 403 1020 Quo
428 966 534 1023 tibi,
561 967 815 1015 discordes
842 967 1024 1015 addere
1049 967 1099 1015 in
1124 981 1260 1012 arma
1283 965 1493 1012 manus?

226 1042 358 1096 Quid
384 1043 472 1090 tibi
499 1060 613 1090 cum
638 1044 850 1107 pelago?
886 1044 1018 1091 terra
1044 1049 1278 1090 contenta
1301 1041 1496 1088 fuisses.

292 1119 396 1165 Cur
420 1136 517 1166 non
542 1128 592 1167 et
615 1121 811 1177 coelum,
838 1121 983 1168 tertia
1007 1136 1174 1183 regna,
1202 1119 1365 1187 petis?

1548 1121 1611 1165 50

226 1196 336 1251 Qua
366 1195 498 1252 licet,
526 1196 747 1244 adfectas
773 1197 952 1244 coelum
979 1213 1196 1260 quoque.
1216 1196 1423 1259 'templa
1448 1194 1610 1249 Quiri-

292 1272 453 1329 Liber,
481 1281 531 1321 et
549 1274 769 1330 Alcides,
793 1282 843 1322 et
867 1275 1013 1322 modo
1038 1274 1224 1329 Caesar,
1245 1273 1446 1320 habent.
1476 1273 1607 1333 [nus,

227 1349 457 1396 Eruimus
482 1351 613 1397 terra
638 1351 849 1398 solidum
874 1367 962 1415 pro
987 1350 1210 1413 frugibus
1236 1365 1424 1396 aurum.

293 1425 525 1473 Possidet
548 1427 772 1474 inventas
798 1428 1037 1490 sanguine
1063 1427 1204 1474 miles
1229 1442 1367 1490 opes,

227 1503 379 1549 Curia
402 1504 706 1567 pauperibus
726 1505 895 1552 clausa
919 1512 997 1552 est
1015 1522 1024 1552 :
1065 1504 1151 1551 dat
1168 1519 1347 1550 census
1368 1502 1577 1548 honores
1595 1519 1606 1556 ;

291 1579 415 1627 Inde
441 1580 600 1641 gravis
620 1581 806 1643 judex;
848 1581 962 1628 inde
987 1596 1187 1628 severus
1213 1595 1384 1642 eques,

264 1803 318 1832 43.
344 1802 470 1831 Demissi
492 1803 645 1832 verrebant
663 1810 751 1834 eruta
775 1804 877 1843 remi]

225 1850 348 1880 Demissi
372 1849 418 1880 illi
436 1851 510 1880 remi
532 1856 661 1891 possunt
686 1850 820 1892 intelligi
841 1862 879 1882 ex

222 1899 292 1929 navi
308 1899 339 1929 in
361 1909 456 1930 mare.
479 1898 535 1929 sed
556 1904 663 1930 tamen
683 1900 760 1930 forte
784 1899 880 1942 scrip-

219 1953 310 1978 serit:

263 1997 333 2026 Non
355 1996 446 2037 freta
468 1997 583 2026 demissi
612 1998 766 2027 terrebant
793 2003 881 2027 eruta

306 2048 396 2076 rami.

225 2096 265 2125 Ut
281 2094 321 2125 ad
343 2094 474 2136 primam
491 2100 523 2125 et
538 2094 642 2125 adhuc
662 2094 770 2125 rudem
794 2094 880 2124 navi-

221 2144 315 2184 gandi
341 2143 489 2184 originem
516 2143 656 2178 adludat,
680 2153 751 2173 cum
781 2153 881 2173 ramos

220 2193 373 2224 deformes
400 2197 430 2222 et
460 2192 659 2222 infabricatos
686 2192 880 2222 adhiberent.

225 2243 349 2272 Demissi
364 2251 434 2272 vero
449 2241 526 2271 rami
548 2246 676 2282 possunt
691 2242 759 2282 capi
775 2241 878 2283 dejec-

221 2292 254 2327 ti,
270 2289 423 2332 amputati
438 2300 475 2320 ex
491 2289 662 2320 arboribus.
708 2291 826 2321 Burni.

263 2342 316 2372 52.
342 2340 433 2369 Liber·
454 2345 482 2369 et
496 2339 642 2379 Alcides]
670 2340 741 2370 Non
764 2339 879 2371 damno

220 2393 300 2421 hanc
315 2389 480 2419 lectionem
496 2401 503 2427 ;
527 2400 598 2419 cum
622 2395 726 2420 tamen
743 2390 878 2431 optimus

224 2438 393 2474 Palatinus,
420 2438 536 2467 Viribus
562 2445 589 2467 et
614 2438 742 2468 Alcides.
789 2439 877 2469 Forte

219 2487 428 2521 scribendum,
460 2487 587 2522 Virbius,
625 2488 751 2517 Alcides.
798 2487 877 2517 Bac—

220 2537 296 2566 chus
308 2535 389 2566 enim
399 2535 478 2566 inter
489 2535 710 2565 vetustissimos
720 2537 814 2571 Deos,
828 2536 877 2566 cui

220 2584 295 2614 1111111
309 2593 379 2614 curn
396 2583 443 2613 his
457 2583 679 2615 recentioribus
695 2597 698 2612 :
727 2584 756 2614 bi
774 2591 876 2615 autern

223 2633 384 2668 Romulus,
411 2632 572 2668 Hercules,
589 2632 692 2664 Caesar
717 2640 788 2664 sunt
813 2644 876 2663 oui-

1495 1580 1608 1624 -56

949 1813 1004 1833 nes
1031 1812 1050 1833 a
1074 1801 1192 1832 Latinis
1215 1800 1306 1832 culti.
1353 1800 1446 1830 Certe
1472 1799 1503 1830 in
1529 1799 1609 1830 anti-

948 1851 1019 1893 quis
1041 1849 1302 1892 inscriptionibus,
1331 1848 1470 1879 If'irbialis
1494 1847 1610 1878 Flumi-

948 1902 994 1930 nis
1009 1899 1142 1930 occurrit
1156 1899 1282 1930 mentio.
1316 1898 1491 1928 Hem-sius.
1536 1897 1609 1928 Non

948 1948 1115 1990 persuadet
1140 1948 1197 1978 hoc
1226 1948 1294 1977 loco
1323 1946 1482 1977 Heinsius.
1527 1947 1607 1977 Bac-

948 1997 1041 2028 chum
1057 1997 1139 2028 enim
1161 1996 1211 2027 hic
1235 1995 1384 2038 praeteriri
1408 1996 1496 2026 nefas
1519 2002 1610 2033 esset,

950 2045 1002 2087 qui
1029 2045 1091 2076 fere
1115 2055 1236 2087 semper
1262 2055 1333 2074 cum
1349 2043 1499 2080 Hercule,
1517 2044 1610 2075 Dios-

948 2095 1041 2131 curis,
1069 2100 1100 2125 et
1128 2094 1197 2124 aliis
1220 2092 1385 2129 Heroibus,
1415 2092 1469 2133 qui
1495 2093 1608 2124 virtute

948 2144 1064 2174 coelum
1087 2148 1276 2178 meruerunt,
1292 2152 1310 2172 a
1329 2141 1433 2172 Po'e'tis
1456 2152 1607 2173 memora-

948 2199 1007 2229 tur,
1038 2192 1151 2233 quibus
1184 2191 1354 2221 Romulum
1391 2196 1423 2221 et
1453 2190 1607 2222 Caesarem

947 2240 1124 2272 adulatores
1148 2239 1283 2270 Romani
1313 2238 1427 2270 addere
1456 2239 1609 2271 solebant.

947 2291 992 2321 Ex
1009 2290 1140 2321 formula
1154 2300 1226 2330 ergo
1241 2289 1330 2330 quasi
1342 2289 1456 2319 Noster
1466 2289 1607 2321 sollemni

946 2346 976 2370 et
990 2338 1135 2370 omnibus
1149 2339 1264 2369 usitata
1284 2338 1339 2368 hos
1362 2337 1515 2369 semideos
1530 2349 1603 2369 con-

941 2389 1056 2430 jungit,
1086 2398 1163 2429 quos
1193 2393 1312 2418 veteres
1339 2386 1448 2417 eodem
1480 2398 1607 2419 numero

947 2436 1091 2467 habuisse
1106 2436 1250 2466 vidimus.
1294 2435 1511 2477 AEsculapium
1535 2437 1602 2477 qui-

945 2485 1016 2515 dem
1033 2485 1080 2515 bis
1093 2495 1111 2515 a
1124 2484 1282 2515 nonnullis
1292 2485 1448 2514 accenseri
1461 2485 1605 2521 fatemur,

945 2534 1000 2564 sed
1015 2535 1054 2564 ab
1079 2533 1222 2563 omnibus
1246 2532 1419 2568 Bacchum,
1436 2539 1469 2563 ut
1492 2533 1605 2575 prinei-

945 2594 1014 2623 pem
1053 2581 1139 2623 quasi
1179 2581 1249 2612 huie
1285 2582 1422 2612 Deorum
1460 2592 1605 2614 novorum

945 2632 1041 2663 turbae
1058 2632 1148 2663 inseri
1165 2631 1315 2663 videmus.
1361 2631 1477 2662 Brun.
