1849 3198
596 246 939 290 HEROIDES.
973 246 1064 287 ΕΡ.
1097 245 1207 287 VII.
1535 248 1592 290 89

214 362 306 410 Est
329 363 447 410 mihi
472 378 744 410 marmorea
768 368 988 409 sacratus
1014 361 1063 407 in
1089 360 1195 407 aede
1223 359 1474 409 Sichaeus:

279 439 535 504 Adpositae
560 439 757 487 frondes
782 439 1061 501 velleraque
1086 438 1199 484 alba
1220 444 1414 500 tegunt.

1501 442 1592 486 100

214 516 344 564 Hinc
371 533 462 579 ego
486 533 565 563 me
591 517 721 564 sensi
747 523 863 563 noto
889 522 1065 579 quater
1089 531 1172 562 ore
1196 514 1363 562 citari:

281 593 397 656 Ipse
423 609 542 640 sono
567 594 702 641 tenui
728 594 868 649 dixit,
898 592 1061 639 Elissa
1085 591 1209 638 veni.

215 668 366 716 Nulla
390 686 527 716 mora
550 678 652 727 est;
692 670 864 727 venio3
903 669 1045 716 venio
1070 667 1160 715 tibi
1185 666 1355 714 debita
1378 668 1589 731 conjux:

282 746 383 793 Sed
407 754 573 794 tamen
597 747 799 794 admissi
825 747 965 794 tarda
988 746 1178 809 pudore
1201 743 1315 791 mei.

214 822 294 869 Da
316 824 508 870 veniam
533 825 721 888 culpae3
761 825 960 888 decepit
983 824 1189 871 idoneus
1215 828 1412 879 auctor3

1502 825 1593 869 105

280 899 521 948 Invidiam
546 917 689 948 noxae
715 902 930 949 detrahit
953 900 1035 948 ille
1059 916 1199 947 rneae.

214 975 342 1023 Diva
365 994 559 1041 parens,
587 979 847 1041 seniorque
873 984 1028 1041 pater,
1055 976 1137 1040 pia
1160 974 1352 1022 sarcina
1376 974 1493 1029 nati,

281 1053 434 1116 Spem
458 1055 578 1101 mihi
603 1054 819 1102 mansuri
844 1055 934 1101 rite
959 1053 1139 1100 dedere
1163 1051 1267 1098 viri.

216 1129 269 1176 Si
294 1129 384 1177 fuit
408 1132 684 1187 errandum,
713 1147 914 1178 caussas
940 1131 1090 1177 habet
1113 1144 1243 1176 error
1267 1128 1522 1174 honestas:

279 1205 424 1254 Adde
448 1208 624 1266 fidem3
665 1209 799 1255 nulla
821 1215 961 1271 parte
985 1206 1228 1270 pigendus
1254 1204 1361 1252 erit.

1504 1206 1595 1249 110

216 1283 376 1331 Durat
399 1284 448 1330 in
473 1292 765 1339 extremum,
791 1285 1003 1347 vitaeque
1028 1282 1292 1329 novissima
1315 1287 1494 1327 nostrae

282 1360 606 1424 Persequitur
629 1361 730 1417 fati,
759 1361 844 1424 qui
868 1361 960 1407 fuit
983 1366 1112 1414 ante,
1139 1366 1294 1405 tenor.

218 1437 418 1485 Occidit
441 1438 656 1486 internas
683 1439 865 1501 conjux
890 1442 1133 1484 mactatus
1159 1434 1222 1481 ad
1246 1449 1382 1480 aras:

283 1514 349 1562 Et
373 1515 571 1563 sceleris
597 1516 719 1562 tanti
744 1515 947 1578 praemia
970 1514 1117 1560 frater
1141 1512 1307 1559 habet.

261 1709 332 1739 100.
362 1709 532 1749 Velleraque
559 1708 656 1748 alba]
682 1709 800 1738 Lanam
825 1706 872 1737 ni-

215 1768 304 1788 veam
320 1763 402 1789 recte
414 1769 451 1788 ex
462 1757 595 1799 Virgilio
611 1757 792 1799 interpretes
806 1767 873 1787 esse

215 1807 342 1837 docent.
387 1806 593 1837 Baudelotius
603 1817 676 1837 vero
687 1806 726 1836 de
739 1805 873 1836 utilitate

218 1855 503 1897 Peregrinationum
517 1861 593 1886 tom.
611 1855 634 1885 i.
657 1865 729 1896 pag.
741 1855 817 1885 275.
833 1854 873 1884 de

215 1906 293 1944 pelle
315 1907 397 1935 cunis
419 1904 573 1946 explicat;
606 1904 684 1934 nihil
700 1903 763 1934 vidi
786 1902 874 1945 inep-

218 1954 291 1985 tius.
337 1954 456 1984 BunM.

265 2004 336 2034 103.
364 2003 460 2033 Nulla
476 2013 555 2032 mora
576 2001 648 2041 est.]
674 2000 822 2031 sollemni
837 2011 875 2031 ex

218 2052 362 2083 formula.
379 2052 486 2093 Nepos
502 2051 623 2081 Conon.
639 2049 684 2080 iii.
727 2050 810 2079 Huic
826 2051 877 2080 ille

218 2103 328 2142 inquit,
351 2102 439 2132 nulla
461 2112 541 2131 mora
566 2106 619 2131 est.
644 2109 726 2140 saepe
742 2098 875 2130 Comici.

222 2153 340 2182 Burni.

264 2202 336 2231 112.
372 2198 596 2240 Prosequitur]
632 2198 715 2238 Lege
738 2207 808 2227 cum
832 2196 876 2227 iv.

219 2251 313 2281 MSS.
335 2251 531 2290 persequitur,
546 2247 579 2278 id
603 2252 650 2278 est
674 2257 744 2277 cum
767 2245 877 2276 infesto

220 2300 335 2331 animo.
380 2298 504 2329 Phaedr.
521 2298 577 2328 lib.
594 2296 638 2327 iii.
657 2297 733 2326 Fal).
748 2296 802 2326 20.

265 2349 324 2383 Qui
341 2354 429 2378 natus
440 2354 478 2378 est
490 2346 607 2388 infelix,
620 2357 679 2375 non
694 2347 784 2375 vitam
799 2346 878 2374 morlo

266 2397 389 2428 Tristem
410 2397 555 2432 decurrit,
571 2406 672 2425 ¹verum,
691 2400 755 2434 post
769 2395 878 2424 obitum

306 2458 415 2487 quoqne

266 2496 459 2537 Persequitur
475 2496 560 2525 illum
575 2493 726 2535 durafati
742 2494 869 2523 miseria.

717 2542 835 2572 Burni.

270 2594 341 2624 113.
368 2593 485 2623 Occidit
503 2594 534 2622 in
551 2591 675 2631 terram]
701 2590 751 2621 Sic
768 2591 798 2620 in
814 2601 878 2620 om-

223 2642 332 2673 nibus:
371 2652 428 2682 ego
451 2641 526 2682 quid
546 2639 603 2671 sibi
630 2639 705 2670 illud
732 2642 762 2670 in
787 2646 881 2669 terras

226 2691 300 2722 velit
326 2690 441 2721 nescio.
467 2691 593 2721 sortasse
617 2691 749 2719 internas
772 2689 878 2729 legen-

225 2740 311 2770 dum.
346 2739 429 2770 Ante
445 2739 518 2770 deos
533 2738 614 2770 enim
630 2744 758 2780 penates
771 2744 799 2768 et
814 2748 881 2768 aras

225 2788 409 2820 domesticas
421 2788 539 2820 occisus
550 2794 580 2819 et
590 2787 740 2818 Sichaeus.
766 2792 799 2818 ut
812 2786 881 2816 Vir-

940 1706 1033 1748 gilius
1056 1705 1162 1742 etiam,
1182 1711 1210 1736 et
1233 1715 1344 1744 sparsos
1356 1703 1504 1745 fraterna
1523 1705 1598 1733 ccede

936 1763 1067 1796 penates.
1091 1759 1251 1787 NAUGER.
1278 1753 1329 1784 Ita
1344 1752 1470 1794 quidem
1485 1752 1517 1782 in
1532 1752 1599 1794 ple-

940 1806 1042 1846 risque
1051 1804 1174 1845 legitur,
1182 1803 1270 1833 nulla
1278 1802 1353 1833 satis
1360 1801 1521 1832 commoda
1530 1812 1599 1831 sen-

941 1854 1049 1890 tentia,
1060 1853 1135 1895 quid
1144 1852 1226 1884 enim
1236 1851 1276 1882 ad
1285 1851 1470 1895 sententiam
1481 1849 1600 1881 faciunt

941 1903 989 1933 hae
1006 1913 1098 1933 voces
1119 1904 1152 1932 rin
1177 1901 1290 1931 terras?
1315 1899 1448 1929 Proinde
1471 1898 1599 1939 quidam

942 1952 1107 1983 emendare
1117 1951 1256 1982 volentes
1270 1949 1353 1979 hunc
1368 1949 1481 1984 locum,
1497 1958 1552 1989 pro
1567 1950 1600 1979 in

943 2008 1048 2037 terras,
1066 2003 1198 2031 internas
1218 1998 1420 2029 substituere:
1446 2003 1480 2027 ut
1499 1997 1538 2027 sit
1561 1999 1601 2027 ad

943 2053 1076 2081 internas
1088 2061 1156 2080 aras
1170 2049 1299 2083 dictum,
1310 2058 1364 2089 pro
1376 2046 1416 2077 ad
1430 2046 1600 2082 interiores,

943 2099 1007 2131 sive
1029 2099 1178 2134 occultas,
1200 2103 1235 2128 ut
1257 2097 1376 2138 opinor.
1423 2095 1557 2132 Quando
1570 2101 1602 2126 et

945 2149 1095 2191 Virgilius
1119 2148 1209 2183 dixit,
1235 2147 1320 2177 Clam
1333 2146 1424 2187 ferro
1448 2147 1602 2175 incautum

943 2204 1073 2238 superat.
1090 2199 1148 2228 ἃς.
1193 2196 1254 2227 Sed
1272 2195 1347 2237 quid
1370 2195 1395 2224 si
1417 2193 1503 2234 legas
1519 2194 1600 2224 Her-

945 2249 1053 2283 culeus,
1077 2258 1132 2290 pro
1152 2249 1185 2277 z'n
1211 2253 1316 2276 terras.
1339 2250 1374 2275 ut
1396 2243 1435 2274 ad
1457 2243 1603 2274 Herculis

946 2307 1012 2328 aras
1027 2296 1162 2327 occisum
1186 2294 1392 2333 accipiamus:
1417 2292 1540 2333 quando
1556 2292 1603 2322 Si-

945 2346 1050 2376 chaeus
1064 2344 1208 2376 Herculis
1229 2343 1379 2374 Sacerdos
1393 2341 1486 2372 fuisse
1508 2342 1602 2372 etiam

946 2395 1029 2436 apud
1064 2393 1222 2425 Justinum
1259 2391 1402 2422 traditur.
1453 2389 1604 2420 Studiosis

945 2454 1017 2484 ergo
1043 2443 1125 2474 hunc
1153 2443 1257 2472 locum
1287 2439 1419 2481 amplius
1444 2438 1603 2470 excutien-

945 2491 1019 2522 dum
1048 2491 1263 2532 relinquimus.
1291 2490 1480 2519 vaLLvs.
1526 2487 1603 2518 Eru-

946 2541 1164 2571 ditissimorum
1191 2539 1320 2569 virorum
1349 2548 1459 2578 sequor
1487 2536 1603 2578 opinio-

946 2600 1029 2625 nem,
1052 2589 1104 2630 qui
1134 2600 1195 2619 non
1218 2597 1331 2628 magna
1359 2585 1528 2616 mutatione
1558 2585 1603 2615 le-

947 2644 1035 2680 gunt,
1053 2639 1171 2668 Occidit
1195 2639 1339 2667 internas.
1385 2634 1524 2665 laternas
1549 2644 1603 2664 au-

947 2693 1009 2717 tem
1035 2698 1114 2722 arus,
1140 2686 1171 2716 id
1194 2692 1240 2717 est
1265 2691 1336 2715 ante
1358 2684 1444 2714 Deos
1464 2690 1604 2725 penates,

947 2736 1197 2776 interpretantur.
1222 2733 1333 2775 virgil.
1348 2732 1404 2762 lib.
1416 2732 1458 2762 iv.
1474 2731 1602 2762 AEneid.

950 2785 1086 2826 Vulgata
1111 2791 1213 2816 autem
1237 2783 1328 2814 lectio
1352 2782 1395 2812 ita
1416 2781 1524 2811 vitiosa
1547 2785 1604 2814 est,
