1849 3198
199 181 284 223 256

593 178 643 220 P.
677 178 891 220 OVIDII
924 178 1204 221 NASONIS

204 306 251 354 N
257 322 352 354 unc
371 306 622 353 volucrem
646 305 840 369 laqueo,
859 322 989 353 nunc
1010 306 1200 370 piscem
1219 306 1399 354 ducitis
1424 307 1587 355 hamo.

271 384 489 430 Diluitur
512 383 674 447 posito
699 384 851 430 serior
875 384 995 430 hora
1019 400 1171 431 mero.

204 461 297 509 His
322 461 441 508 mihi
467 462 726 517 submotae,
752 462 829 508 vel
855 462 895 508 si
920 461 1082 508 minus
1109 461 1287 508 acriter
1310 477 1437 517 urar,
1532 465 1589 509 15

270 538 417 593 Quod
442 538 635 594 faciam,
664 545 906 601 superest,
934 544 1116 602 praeter
1141 554 1321 594 amare,
1349 538 1486 585 nihil.

203 615 350 671 Quod
375 622 618 680 superest,
645 615 800 662 facio:
840 622 1007 677 teque,
1029 615 1058 660 ὃ
1077 631 1190 662 mea
1214 616 1319 663 sola
1341 616 1586 679 voluptas,

266 694 388 741 Plus
408 709 623 757 quoque,
643 709 795 756 quam
815 693 954 739 reddi
971 693 1104 755 quod
1130 693 1249 739 mihi
1265 693 1439 757 possit,
1458 709 1584 740 amo.

200 771 303 818 Aut
327 787 420 834 ego
445 788 559 818 cum
585 772 699 818 cara
727 771 789 818 de
813 778 863 817 te
887 770 1078 817 nutrice
1104 786 1303 817 susurro
1325 790 1335 828 ;

267 847 494 912 Quaeque
518 855 674 904 tuum,
702 848 864 904 miror,
892 863 1069 894 caussa
1093 855 1310 894 moretur
1334 848 1449 896 iter:

1522 851 1587 894 20

198 924 302 973 Aut
325 942 460 973 mare
485 925 808 990 prospiciens,
836 924 1007 971 odioso
1033 925 1230 972 concita
1252 932 1400 973 vento

268 1002 494 1066 Corripio
518 1002 681 1049 verbis
703 1017 904 1064 aequora
926 1017 1056 1065 pene
1081 1002 1178 1048 tuis
1197 1020 1207 1050 z

198 1079 303 1127 Aut
327 1080 411 1127 ubi
436 1080 634 1127 saevitiae
659 1080 880 1144 paullum
906 1079 1066 1141 gravis
1091 1079 1226 1126 unda
1250 1079 1466 1127 remisit:

266 1157 423 1205 Posse
449 1158 668 1221 quidem,
696 1158 784 1205 sed
808 1165 857 1205 te
884 1157 1014 1204 nolle
1036 1156 1220 1213 venire,
1248 1173 1454 1220 queror:
1522 1160 1585 1203 24

199 1234 435 1298 Dumque
461 1251 654 1299 queror,
676 1235 891 1283 lacrimae
916 1251 1006 1299 per
1031 1235 1248 1282 amantia
1270 1235 1458 1282 lumina
1482 1250 1586 1282 ma-

264 1311 453 1360 Pollice
474 1329 598 1376 quas
624 1314 832 1361 tremulo
858 1314 1058 1360 conscia
1082 1313 1237 1361 siccat
1256 1329 1396 1360 anus.
1427 1314 1586 1375 [nant,

201 1389 348 1454 Saepe
372 1390 461 1447 tui,
490 1397 679 1455 specto,
709 1391 749 1438 si
776 1391 875 1438 sint
899 1391 947 1438 in
973 1392 1115 1438 litore
1140 1407 1345 1455 passus:

265 1467 532 1532 Impositas
557 1476 815 1532 tamquam
840 1476 1003 1518 servet
1028 1485 1179 1519 arena
1203 1476 1361 1517 notas.

237 1648 426 1690 Jamsulgor
440 1648 729 1691 armorumfirguces

284 1698 386 1728 Terret
402 1709 495 1738 equos,
511 1700 699 1739 equitumque
712 1700 824 1729 vultus.

195 1746 277 1778 Vide
290 1758 359 1788 quae
372 1747 466 1778 etiam
477 1747 582 1778 notavi
597 1747 629 1778 in
642 1749 807 1779 Observat.
824 1748 856 1778 in

193 1796 405 1838 Metamorph.
431 1797 614 1828 Cromxus.
644 1798 856 1838 Sequacisequi

194 1845 374 1876 Puteancus
389 1852 420 1877 et
443 1845 496 1876 alii
521 1857 582 1877 non
604 1846 711 1888 pauci.
736 1846 855 1878 dictum

194 1894 233 1925 ad
249 1894 348 1936 Epist.
363 1895 406 1926 iv.
421 1906 503 1926 vers.
520 1897 575 1926 46.
599 1896 717 1927 mes.

240 1945 289 1975 14.
307 1945 550 1985 Diluiturposito
561 1948 651 1976 serior
662 1947 733 1977 hora
745 1947 853 1987 mersu]

194 1994 262 2024 Hoc
273 2005 397 2025 carmen
410 2006 489 2031 eam,
502 2006 596 2037 quam
612 1995 704 2026 modo
714 1997 853 2037 exposui,

192 2042 369 2084 opinionem
398 2044 574 2075 confirmat:
603 2055 674 2075 cum
698 2045 756 2075 hoc
779 2056 854 2086 quo-

193 2103 254 2133 que
270 2103 287 2123 e
302 2093 514 2124 Romanorum
529 2105 613 2125 more
629 2094 791 2136 perspicue
807 2094 853 2125 di-

193 2147 292 2176 catur,
316 2141 369 2182 qui
385 2148 497 2173 octava
523 2143 622 2173 noctis
646 2143 722 2173 hora
743 2143 854 2184 (idque

192 2189 361 2226 Blartialis,
386 2202 455 2231 quae
482 2202 575 2232 supra
596 2191 695 2233 posui,
715 2192 855 2223 carmina

193 2247 297 2281 aperte
334 2239 510 2279 declarant)
547 2241 726 2271 coenabant.
771 2241 854 2272 Hinc

193 2288 286 2329 igitur
301 2299 319 2319 a
334 2289 433 2319 Poeta
449 2294 550 2320 nostro
560 2290 630 2320 liora
646 2292 737 2320 serior
747 2291 854 2332 appel-

192 2338 286 2368 latur.
313 2337 407 2368 Cror.

239 2388 289 2417 15.
329 2387 386 2417 His
409 2387 480 2416 mihi
507 2388 675 2428 submotis]
712 2388 855 2419 submoue

193 2437 325 2467 Putean.
340 2442 372 2466 et
386 2435 465 2476 Arg.
486 2441 582 2473 recte,
601 2436 665 2467 nihi
689 2437 791 2474 malis,
808 2450 851 2468 se-

192 2493 284 2517 motae.
308 2486 426 2517 mes.

238 2537 289 2565 17.
316 2536 385 2565 Μεα
401 2536 459 2566 solu
476 2535 641 2575 voluptas]
667 2535 773 2566 Prima
788 2535 853 2566 edi-

191 2585 234 2616 tio
250 2590 281 2615 et
303 2590 365 2614 tres
387 2583 505 2626 scripti,
520 2586 561 2614 mi
579 2586 653 2615 solu.
676 2584 854 2626 ἀρχαϊκῶς.

190 2645 245 2677 pro
260 2646 335 2664 mea.
360 2639 414 2664 aut
437 2644 490 2675 pro
508 2635 590 2669 mihi,
607 2640 640 2664 ut
661 2633 700 2664 sit
716 2634 850 2665 Graecis-

192 2695 272 2714 mus.
318 2682 368 2713 Sic
398 2682 481 2723 apud
506 2682 662 2723 Tragicos,
687 2683 711 2713 ὦ
738 2681 853 2714 τέκνον

190 2746 256 2774 μοι,
271 2733 294 2763 ὦ
306 2731 405 2773 γύναι
416 2743 481 2773 μοι,
493 2737 523 2761 et
536 2731 660 2763 similia.
677 2732 851 2762 mesu‘s.

923 1649 1009 1680 Illud
1033 1652 1075 1680 mi
1099 1652 1158 1680 sola
1182 1660 1245 1681 non
1266 1650 1382 1692 placet,
1405 1654 1437 1680 et
1451 1649 1587 1691 Apulejo

924 1699 1088 1730 convenire
1112 1699 1212 1740 magis
1236 1699 1395 1730 rancidam
1417 1698 1587 1740 antiquita-

923 1753 986 1778 tem
1009 1748 1112 1785 credo,
1137 1759 1231 1790 quam
1253 1748 1379 1784 Ovidio‚
1407 1758 1509 1789 neque
1531 1747 1585 1777 Ti-

922 1797 1009 1827 bullo
1022 1797 1165 1828 decoram
1176 1797 1310 1828 credidit
1318 1796 1530 1827 Broukhusius
1546 1796 1586 1827 ad

922 1845 1052 1877 laudata
1081 1846 1148 1888 ejus
1177 1847 1284 1877 Po'etae
1314 1846 1419 1877 verba.
1456 1846 1527 1876 vide
1556 1851 1588 1876 et

922 1894 1060 1926 Pineier.
1099 1896 1227 1936 Parerg.
1271 1895 1329 1927 lib.
1370 1895 1405 1926 ii.
1443 1905 1515 1937 cap.
1552 1896 1586 1926 2.

923 1945 1042 1975 Bunm.
1462 1957 1468 1964 ·

968 1995 1020 2024 18.
1039 1994 1115 2024 Plus
1129 2004 1240 2034 quoque
1255 2005 1340 2033 quam
1354 1994 1466 2035 credi]
1488 1994 1587 2029 Quum

921 2045 1009 2074 reddi
1032 2044 1212 2074 Puteaneus
1237 2049 1268 2074 et
1296 2044 1496 2075 Basileensis.
1522 2045 1586 2075 Ve-

922 2099 1023 2124 nuste.
1069 2094 1184 2123 Enim.

965 2144 1016 2174 ²26.
1044 2144 1167 2173 Conscia
1182 2144 1275 2173 siccat
1298 2143 1406 2182 anus]
1433 2143 1585 2174 Hafnien-

922 2190 964 2221 sis
1001 2197 1033 2222 et
1071 2190 1283 2227 Lovaniensis,
1325 2192 1468 2229 C1·etic11;
1513 2203 1585 2223 cum

923 2240 1047 2276 Glossa,
1064 2242 1094 2271 id
1109 2247 1151 2271 est
1162 2242 1198 2271 de
1212 2240 1314 2271 Creta.
1340 2240 1401 2270 Sed
1416 2241 1584 2281 legendum

921 2295 1007 2331 puto,
1027 2290 1144 2321 Trecia.
1171 2290 1214 2320 sic
1237 2290 1294 2320 lib.
1320 2290 1354 2320 ii.
1377 2290 1448 2320 Art.
1474 2290 1583 2322 Amat.

922 2350 976 2380 pro
993 2340 1077 2369 Mars
1094 2339 1205 2370 Trecen
1225 2346 1360 2379 occupat,
1377 2339 1458 2370 male
1477 2339 1586 2370 Creten

922 2388 1115 2419 scribebatur
1131 2394 1214 2419 ante.
1238 2388 1321 2430 apud
1338 2388 1503 2419 Horatium
1526 2389 1583 2420 lib.

920 2437 965 2468 iii.
981 2438 1045 2468 Od.
1062 2439 1106 2469 ix.
1124 2449 1193 2479 quae
1210 2437 1241 2469 in
1257 2438 1394 2480 vulgatis
1409 2438 1582 2475 codiciBus,

924 2488 1014 2518 Chlo'e‘
1031 2488 1133 2519 Cressa
1155 2493 1214 2523 est,
1231 2488 1310 2518 hanc
1335 2494 1457 2519 vetusta
1479 2499 1584 2519 exem-

920 2536 1020 2579 plaria
1046 2537 1196 2568 Thressam
1213 2537 1344 2568 faciunt.
1370 2538 1454 2579 apud
1476 2538 1583 2569 Maro-

921 2596 1004 2622 nem,
1026 2597 1080 2628 pro
1098 2588 1199 2617 Cressa
1217 2598 1312 2627 genus
1329 2587 1445 2622 Phoebe,
1464 2587 1583 2618 Scholi-

921 2642 1003 2666 astes
1017 2636 1137 2666 Horatii
1161 2636 1307 2678 antiquus
1322 2636 1461 2677 agnoscit
1479 2636 1582 2668 Thres-

919 2696 992 2715 sam.
1018 2685 1190 2716 Has-sus.
