1849 3198
612 191 958 234 HEROIDES.
992 192 1084 234 ΕΡ.
1117 191 1309 234 XVIII.

1569 195 1655 236 245

259 306 352 363 Tu,
382 306 506 363 Dea,
533 308 792 356 mortalem
817 309 942 356 coelo
967 308 1174 372 delapsa
1197 309 1424 373 petebas.
1585 312 1648 357 65

326 383 458 431 Vera
481 385 618 448 loqui
643 385 818 442 liceat3
860 401 1010 448 quam
1036 402 1234 448 sequor,
1262 386 1372 450 ipsa
1398 386 1508 434 Dea
1531 393 1622 434 est.

261 460 375 508 Neu
400 461 609 509 referam
634 478 797 509 mores
823 462 1013 509 coelesti
1039 470 1242 526 pectore
1266 464 1444 526 dignos
1466 483 1478 522 ;

329 538 508 586 Forma
532 540 625 587 nisi
644 540 693 586 in
717 556 856 587 veras
882 557 980 588 non
1006 540 1140 587 cadit
1163 540 1248 587 illa
1273 540 1425 587 Deas.

259 614 304 661 A
329 614 537 663 Veneris
562 616 687 664 facie
709 633 807 664 non
832 623 909 664 est
927 617 1060 681 prior
1083 617 1199 672 ulla,
1227 618 1435 680 tuaique.

329 691 470 740 Neve
494 693 619 740 meis
645 694 818 741 credas
843 695 1067 750 vocibus,
1094 694 1204 758 ipsa
1225 694 1381 741 vides.
1588 698 1651 741 70

260 768 476 826 Quanto,
503 786 617 816 cum
641 770 801 833 fulges
827 771 975 818 radiis
1003 778 1240 833 argentea
1264 771 1418 835 puris,

329 846 628 894 Concedunt
647 848 860 895 flammis
886 848 1050 895 sidera
1073 855 1256 895 cuncta
1279 849 1376 895 tuis
1396 867 1405 903 ;

258 922 419 970 Tanto
443 923 668 971 formosis
693 925 950 973 formosior
974 925 1204 972 omnibus
1230 925 1314 972 illa
1340 932 1445 982 est3

331 1000 384 1046 Si
408 1001 624 1058 dubitas,
651 1018 857 1059 caecum,
882 1003 1119 1067 Cynthia,
1148 1004 1317 1050 lumen
1342 1004 1514 1050 habes,

263 1076 386 1124 Haec
412 1094 520 1140 ego,
547 1080 624 1126 vel
649 1087 783 1126 certe
808 1096 906 1127 non
932 1081 1007 1126 his
1033 1081 1242 1136 diversa,
1270 1081 1466 1127 locutus
1588 1083 1649 1126 75

328 1154 427 1202 Per
450 1155 570 1203 mihi
595 1157 834 1204 cedentes
861 1164 1007 1204 nocte
1032 1156 1225 1204 ferebar
1252 1173 1425 1220 aquas.

305 1363 356 1393 66.
383 1363 481 1398 Quam
503 1375 604 1405 sequor
622 1368 684 1405 ipsu
703 1366 767 1397 Dea
783 1367 852 1408 θεὴ]
880 1367 923 1398 Il-

263 1412 327 1443 lam
352 1413 396 1443 sic
422 1413 564 1444 Musaeus
590 1414 742 1456 depingit,
769 1419 821 1448 55.
844 1428 902 1458 sqq
915 1429 921 1446 :

306 1461 343 1494 ‘H
361 1461 392 1493 δὲ
409 1465 493 1501 Θεῆς
503 1462 569 1495 ἀνὰ
582 1465 665 1503 νηὸν
680 1464 826 1507 ἐπῴχετο
841 1479 924 1509 παρ-

347 1511 442 1550 Θὲνος
455 1511 555 1554 “Ηρὼ,

299 1563 536 1604 Μαρμαρυγήν
547 1562 924 1606 χαρίεντοςάπαστράπ-

349 1622 450 1642 τουσα
466 1612 659 1652 προσώπου.

306 1659 367 1691 Οἷά
381 1672 413 1691 τε
433 1660 656 1703 λευκοπάρῃος
679 1660 923 1693 ἐπαντέλλουσα

349 1709 486 1748 σελήνη.

299 1757 405 1801 Ἀκρα
417 1757 449 1789 δὲ
472 1757 611 1800 χιονέων
626 1759 806 1802 φοινίσσετο
822 1760 924 1792 κύκλα

348 1812 505 1850 παρειῶν,

305 1857 363 1895 Ὠς
377 1857 474 1899 ῥόδον
488 1858 520 1888 ἐκ
533 1857 684 1890 καλὺκων
699 1857 924 1901 διδυμὸχροον·

350 1906 371 1946 ἧ
386 1906 474 1949 τάχα
488 1906 585 1948 φαίης

306 1956 427 1999 Ἡροῦς
439 1957 476 1988 ἐν
491 1955 633 1997 μελέεσσι
656 1955 761 1997 ῥόδων
783 1957 926 1998 λειμῶνα

348 2008 509 2047 φανῆναι.

308 2056 435 2098 Χροιὴν
443 2055 506 2097 γὰρ
513 2053 638 2096 μελέων
649 2054 846 2096 ἐρυθαίνετο·
857 2066 925 2087 νισ-

351 2103 490 2147 σομένης
503 2103 535 2135 δὲ

309 2155 376 2187 Καὶ
389 2153 469 2195 ῥόδα
484 2153 720 2194 λευκοχίτωνος
742 2152 807 2185 ὑπὸ
823 2155 927 2196 σφυρὰ

349 2202 498 2246 λάμπετο
514 2203 642 2245 κούρης·

310 2254 443 2287 Πολλαὶ
463 2252 488 2284 δ’
504 2253 537 2284 ἐκ
549 2251 672 2295 μελέων
686 2251 818 2294 χάριτες
842 2251 926 2293 ῥέον·

353 2302 382 2334 οὶ
396 2301 427 2333 δὲ
443 2302 581 2333 παλαιοὶ

310 2353 403 2394 Τρεῖς
416 2351 554 2393 χάριτας
565 2350 734 2392 ψεύσαντο
745 2349 927 2392 πεφυκέναι·

354 2400 398 2437 εἷς
412 2399 442 2431 δέ
458 2412 506 2437 τις
519 2398 635 2442 Ἡροῦς

311 2449 497 2491 Ὀφθαλμὸς
526 2449 650 2490 γελόων
677 2447 794 2479 ἑκατὸν
832 2445 925 2488 χαρί-

353 2510 440 2531 τεσσι
454 2498 592 2537 τεθήλει.
765 2497 845 2527 Aahx
852 2508 884 2526 11.

314 2549 365 2579 71.
392 2549 547 2582 Quantum
566 2559 633 2577 cnm
655 2546 863 2587 radiisjizlges
878 2556 928 2575 ar-

266 2604 375 2639 gentea
388 2598 501 2637 puris]
522 2595 927 2636 Praestantioressulgesra-

270 2649 340 2677 diis.
388 2647 542 2677 Praeterea
573 2645 692 2679 Quanto
719 2643 928 2679 scribendum,

272 2695 356 2737 quod
372 2697 416 2726 Τὸ
431 2695 526 2725 Tanto
537 2704 670 2735 sequens
682 2693 820 2734 requirit.
836 2698 928 2733 atque

272 2745 315 2775 ita
330 2744 484 2776 Junianus
499 2743 577 2775 liber
594 2754 664 2774 cum
680 2742 871 2774 Scriveriano
884 2741 927 2772 al-

992 1373 1066 1398 tero.
1112 1367 1168 1398 Est
1184 1372 1288 1398 autem
1313 1377 1352 1397 ea
1371 1377 1430 1397 vox
1453 1365 1566 1407 saepius
1589 1375 1654 1395 cor-

991 1422 1081 1458 rupta
1106 1417 1189 1458 apud
1214 1417 1375 1447 Nostrum.
1398 1422 1572 1457 argenteam
1599 1425 1654 1445 au-

991 1471 1055 1496 tem
1072 1467 1175 1496 [usnam
1197 1472 1228 1497 et
1248 1466 1374 1507 Sappho
1390 1465 1524 1496 vocavit.
1554 1464 1656 1496 Julia-

992 1526 1049 1546 nus
1065 1515 1204 1557 Epistola
1220 1516 1284 1546 xix.
1314 1514 1439 1556 Σαπφὼ
1455 1514 1475 1553 ἡ
1491 1515 1578 1553 καλὴ
1594 1514 1657 1552 τὴν

993 1563 1140 1602 σελὴνην
1167 1564 1329 1607 ἀργυρέαν
1359 1564 1447 1605 φησί.
1482 1564 1657 1594 ΗΕΙΝειυε.

993 1612 1104 1648 Recte,
1119 1621 1243 1654 quanto.
1293 1614 1414 1648 Quanto
1430 1619 1465 1643 tu
1478 1613 1588 1654 fulges
1602 1623 1654 1642 *ra-

992 1664 1050 1693 diis
1064 1662 1244 1694 Bernensis.
1260 1662 1325 1693 vid.
1343 1662 1383 1693 ad
1402 1662 1466 1693 viii.
1480 1663 1563 1692 Met.
1582 1662 1656 1691 749.

992 1711 1047 1742 sed
1062 1712 1136 1743 licet
1151 1712 1196 1745 ita
1206 1713 1269 1743 fere
1285 1723 1406 1754 semper
1421 1712 1588 1753 loquantur
1604 1707 1657 1742 ve'-

992 1767 1083 1797 teres,
1100 1762 1190 1792 aliter
1213 1769 1318 1793 tamen
1341 1761 1460 1797 Livius,
1479 1761 1532 1803 qui
1556 1760 1610 1791 lib.
1626 1772 1657 1790 v.

993 1820 1063 1852 cap.
1085 1811 1136 1841 10.
1164 1811 1320 1845 Quantum
1335 1809 1497 1852 praemittit
1515 1809 1658 1851 sequenti

993 1865 1090 1890 tanto.
1129 1860 1287 1894 Quantum
1302 1866 1401 1890 autem
1416 1860 1565 1900 augebam
1573 1870 1587 1887 ι·
1602 1860 1656 1888 mi-

994 1908 1083 1937 litum
1112 1919 1264 1944 numerus,
1287 1914 1371 1938 tanto
1396 1910 1506 1947 majore
1527 1909 1657 1947 pecunia

994 1959 1027 1987 in
1049 1960 1229 1997 stipendium
1251 1968 1322 1997 opus
1343 1963 1419 1987 erat.
1448 1956 1491 1987 sic
1516 1962 1547 1987 et
1573 1956 1657 1998 apud

994 2007 1113 2038 Lucan.
1127 2006 1160 2038 ii.
1174 2008 1248 2038 517.

1030 2056 1101 2087 Heu
1112 2063 1258 2097 quantum
1270 2057 1375 2087 'melius
1389 2057 1434 2087 vel
1449 2058 1525 2087 corde
1533 2062 1658 2096 peracta.

1038 2105 1229 2145 Imperat.—

994 2155 1091 2185 Multi
1103 2155 1237 2191 codices,
1250 2166 1304 2196 pro
1320 2161 1441 2195 quanto.
1458 2153 1541 2195 quod
1552 2159 1658 2184 tamen

995 2204 1109 2235 rectius
1134 2210 1219 2246 puto,
1234 2204 1297 2234 vid.
1318 2203 1357 2234 ad
1384 2203 1485 2245 Epist.
1513 2215 1566 2233 xv.
1587 2203 1658 2233 191.

995 2252 1039 2283 sic
1063 2259 1093 2283 et
1110 2255 1204 2283 multo
1227 2258 1259 2283 et
1279 2254 1409 2283 multum.
1434 2252 1466 2282 in
1487 2252 1578 2282 MSS.
1604 2263 1657 2283 va-

996 2300 1089 2332 riant.
1116 2301 1179 2332 vid.
1208 2308 1315 2332 notata
1337 2301 1377 2331 ad
1404 2300 1536 2337 Quinct.
1559 2300 1602 2331 ix.
1626 2302 1657 2331 2.

996 2350 1110 2390 quibus
1125 2350 1205 2381 adde
1227 2350 1321 2380 nostri
1345 2350 1447 2380 locum
1464 2361 1493 2380 v.
1508 2349 1599 2380 Trist.
1614 2349 1657 2380 xi.

997 2399 1026 2429 7.
1052 2399 1104 2430 ubi
1126 2399 1158 2429 in
1177 2399 1339 2430 codicibus
1355 2398 1556 2440 quibusdam,
1574 2400 1655 2430 mul-

996 2454 1057 2478 tum
1073 2450 1214 2490 grauiora
1231 2449 1342 2478 tulisti.
1389 2449 1506 2478 Bmm.

1039 2497 1093 2527 76.
1120 2497 1261 2528 Cedentes
1278 2497 1390 2537 nocte]
1415 2496 1499 2533 Quia
1514 2496 1656 2537 sequenti

997 2544 1129 2576 disticho
1153 2546 1264 2577 iterum
1286 2552 1370 2577 nocte
1392 2546 1543 2587 sequitur,
1564 2545 1657 2575 Fran-

996 2594 1063 2624 cius
1078 2594 1202 2634 legebat
1224 2597 1356 2626 cedentes
1378 2601 1488 2634 sponte,
1509 2601 1542 2625 ut
1560 2604 1656 2635 oppo-

998 2649 1108 2674 nantur
1122 2646 1250 2675 adversis
1265 2647 1348 2685 aquis
1362 2655 1438 2675 γεγε.
1455 2645 1506 2675 36.
1533 2650 1561 2674 ct
1580 2645 1655 2673 inri-

999 2694 1034 2722 tis
1054 2693 1122 2722 144.

1069 2795 1095 2824 R
1121 2797 1139 2822 :3
