1849 3198
205 191 289 232 244

594 191 643 232 Ρ.
680 191 891 233 OVIDII
926 192 1208 233 NASONIS

207 307 350 355 Vana
374 313 506 370 peto,
534 307 870 370 precibusque
896 308 1020 355 meis
1045 309 1386 355 obmurmurat
1409 308 1542 372 ipse:

274 384 513 446 Quasque
539 385 714 447 quatit,
742 385 878 431 nulla
905 393 1045 448 parte
1070 385 1265 432 co‘ercet
1289 401 1462 448 aquas.

209 462 254 508 N
262 478 356 508 unc
383 462 524 509 daret
548 463 763 509 audaces
789 464 977 509 utinam
1003 463 1122 509 mihi
1150 463 1387 509 Daedalus
1413 463 1538 510 alas!

275 538 489 585 Icarium
509 540 733 602 quamvis
760 539 839 586 hic
865 555 1020 602 prope
1045 540 1160 586 litus
1187 540 1344 587 adest.

1532 542 1599 586 50

210 616 469 679 Quidquid
486 624 605 673 erat,
628 618 787 680 patiar
805 634 814 664 t
844 617 992 664 liceat
1010 618 1158 664 modo
1180 633 1360 681 corpus
1382 617 1431 663 in
1451 633 1596 664 auras

274 693 491 750 Tollere3
531 694 666 756 quod
691 693 845 740 dubia
872 710 1007 757 saepe
1033 694 1274 758 pependit
1298 694 1441 757 aqua„

208 770 420 826 Interea,
449 772 568 817 dum
598 778 780 818 cuncta
804 778 989 834 negant
1011 772 1247 834 ventique
1273 771 1572 834 fretumque,

274 848 447 896 Mente
475 850 606 911 agito
631 849 745 896 furti
771 856 998 913 tempora
1023 849 1183 912 prima
1206 850 1320 896 mei.

208 924 325 971 Nox
338 933 443 972 erat
458 926 699 990 incipiens
712 927 952 990 (namque
964 934 1040 974 est
1051 926 1335 974 meminisse
1344 925 1596 989 voluptas)

276 1003 405 1050 Cum
431 1003 617 1051 foribus
643 1005 815 1069 patriis
842 1004 1134 1067 egrediebar
1158 1020 1346 1051 amans.
1532 1006 1595 1050 56

208 1079 255 1126 N
261 1096 316 1127 ec
343 1097 496 1136 mora,
524 1082 753 1146 deposito
778 1083 962 1146 pariter
987 1099 1101 1129 cum
1125 1088 1263 1130 veste
1287 1082 1480 1137 timore,

271 1157 301 1203 J
306 1160 537 1206 actabam
562 1159 753 1222 liquido
778 1160 983 1207 brachia
1005 1160 1141 1207 lenta
1165 1159 1304 1207 mari.

205 1234 347 1283 Luna
370 1236 470 1284 fere
495 1238 761 1285 tremulum
786 1238 1047 1302 praebebat
1065 1238 1232 1285 lumen
1258 1236 1411 1292 eunti,

274 1312 344 1360 Ut
368 1330 535 1361 comes
562 1315 610 1361 in
636 1322 829 1362 nostras
856 1315 1076 1362 officiosa
1098 1315 1219 1362 vias.
1531 1315 1596 1359 60

204 1388 350 1437 Hanc
377 1407 469 1453 ego
496 1392 789 1456 suspiciens,
815 1392 1021 1449 Faveas,
1050 1392 1161 1440 Dea
1185 1391 1413 1447 candida,
1434 1390 1569 1448 dixi;

271 1467 337 1515 Et
362 1470 575 1516 subeant
600 1471 762 1517 animo
791 1470 985 1518 Latmia
1009 1487 1131 1517 saxa
1155 1477 1256 1517 tuo.

206 1543 321 1591 Non
347 1545 476 1593 sinat
503 1546 787 1610 Endymion
813 1555 861 1595 te
887 1548 1101 1611 pectoris
1128 1563 1238 1594 esse
1263 1545 1436 1593 severi.

273 1621 457 1679 Flecte,
484 1639 676 1686 precor,
703 1625 866 1671 vultus
892 1625 954 1671 ad
978 1640 1090 1671 mea
1108 1623 1238 1671 furta
1261 1630 1391 1670 tuos.

202 1804 332 1845 Ulysses
355 1804 440 1835 venit
463 1804 544 1835 inter
567 1804 790 1846 navigandum,
808 1806 861 1847 qui

202 1852 302 1883 ventis
327 1853 513 1895 imperabat.
540 1853 578 1884 de
607 1865 668 1895 quo
694 1854 803 1884 eodem
831 1861 862 1885 et

201 1901 250 1932 hic
276 1901 401 1932 dicitur.
447 1902 591 1933 Alterum
613 1909 717 1933 autem
742 1909 862 1945 patrem

201 1951 370 1988 Salmonei,
384 1952 522 1988 Crethei,
537 1952 673 1994 Sisyphi,
685 1953 861 1984 Athaman-

198 1999 240 2030 tis
255 2006 287 2030 et
305 2005 488 2037 ceterorum,
504 2002 543 2032 de
559 2002 672 2043 quibus
694 2002 809 2044 passim
830 2003 862 2033 in

201 2049 316 2080 fabulis
331 2051 447 2081 mentio
462 2051 506 2082 fit.
552 2052 678 2082 Mrc-rr..

245 2100 299 2129 57.
328 2099 476 2140 Timore]
513 2101 634 2131 Pudore
660 2101 862 2132 Basileensis.

201 2148 462 2188 Scriverinosito
473 2162 538 2180 cum
556 2157 650 2180 mente
664 2151 787 2189 pudore.
801 2150 864 2181 vid.

204 2197 244 2228 ad
261 2196 362 2238 Epist.
380 2198 516 2238 praeced.
534 2200 609 2230 259.
652 2199 782 2229 Librarii
798 2210 864 2229 cor-

203 2252 354 2288 ruperunt
368 2246 451 2278 hunc
466 2248 581 2283 locum,
597 2248 672 2289 quia
687 2248 781 2289 vulgo
794 2249 863 2290 jac-

201 2296 327 2326 tabatur
360 2295 452 2326 illud
498 2297 740 2338 Pythagoricum
780 2297 865 2337 (vid.

203 2346 308 2376 Laert.
323 2345 387 2375 viii.
405 2345 478 2385 43.)
492 2356 563 2376 cum
576 2346 712 2377 vestibus
729 2358 795 2377 esse
812 2358 864 2377 ve-

203 2393 385 2424 recundiam
422 2395 609 2436 ponendam,
644 2406 777 2437 cumque
804 2396 865 2427 illis

204 2443 443 2481 resumendam,
468 2444 507 2474 ad
531 2455 600 2485 quae
625 2450 657 2475 et
681 2446 794 2475 Noster
818 2456 864 2475 re-

203 2493 305 2534 spexit
321 2492 377 2522 lib.
395 2493 440 2523 iii.
454 2493 560 2524 Amor.
577 2493 644 2524 xiii.
662 2496 712 2525 18.
731 2500 761 2525 et
774 2506 863 2536 seqq.

202 2541 268 2571 vid.
286 2548 317 2571 et
332 2541 454 2573 Schott.
472 2542 511 2572 ad
527 2543 638 2573 Aurel.
656 2543 776 2574 Yictor.
795 2543 863 2574 Cae-

203 2601 264 2621 sar.
282 2600 351 2632 cap.
369 2591 433 2621 xxi.
482 2592 598 2622 anm.

247 2641 301 2670 59.
338 2640 426 2670 me
457 2642 527 2670 mihi
566 2641 727 2671 tremulum
765 2643 862 2671 [anien

203 2690 346 2728 lin-‹rhebae
360 2690 474 2730 eunti]
505 2690 671 2730 Luna—fere
688 2689 865 2720 Puteaneus

204 2745 233 2768 et
251 2737 303 2768 ahi
317 2738 426 2777 multi,
450 2739 603 2780 quomodo
620 2750 700 2780 smpe
718 2739 861 2770 Ovidius.

930 1805 1017 1836 Infra
1032 1803 1173 1847 Epistola
1185 1802 1299 1839 Herfis,
1316 1804 1434 1833 Annuit
1451 1801 1594 1843 illasere.

930 1856 1106 1885 mesrvs.
1136 1853 1323 1894 szafreto
1338 1852 1457 1883 Schott.
1472 1851 1507 1882 ii.
1524 1853 1596 1882 obs.

931 1907 986 1936 55.

974 1955 1027 1984 60.
1066 1952 1105 1983 In
1134 1952 1278 1992 vostras]
1317 1949 1529 1985 Balliolensis,
1561 1951 1594 1980 in

933 2011 1039 2038 vastas,
1055 2014 1116 2033 non
1133 2002 1277 2032 absurde.
1294 2001 1359 2032 vid.
1375 2000 1414 2031 ad
1429 1999 1472 2030 iii.
1487 1999 1596 2030 Amor.

931 2053 951 2083 i.
967 2054 1018 2083 40.
1043 2052 1086 2082 ita
1102 2050 1200 2092 Epist.
1217 2060 1283 2091 seq.
1303 2050 1373 2080 164.
1398 2056 1485 2080 vastas
1499 2060 1592 2090 aqum.

932 2102 994 2132 xiv.
1010 2102 1145 2131 Metam.
1164 2101 1238 2130 438.

977 2152 1184 2190 Ancipitesque
1203 2150 1264 2179 vias
1279 2155 1307 2178 et
1323 2150 1380 2179 iter
1394 2148 1516 2179 Titania
1530 2160 1594 2179 vas—

1020 2206 1082 2229 tum
1102 2199 1240 2228 Dixerat.
1432 2198 1550 2228 Bnnm.

978 2249 1028 2278 62.
1055 2247 1190 2287 Anima]
1230 2245 1432 2276 Lovaniensis
1466 2252 1498 2276 et
1533 2253 1595 2278 tres

935 2297 997 2332 alii,
1028 2298 1140 2327 [mimos
1170 2302 1245 2325 tuos.
1276 2294 1418 2336 quamvis
1446 2295 1529 2325 enim
1554 2307 1591 2327 u-

934 2353 1077 2387 trumque
1102 2352 1184 2376 recte
1208 2344 1350 2382 dicatur3
1376 2344 1456 2385 (vid.
1473 2345 1512 2375 ad
1536 2347 1595 2388 Ep.

934 2395 974 2426 iv.
996 2395 1070 2434 23.)
1086 2394 1231 2425 usitatius
1252 2400 1356 2424 tamen
1377 2404 1448 2424 cum
1467 2405 1594 2426 accusa-

934 2445 997 2475 tivo
1012 2445 1087 2475 dicit
1110 2446 1198 2475 Serv.
1216 2443 1255 2474 ad
1274 2443 1361 2484 Virg.
1378 2443 1441 2473 viii.
1466 2444 1595 2477 AEneid.

937 2495 1009 2524 125.
1025 2494 1069 2524 sic
1085 2494 1176 2534 Virg.
1194 2505 1222 2523 x.
1239 2494 1312 2523 824.

977 2544 1107 2573 Mentem
1124 2544 1210 2572 subiit
1222 2544 1344 2582 pietatis
1359 2544 1464 2583 imago.

935 2597 953 2609 “
972 2593 1127 2622 Latmium
1152 2598 1286 2622 montem
1310 2591 1463 2632 designat,
1486 2592 1591 2634 Endy-

933 2641 1043 2671 mionis
1059 2652 1077 2671 a
1093 2641 1191 2676 Luna,
1206 2648 1240 2671 ut
1256 2640 1367 2675 ferunt,
1384 2640 1530 2674 adamati.
1549 2642 1592 2672 fa-

933 2691 1004 2721 bula
1023 2691 1193 2721 u0bi10m.'’
1224 2692 1303 2720 Met.
1316 2690 1336 2720 i.
1356 2690 1405 2719 17.
