1849 3198
624 248 967 290 HEROIDES.
1000 248 1091 289 EPg
1125 249 1217 290 XI.
1530 254 1614 296 139

239 361 424 411 Nescia
447 380 558 427 quae
583 363 768 411 faceret
792 363 981 410 subitos
1006 363 1125 409 mihi
1151 379 1327 412 caussa
1351 365 1560 425 dolores,

303 440 369 487 Et
392 441 526 488 rudis
551 441 613 487 ad
637 448 824 504 partus,
853 447 903 487 et
925 456 1051 488 nova
1074 441 1214 488 miles
1241 458 1390 490 eram.

238 517 346 565 Nec
371 518 506 565 tenui
530 534 717 565 vocem.
791 516 939 572 Quid,
968 517 1051 573 ait,
1074 524 1160 565 tua
1183 519 1388 566 crimina
1412 521 1612 584 prodis?

304 595 504 658 Oraque
529 595 787 642 clamantis
813 595 1013 642 conscia
1036 595 1217 658 pressit
1241 611 1380 643 anus.
1551 603 1614 646 50

236 671 368 725 Quid
392 672 568 719 faciam
593 672 796 720 infelix?
834 672 1046 734 gemitus
1072 672 1210 718 dolor
1235 673 1381 719 edere
1406 674 1566 736 cogit;

304 749 405 796 Sed
430 750 589 805 timor,
617 757 668 797 et
691 749 872 804 nutrix,
901 756 951 795 et
974 749 1133 812 pudor
1157 748 1280 812 ipse,
1306 757 1490 797 vetant.

236 826 479 874 Contineo
505 827 733 889 gemitus,
762 828 1031 890 elapsaque
1055 826 1206 873 verba
1229 828 1499 890 reprendo:

303 903 368 950 Et
392 920 540 967 cogor
564 905 789 952 lacrimas
815 905 1098 952 combibere
1130 904 1239 967 ipsa
1262 920 1414 952 meas.
1551 909 1613 954 54

235 979 373 1027 Mors
399 988 503 1028 erat
528 988 641 1028 ante
667 982 863 1038 oculos3
905 990 954 1030 et
987 997 1132 1045 opem
1159 980 1346 1028 Lucina
1370 984 1611 1045 negabat:

302 1056 367 1104 Et
390 1074 551 1120 grave,
580 1059 620 1105 si
645 1075 873 1114 morerer,
897 1074 1028 1105 mors
1055 1074 1256 1121 quoque
1280 1058 1466 1106 crimen
1491 1068 1611 1108 erat.

236 1132 365 1181 Cum
393 1136 852 1199 superincumbens,
881 1136 1037 1183 scissa
1061 1136 1329 1199 tunicaque
1353 1152 1611 1202 comaque,

300 1210 483 1260 Pressa
506 1213 721 1261 refovisti
746 1221 950 1277 pectora
968 1221 1137 1260 nostra
1158 1214 1272 1260 tuis.

236 1284 302 1334 Et
325 1288 460 1344 mihi,
487 1289 610 1337 Vive
637 1307 786 1346 soror,
814 1307 949 1338 soror
971 1291 1001 1337 ὁ
1025 1291 1294 1347 carissima,
1321 1291 1462 1349 dixti,

298 1365 449 1413 Vive:
489 1383 580 1414 nec
605 1367 748 1414 unius
774 1383 978 1431 corpore
1003 1369 1156 1432 perde
1181 1369 1321 1415 duOS.
1550 1373 1613 1418 60

237 1442 364 1506 Spes
389 1444 520 1491 bona
542 1445 628 1492 det
650 1445 776 1492 vires
795 1463 804 1493 :
844 1445 978 1493 fratri
1003 1462 1117 1492 nam
1141 1452 1297 1509 nupta
1319 1444 1484 1493 futura
1506 1462 1576 1494 es.

299 1520 453 1577 Illius,
482 1538 534 1569 es
559 1523 622 1570 de
647 1539 745 1586 quo
770 1530 941 1578 mater,
970 1529 1020 1570 et
1043 1539 1166 1570 uxor
1190 1523 1302 1570 eris.

232 1596 432 1646 Mortua
457 1599 626 1661 (crede
651 1600 792 1661 mihi)
818 1607 984 1647 tamen
1009 1599 1072 1647 ad
1096 1606 1183 1646 tua
1205 1599 1356 1646 verba
1380 1598 1562 1657 revixi3

299 1675 365 1722 Et
387 1676 605 1739 positum
630 1684 706 1724 est
729 1677 855 1725 uteri
880 1677 1065 1723 crimen
1091 1692 1315 1739 onusque
1340 1675 1454 1722 mei.

232 1751 365 1807 Quid
389 1753 479 1800 tibi
504 1754 743 1817 grataris?
780 1754 944 1801 media
968 1754 1109 1801 sedet
1134 1752 1304 1800 AEolus
1330 1753 1468 1801 aula:
1548 1755 1610 1801 65

298 1829 520 1878 Crimina
544 1838 658 1877 sunt
681 1831 836 1878 oculis
863 1830 1183 1894 subripienda
1206 1830 1377 1893 patris.

233 1907 476 1970 Frugibus
501 1908 754 1964 infantem,
782 1909 1032 1972 ramisque
1054 1908 1264 1955 albentis
1290 1907 1446 1963 olivae,

298 1984 364 2031 Et
388 1985 577 2033 levibus
601 1986 735 2033 vittis
761 1986 935 2033 sedula
958 1985 1088 2032 celat
1112 2000 1233 2032 anus
1253 2001 1262 2032 :

953 2204 1013 2229 cet.
1037 2197 1162 2228 Phaedr.
1178 2196 1199 2227 i.
1220 2197 1268 2227 18.

997 2247 1080 2277 Onus
1096 2252 1212 2277 uatum
1228 2246 1331 2275 melius
1346 2255 1401 2284 quo
1416 2245 1586 2283 deponeret.

272 2198 327 2228 53.
354 2196 528 2238 Continuo]
557 2198 700 2228 Contineo
723 2204 786 2229 tres
801 2198 884 2229 libri.

228 2247 403 2278 mesms.
448 2247 638 2289 Recepimus
660 2247 739 2278 hanc
755 2247 885 2290 scriptu-

229 2307 305 2333 ram,
322 2307 415 2338 quam
440 2302 472 2327 et
489 2296 591 2327 Aldus
616 2297 766 2339 expressit
781 2310 787 2327 :
813 2309 885 2329 nam
954 2296 1016 2327 Ubi
1031 2295 1101 2326 vide
1117 2305 1186 2336 quae
1203 2293 1390 2325 notavimus.
1415 2300 1446 2323 et
1460 2292 1504 2323 ita
1523 2293 1610 2324 Grae-

229 2346 313 2377 idem
336 2352 383 2377 est
397 2346 479 2388 quod
497 2349 630 2385 reprimo,
648 2347 730 2377 exire
755 2358 814 2377 non
830 2358 884 2388 pa-

228 2395 300 2426 tior.
346 2395 502 2434 Reprendo
527 2406 597 2426 vero
627 2396 765 2436 elegans,
796 2395 884 2437 quasi

229 2444 407 2487 poeniteret,
423 2450 455 2475 et
473 2445 538 2486 jam
560 2444 645 2475 (licta
667 2446 820 2476 retrahere
846 2455 883 2475 ex

231 2493 305 2535 fuga
319 2494 426 2525 vellet.
472 2495 588 2524 Buram.

272 2545 325 2575 55.
351 2544 434 2574 BIors
448 2550 512 2574 erat
525 2555 618 2585 grave
633 2543 774 2583 crimem]
803 2542 886 2578 Quia

230 2603 291 2623 non
314 2593 481 2635 potuissem
501 2593 575 2623 mori
601 2592 666 2623 sine
692 2591 830 2627 infamia,
854 2591 883 2620 in

229 2642 284 2672 tali
299 2652 385 2679 casu,
400 2653 462 2683 quo
481 2641 589 2673 fuisset
603 2641 761 2683 cognitum
784 2639 885 2671 scelus

230 2701 346 2722 meum.

273 2741 326 2771 64.
354 2741 392 2771 Et
415 2742 540 2781 positum
567 2739 641 2781 esa]
677 2737 886 2773 Balliolensis,

230 2792 446 2831 depositumque
468 2793 562 2821 uteri.
587 2789 669 2831 quod
696 2799 755 2820 non
779 2787 886 2829 displi-

952 2356 1003 2376 cos
1028 2343 1073 2376 uti
1099 2345 1191 2374 verbo
1214 2343 1393 2384 ἀποτὶθημι
1416 2341 1522 2373 docuit
1543 2343 1610 2372 Ste-

951 2395 1075 2436 phanus
1097 2393 1136 2424 ad
1152 2392 1279 2424 Callim.
1296 2392 1394 2433 Hym.
1421 2391 1454 2421 in
1468 2392 1540 2422 Jov.
1562 2392 1611 2421 15.

951 2450 982 2474 et
998 2444 1095 2473 Dian.
1111 2444 1165 2473 25.
1212 2443 1330 2472 Bmm.

995 2493 1048 2523 67.
1075 2492 1244 2522 Fraudibus
1267 2490 1445 2532 infindent]
1472 2489 1611 2531 Scaliger

952 2552 968 2572 e
992 2541 1099 2572 codice
1124 2551 1179 2571 suo
1206 2544 1424 2571 annotaverat:
1459 2539 1612 2580 Frugibus

951 2591 1110 2632 infantem,
1129 2591 1272 2629 ramisque
1295 2590 1420 2619 albentis
1442 2589 1533 2623 olm-(r,
1549 2588 1610 2618 διο.

951 2640 1043 2670 ΒΑΝ.
1060 2640 1232 2671 Hssixsn's.
1271 2638 1422 2680 Frugibus
1434 2638 1612 2668 Puteaneus

951 2687 1078 2730 optime.
1102 2688 1220 2719 Molam
1231 2688 1344 2718 salsam
1353 2685 1505 2727 intellige,
1517 2696 1610 2727 quam

952 2747 1039 2768 sacra
1062 2737 1188 2769 saeturae
1205 2737 1236 2768 in
1251 2742 1393 2779 promptu
1409 2745 1474 2767 esse
1489 2740 1609 2777 oporte-

953 2787 1018 2818 bat.
