1849 3198
586 198 794 230 BENTLEH
818 198 1188 231 EMENDATIONES.

747 296 844 334 EPI
850 296 929 334 ST.
959 296 1033 335 XI.

208 392 245 422 15
596 393 685 423 litera
701 397 806 424 nostra
821 402 983 423 recurrens

721 509 902 548 EPIST.
934 509 1057 547 XIII.

273 604 475 648 (Inscriptio)
490 616 533 648 qu
547 618 552 636 :
580 606 659 637 Caro
674 606 746 638 vide
760 616 866 638 versus
882 608 915 637 2.
933 607 988 638 39.

727 725 908 764 EPIST.
938 725 1057 763 X1V.

213 821 250 851 13
275 820 419 852 Flamina
435 821 539 852 cultus
554 832 640 864 ager,

211 875 249 905 31
599 881 636 906 ut
649 876 840 907 illaudabilis
853 874 966 913 Ascra,

742 994 922 1032 EPIST.
952 994 1048 1033 XV.

212 1091 254 1121 39
605 1100 804 1132 quaecunque
820 1090 878 1121 sub
894 1090 969 1126 ullo,

734 1209 913 1248 EPIST.
943 1209 1062 1248 XVI.

236 1306 256 1337 6
608 1308 823 1349 Cecropiasque
838 1307 926 1339 Pedo
935 1319 943 1346 ς

539 1430 557 1442 ο,
785 1433 1017 1439 —-..

575 1524 1222 1567 METAMORPHOSEON

680 1651 862 1690 LIBER
891 1651 1125 1689 PRIMUS.

221 1749 259 1779 31
288 1748 409 1778 Extima
424 1748 575 1790 possedit,

221 1802 262 1832 64
289 1803 416 1834 Tradita
431 1808 502 1834 sunt
519 1802 680 1845 Zephyro:

219 1856 262 1887 93
522 1855 579 1887 sed
593 1861 684 1887 erant
699 1855 765 1887 sine
781 1857 899 1886 vindice
915 1855 983 1897 (vel
996 1853 1122 1897 judice)
1140 1854 1211 1885 tuti.

199 1911 260 1941 231
526 1910 625 1941 everti
642 1915 725 1941 tecta
739 1912 900 1941 ministros.

200 1964 265 1995 245
441 1963 492 1994 alii
510 1965 610 1994 tacitis
625 1963 810 1995 adsensibus
826 1963 970 2005 implent.

201 2018 266 2048 292
289 2017 408 2048 Omnia
423 2022 536 2060 pontus
551 2025 640 2055 erat,-

202 2073 267 2103 332
612 2072 720 2104 innato
735 2072 852 2104 murice
869 2074 1011 2109 tinctum,

205 2127 269 2157 444
530 2137 586 2169 per
601 2127 732 2158 vulnera
747 2129 851 2158 crebra
867 2137 999 2158 veneno.

202 2181 266 2212 580
289 2180 518 2223 Apidanusque
532 2183 622 2218 celer,

205 2236 265 2266 591
293 2235 424 2266 Istorum
442 2245 619 2274 nemorum3

292 2289 526 2332 Abjudicentur
542 2301 594 2321 vv.
614 2291 642 2326 1,
659 2290 690 2326 2,
707 2291 738 2326 3,
755 2289 786 2320 4.
799 2289 853 2325 87,
872 2290 927 2319 88.

648 2408 828 2446 LIBER
856 2407 1174 2446 SECUNDUS.

256 2507 269 2535 1
576 2502 764 2534 sublimibus
778 2509 849 2543 apta
865 2501 1030 2538 columnis,

253 2561 273 2590 2
297 2559 392 2591 Clara
408 2560 520 2589 micans
536 2568 620 2594 auro,

230 2615 272 2644 24
620 2611 746 2642 lucente
763 2611 926 2651 maragdis.

214 2669 273 2699 128
576 2666 663 2696 labor
678 2670 725 2695 est
741 2664 882 2695 inhibere
898 2664 1046 2694 volantes.-

214 2723 274 2753 132
300 2721 420 2764 Effugit
437 2720 618 2755 australem,

216 2776 275 2807 165
538 2785 631 2804 vacuo
645 2772 699 2804 dat
716 2772 745 2803 in
762 2782 834 2803 aera
850 2772 959 2807 saltus,

1555 198 1596 229 37
