1849 3198
228 178 313 218 242

624 178 674 218 P.
708 177 920 219 OVIDII
954 178 1235 222 NASONIS

239 292 399 348 Unus,
427 301 477 340 et
501 293 579 339 hic
607 294 786 350 audax,
815 310 844 341 a
869 311 967 358 quo
992 296 1081 342 tibi
1107 296 1249 343 litera
1274 304 1442 344 nostra

304 370 566 427 Redditur,
593 387 620 418 e
646 379 791 435 portu
817 374 981 420 navita
1004 373 1156 420 movit
1180 374 1288 422 iter.
1565 379 1623 422 lo

236 446 583 496 Adscensurus
610 466 766 498 eram:
806 450 898 497 nisi
924 451 1075 513 quod,
1103 467 1217 498 cum
1242 451 1439 499 vincula
1463 468 1621 516 prorae

306 524 546 582 Solveret,
574 526 623 573 in
649 527 865 591 speculis
892 528 1051 575 omnis
1076 528 1285 592 Abydos
1312 536 1431 576 erat.

238 599 352 647 Non
378 609 602 665 poteram
628 605 791 651 celare
816 620 971 660 meos,
999 605 1134 652 velut
1158 613 1288 662 ante,
1316 614 1572 670 parentes:

302 678 566 743 Quemque
591 682 691 744 tegi
716 681 959 738 volumus,
986 698 1084 729 non
1107 682 1350 739 latuisset,
1378 699 1531 730 amor.

235 754 469 804 Protinus
494 759 600 806 haec
627 759 866 815 scribens,
896 759 1053 815 Felix,
1081 760 1112 815 i,
1138 759 1296 816 litera,
1323 761 1451 808 dixi:
1564 764 1622 807 15

299 833 331 879 J
336 850 415 881 am
440 836 529 883 tibi
555 836 820 884 formosam
845 837 1064 901 porriget
1088 837 1171 884 illa
1194 853 1413 885 manum.

237 910 462 960 Forsitan
487 914 699 962 admotis
725 915 938 962 dominae
963 915 1163 977 tangere
1188 915 1404 971 labellis;

302 989 556 1054 Rumpere
582 993 700 1040 dum
726 994 867 1041 niveo
891 993 1088 1040 vincula
1111 992 1260 1039 dente
1284 992 1431 1039 volet.

235 1065 438 1115 Talibus
465 1070 646 1132 exiguo
671 1070 818 1117 dictis
844 1070 963 1116 mihi
988 1085 1238 1116 murmure
1262 1069 1442 1125 verbis,

303 1144 487 1193 Cetera
509 1163 623 1194 cum
649 1148 822 1194 charta
848 1148 1026 1195 dextra
1049 1148 1215 1194 locuta
1232 1163 1344 1194 mea
1368 1154 1460 1194 est.

1555 1150 1620 1192 20

233 1221 300 1268 At
332 1231 519 1285 quanto
544 1225 759 1281 mallem,
788 1241 939 1288 quam
966 1224 1219 1279 scriberet,
1247 1224 1329 1271 illa
1354 1230 1562 1279 nataret,

302 1298 492 1363 Meque
518 1318 606 1365 per
631 1303 864 1350 adsuetas
892 1303 1065 1350 sedula
1089 1302 1238 1350 ferret
1262 1302 1438 1365 equas!

234 1374 410 1439 Aptior
434 1378 519 1426 illa
543 1380 747 1442 quidem
774 1380 970 1444 placido
995 1380 1113 1427 dare
1134 1380 1340 1427 verbera
1364 1386 1533 1443 ponto,

301 1452 393 1502 Est
417 1463 583 1504 tamen
610 1464 660 1504 et
685 1458 860 1504 sensus
887 1464 1005 1520 apta
1024 1457 1247 1503 ministra
1271 1456 1385 1504 mei.

234 1529 461 1594 Septima
481 1551 580 1581 nox
596 1535 773 1597 agitur,
792 1536 1007 1598 spatium
1030 1535 1148 1581 mihi
1169 1535 1364 1597 longius
1384 1550 1527 1589 anno,
1555 1537 1618 1581 25

300 1607 576 1658 Sollicitum
602 1612 764 1659 raucis
790 1620 844 1659 ut
868 1629 1002 1660 mare
1027 1612 1182 1660 fervet
1203 1612 1362 1675 aquis.

233 1683 326 1731 His
352 1702 444 1748 ego
470 1688 510 1734 si
535 1689 634 1736 vidi
660 1690 961 1737 mulcentem
988 1696 1192 1753 pectora
1216 1704 1442 1735 somnum

301 1761 564 1821 Noctibus,
594 1766 753 1812 insani
780 1766 843 1813 sit
868 1782 1004 1813 mora
1028 1767 1177 1828 longa
1200 1765 1327 1813 freti.

277 1896 325 1925 10.
350 1898 375 1926 A
400 1904 489 1936 portu
514 1900 618 1928 omnim
634 1898 715 1940 fecit
739 1899 828 1939 itera]
864 1900 890 1929 Ε

228 1950 315 1982 poi-lu
339 1947 484 1987 potiores.
507 1953 542 1977 ut
561 1952 592 1978 et
610 1950 700 1979 movit
724 1951 790 1979 iter.
814 1959 891 1989 quos

229 2001 353 2025 secutus
367 2006 445 2027 sum.
467 2006 648 2038 quanquam
664 1997 816 2040 Propertii
832 1997 889 2029 ista

227 2051 423 2081 succurrunt,
440 2045 460 2076 i.
475 2046 565 2087 Eleg.
584 2047 632 2077 17.

273 2093 396 2124 Primus
409 2102 437 2125 et
453 2097 547 2126 invito
557 2096 763 2138 gurgitefecit
779 2098 846 2127 iter.

729 2144 848 2177 Hfflxs.

229 2190 416 2223 Menteliani
431 2194 515 2224 solvit
533 2196 590 2224 iter
603 2199 707 2235 posset
722 2194 835 2225 firmari
851 2206 888 2226 ex

229 2239 290 2270 illis
306 2241 386 2273 Flor.
409 2241 453 2272 iii.
473 2243 521 2274 10.
570 2244 644 2272 Cum
669 2245 759 2274 tertia
782 2246 888 2285 vigilia

231 2289 351 2320 Morino
370 2293 496 2322 solvisset
522 2304 539 2322 a
558 2299 660 2332 portu.
684 2298 715 2323 et
739 2299 889 2335 praeterea

229 2338 277 2368 his
291 2339 451 2370 Ciceronis
465 2351 519 2382 pro
535 2341 680 2371 Murena.
692 2341 724 2371 ii.
761 2342 847 2376 Quod
863 2346 887 2373 si

226 2394 316 2427 portu
329 2389 517 2426 solventibus,
528 2391 551 2420 si
565 2392 690 2430 ‹Juiij
707 2392 738 2421 in
748 2398 838 2431 portic
854 2404 882 2422 ei

229 2438 289 2466 alto
308 2438 504 2475 invehuntur,
523 2440 683 2479 praecipere
707 2440 811 2470 solent.
835 2441 887 2471 ubi

229 2486 356 2528 quidam
379 2487 489 2529 legunt
512 2500 526 2518 e
540 2495 630 2528 portu
655 2499 693 2519 ex
715 2488 843 2526 Quinct.
858 2501 887 2521 v.

228 2535 330 2566 Instit.
346 2535 378 2567 ii.
397 2536 451 2567 sed
469 2537 518 2567 hic
533 2539 642 2568 soluere
657 2539 777 2568 vincula
792 2550 887 2577 prora·

227 2595 297 2615 mox
321 2584 472 2626 sequitur.
492 2586 574 2627 fecit
597 2588 665 2623 iter,
689 2597 749 2617 non
771 2587 886 2628 placet,

228 2634 301 2675 quia
331 2644 401 2664 cum
426 2635 596 2676 Epistolam
621 2635 766 2671 traderet,
793 2642 886 2666 nauta

229 2685 367 2719 nuwelmt,
384 2682 415 2714 id
430 2690 477 2714 est
496 2683 664 2725 incipiebat
687 2684 754 2715 iter.
779 2690 813 2715 ut
827 2697 880 2715 mo-

228 2742 293 2763 rere
313 2739 421 2767 castra,
438 2739 468 2763 et
488 2733 667 2775 simpliciter
693 2745 802 2763 morere
824 2733 884 2764 dici

959 1906 1065 1931 notum
1080 1899 1260 1940 est.face›·e
1284 1909 1356 1929 vero
1381 1898 1450 1935 iter,
1475 1898 1545 1940 plus
1565 1910 1619 1930 no-

958 1955 1013 1980 tat.
1027 1948 1071 1980 sic
1087 1959 1170 1990 saepe
1195 1948 1277 1991 apud
1302 1948 1451 1978 Nostrum
1468 1950 1544 1979 viam
1559 1949 1619 1990 fa-

958 2010 1032 2029 cere.
1055 1998 1127 2028 vide
1143 1998 1213 2028 infr.
1229 2008 1307 2028 vers.
1326 1998 1396 2027 158.
1412 1998 1474 2029 xvi.
1486 1999 1538 2028 22.
1555 1998 1619 2028 xix.

962 2049 1031 2080 192.
1045 2052 1076 2079 et
1090 2046 1216 2077 millies.
1264 2047 1379 2076 Bmm.

1004 2098 1052 2128 13.
1078 2096 1147 2126 Non
1168 2103 1300 2135 poteram
1324 2096 1420 2125 celare
1449 2105 1618 2134 meos—pa-

957 2146 1080 2186 rentes]
1108 2144 1158 2175 Fit
1180 2143 1342 2185 aliquoties
1361 2143 1443 2185 apud
1458 2144 1616 2174 Musaeum

956 2195 1071 2226 mentio
1086 2199 1249 2235 parentum
1264 2193 1383 2230 Herus;
1407 2193 1494 2224 nulla
1517 2193 1618 2223 Lean-

956 2243 1014 2274 dri.
1060 2243 1152 2274 Unde
1168 2253 1229 2272 non
1245 2242 1309 2272 sine
1326 2242 1389 2273 veri
1402 2241 1506 2283 specie
1517 2243 1617 2284 suspi-

955 2298 1042 2324 cetur
1071 2291 1183 2333 aliquis
1210 2291 1260 2322 hic
1294 2301 1417 2333 quoque
1446 2291 1616 2332 legendum

955 2352 1020 2373 esse
1036 2348 1110 2372 tuos.
1156 2342 1302 2371 LENNEP.

1000 2390 1049 2420 17.
1072 2391 1206 2421 Admotis
1219 2390 1335 2430 etiam]
1363 2390 1445 2431 Lege
1459 2400 1529 2420 cum
1544 2390 1615 2421 Mo-

955 2440 1012 2470 reti
1025 2446 1056 2470 et
1070 2439 1215 2470 Mentelii
1230 2439 1327 2475 libris,
1343 2441 1467 2470 admotis
1481 2441 1616 2477 dominoe,

955 2494 990 2519 ut
1001 2490 1038 2520 τὸ
1049 2490 1125 2519 volet
1137 2488 1260 2525 habeat,
1272 2499 1333 2530 quo
1346 2488 1504 2520 referatur.
1527 2489 1615 2520 Dou-

956 2549 990 2569 za
1015 2538 1109 2568 etiarn
1134 2538 1282 2574 malebat,
1306 2538 1420 2569 Forsan.
1441 2545 1469 2569 et
1493 2540 1619 2569 admotis

954 2588 1088 2622 domina’,
1104 2597 1164 2616 non
1181 2587 1272 2617 male.
1318 2588 1434 2618 Bnnru.

997 2636 1048 2666 26.
1076 2635 1116 2666 Ut
1134 2647 1212 2666 mure
1224 2636 1328 2677 feroet
1344 2636 1458 2677 aquis]
1484 2636 1534 2666 Sic
1550 2645 1614 2666 me-

954 2684 1043 2715 liores
1058 2683 1138 2715 libri.
1185 2677 1301 2715 ΙΙΕιΝὲ.
