1849 3198
166 191 251 233 2352

555 194 603 234 P.
639 192 852 235 OVIDII
886 193 1167 236 NASONIS

169 307 365 364 Ferrea,
393 307 541 355 crede
565 309 701 363 mihi,
725 327 821 357 non
848 327 956 357 sum
979 328 988 358 :
1029 311 1116 357 sed
1144 326 1309 358 amare
1334 327 1558 375 repugno

234 384 396 440 Illum,
425 401 574 448 quem
598 385 702 433 fieri
726 388 809 434 vix
834 394 955 450 puto
980 404 1126 450 posse
1152 404 1334 435 meum.

1463 392 1554 436 138

168 460 299 515 Quid
326 462 551 509 bibulum
578 479 725 510 curvo
751 464 1069 527 proscindere
1094 465 1209 511 litus
1236 471 1414 522 aratro,

235 538 492 603 Spemque
517 541 658 603 sequi
684 557 849 597 coner,
878 557 1030 604 quam
1055 541 1192 588 locus
1219 542 1326 605 ipse
1352 543 1532 605 neget?

169 615 292 663 Sum
317 617 451 664 rudis
477 617 540 664 ad
565 617 775 664 Veneris
801 617 1013 664 furtum:
1054 618 1294 681 nullaque
1319 619 1521 667 fidelem

230 693 320 755 (Di
345 695 463 742 mihi
489 695 588 742 sint
610 695 789 756 testes)
814 695 1022 742 lusimus
1048 702 1154 742 arte
1179 696 1352 743 virum.

166 769 313 819 Nunc
351 788 568 835 quoque,
597 774 731 836 quod
768 774 919 820 tacito
957 773 1138 820 mando
1175 789 1288 821 mea
1312 774 1464 821 verba
1498 775 1554 821 li-

232 850 473 913 Fungitur
497 852 655 898 officio
680 852 824 898 litera
849 858 1017 899 nostra
1041 867 1182 898 novo.

1384 852 1553 913 [bello,

165 927 373 984 Felices,
393 928 573 991 quibus
596 946 715 975 usus
737 929 905 976 adest!
934 945 1042 991 ego,
1065 929 1234 975 nescia
1258 944 1437 985 rerum,
1464 932 1555 976 145

233 1005 498 1052 Difficilem
523 1007 684 1070 culpae
711 1007 936 1071 suspicor
962 1022 1072 1053 esse
1096 1007 1242 1053 viam.

165 1081 283 1145 Ipse
309 1083 437 1130 malo
458 1091 619 1130 metus
646 1091 738 1132 est.
772 1086 876 1147 jam
903 1100 1032 1130 nunc
1060 1084 1348 1140 confundor,
1377 1090 1428 1130 et
1451 1099 1554 1130 om-

233 1158 292 1205 In
318 1160 495 1206 nostris
522 1161 690 1207 oculos
715 1161 932 1208 vultibus
959 1177 1070 1208 esse
1095 1177 1218 1208 reor.

1444 1161 1553 1222 [nes

166 1235 274 1283 Nec
301 1253 409 1283 reo-1·
433 1237 526 1284 hoc
552 1237 693 1284 falso.
733 1238 865 1284 sensi
891 1238 1022 1285 mala
1046 1253 1298 1284 murmura
1321 1238 1453 1300 vulgi
1474 1254 1484 1284 :

230 1313 297 1360 Et
321 1313 565 1376 quasdam
589 1331 735 1362 voces
762 1314 930 1361 retulit
955 1314 1130 1361 AEthra
1154 1315 1289 1362 mihi.

1464 1317 1555 1361 150

161 1391 232 1439 At
255 1398 310 1438 tu
335 1391 620 1439 dissimula:
661 1391 755 1438 nisi
781 1392 821 1438 si
847 1391 1088 1438 desistere
1113 1392 1286 1438 mavis.

232 1468 335 1516 Sed
361 1485 448 1516 cur
472 1469 720 1517 desistas?
757 1469 1069 1516 dissimulare
1094 1475 1254 1532 potes.

163 1545 319 1602 Lude,
347 1547 434 1593 sed
460 1548 672 1594 occulte.
716 1549 886 1610 major,
916 1563 1013 1593 non
1038 1546 1272 1602 maxima,
1301 1547 1443 1593 nobis

232 1622 324 1670 Est
347 1624 465 1670 data
488 1624 707 1681 libertas,
735 1625 870 1687 quod
898 1623 1158 1670 Menelaus
1185 1624 1342 1670 abest.

163 1699 256 1747 Ille
282 1700 485 1762 quidem
511 1702 683 1763 procul
709 1708 800 1757 est,
829 1701 898 1747 ita
922 1716 974 1747 re
1000 1707 1227 1762 cogente,
1255 1702 1527 1763 profectus,

232 1776 421 1839 Magna
444 1777 536 1824 fuit
560 1778 736 1825 subitae
757 1779 997 1841 justaque
1023 1793 1201 1824 caussa
1223 1777 1314 1824 viae
1338 1796 1348 1835 ;

207 1911 279 1941 139.
304 1910 530 1951 Proscivzdere]
557 1911 651 1941 MSS.
666 1911 825 1941 Oxonien-

160 1959 202 1990 sis
218 1966 248 1990 et
263 1959 367 2001 plures
383 1959 447 1996 alii,
461 1961 640 2002 prqfindere,
656 1965 756 1991 recte:
782 1960 825 1991 sic

160 2010 242 2039 Stat.
255 2009 357 2039 Theb.
375 2020 406 2039 x.
423 2009 499 2039 507.
524 2020 562 2040 ex
577 2010 670 2040 MSS.
688 2009 825 2045 Behotii,

161 2057 214 2099 qui
228 2059 419 2100 prqfundunt
431 2058 564 2089 habent:

205 2108 392 2148 Prqsindunt
408 2111 530 2139 inarata
553 2111 607 2139 dm
624 2110 756 2149 Pangaea
766 2111 824 2148 ju-

246 2159 344 2188 venei.

162 2205 226 2237 Ubi
240 2207 333 2238 MSS.
376 2206 504 2237 Tiliobr.
515 2206 704 2247 perfiuduut.
720 2206 824 2247 vulgo,

157 2256 371 2297 pevfiingunt.

207 2306 278 2336 151.
303 2305 372 2336 Nisi
394 2307 417 2336 si
433 2307 571 2336 desistere
591 2305 711 2345 maris]
739 2305 823 2336 Libri

161 2358 282 2384 veteres
296 2364 412 2395 magna
426 2365 463 2385 ex
489 2360 586 2396 parte,
603 2356 660 2385 nisi
686 2361 729 2384 tu.
754 2354 820 2390 alii,

160 2406 220 2434 uisi
236 2410 272 2440 le,
288 2406 312 2433 si
334 2416 403 2440 vtum,
420 2406 478 2434 nisi
492 2415 549 2439 me,
566 2406 625 2434 visi
638 2406 719 2443 jam.
737 2410 768 2435 et
783 2404 822 2435 si-

160 2453 257 2484 milia.
288 2453 331 2484 At
345 2454 522 2484 Puteaneus
537 2452 672 2495 vulgatis
687 2453 822 2484 accedit.

160 2508 257 2533 recte.
305 2502 385 2533 Vide
402 2503 501 2533 Notas
519 2502 557 2533 ad
574 2502 672 2544 Epist.
688 2502 729 2533 iv.
746 2513 823 2533 verS.

160 2552 207 2582 iii.
233 2553 407 2582 mesws.
454 2553 644 2588 1)ouza‚⁷1isi
661 2559 697 2588 te,
715 2563 752 2582 ex
768 2563 823 2583 suo

161 2602 256 2632 ctiam
272 2601 379 2631 codice
396 2602 524 2643 antiquo
539 2601 822 2642 dictumcapicbat,

161 2656 196 2682 ut
211 2652 274 2681 volo
288 2662 331 2680 me
351 2653 447 2681 amari
462 2665 479 2681 a
504 2654 591 2688 nwisg
619 2652 680 2686 Qui
703 2654 823 2682 student

160 2711 189 2730 se
202 2706 353 2739 prmsture,
369 2704 425 2730 ἂρ.

1463 1782 1553 1826 156

940 1910 1011 1941 154.
1037 1910 1090 1940 Est
1114 1911 1186 1940 data
1211 1910 1341 1946 libertas,
1356 1911 1431 1950 quod
1452 1910 1556 1941 [Uene-

895 1961 961 1990 laus
976 1959 1086 1999 abest]
1114 1960 1189 1989 Erat
1210 1959 1293 1989 enim
1316 1958 1348 1989 in
1364 1959 1468 1996 Creta,
1484 1971 1555 1990 cum

894 2009 1018 2040 Helena
1041 2019 1059 2039 a
1074 2009 1187 2039 Paride
1212 2009 1342 2050 abrepta
1357 2014 1415 2039 est.
1462 2009 1555 2041 Colu-

893 2059 966 2089 thus
979 2059 1036 2089 sub
1052 2058 1145 2089 finem
1161 2058 1201 2088 de
1217 2058 1324 2099 Raptu
1339 2058 1470 2088 Helenae
1484 2071 1489 2088 :

935 2107 1058 2149 Ἠερίαι
1073 2108 1198 2149 ὄρνιθες
1222 2107 1363 2149 {fin-‘repa
1381 2106 1479 2139 τέκνα
1505 2120 1555 2151 γε·

979 2156 1097 2195 νέθλης

930 2205 1068 2237 ”Emere
1097 2205 1321 2244 νοστήσαντες
1345 2204 1399 2235 ἐπὶ
1415 2205 1555 2246 Κρήτην

981 2254 1150 2295 Μενελάῳ.

892 2304 933 2334 Et
946 2304 1011 2346 ipse
1027 2304 1083 2335 lib.
1100 2303 1132 2334 ii.
1149 2304 1199 2334 De
1215 2303 1368 2334 remedio:

937 2354 1019 2388 Quid
1037 2354 1175 2383 RIeneIa'e'
1190 2354 1288 2383 doles?
1318 2354 1379 2382 ibas
1402 2353 1465 2383 sine
1486 2365 1555 2383 con-

1010 2405 1090 2443 juge
1110 2402 1229 2437 Creten,

980 2452 1019 2482 Et
1032 2458 1150 2491 poteras
1164 2457 1260 2491 *nupta
1277 2452 1360 2481 [cecus
1376 2453 1469 2482 abesse
1479 2453 1556 2482 tna?

1415 2500 1509 2531 (ἴων,

938 2550 1008 2580 156.
1026 2550 1138 2580 Caussa.
1153 2550 1237 2590 vinu]
1258 2550 1395 2581 Joannes
1407 2549 1554 2580 Antioch.

891 2600 970 2630 inter
986 2605 1125 2641 excerpt.
1142 2599 1261 2630 Valcsii
1286 2610 1359 2641 pag.
1377 2600 1452 2630 785.
1477 2599 1554 2629 dicit

890 2661 962 2680 cum
1000 2650 1038 2680 ad
1072 2661 1160 2680 sacra
1189 2648 1333 2679 facienda
1367 2648 1552 2689 profectum.

894 2700 1065 2730 Hssmsws.
1103 2699 1165 2730 Sed
1181 2698 1245 2735 alii,
1258 2698 1297 2730 ad
1314 2697 1439 2729 Crethei
1456 2697 1552 2728 haere-
