1849 3198
227 183 311 226 194
614 182 664 222 Ρ.
698 180 912 223 OVIDII
945 180 1225 223 NASONIS

231 298 393 354 Quem
418 313 568 362 supra
592 313 753 345 ramos
778 297 1019 361 expandit
1043 296 1274 361 aquatica
1297 297 1440 352 lotos,

298 376 412 423 Una
435 392 638 423 nemus:
679 383 847 423 tenero
872 374 1062 438 cespite
1087 381 1217 421 terra
1239 374 1379 421 viret.
1523 376 1615 421 160

230 453 326 501 Hic
353 470 445 517 ego
469 470 583 501 cum
607 454 764 501 lassos
790 453 1068 517 posuissem
1093 452 1292 499 fletibus
1318 457 1468 506 artus,

297 530 536 578 Constitit
558 538 672 579 ante
698 531 868 578 oculos
895 529 1050 576 Naias
1074 544 1173 575 una
1196 544 1350 574 meos.

232 607 485 665 Constitit,
512 615 563 656 et
586 609 729 664 dixit,
758 607 1004 662 Quoniam
1030 622 1128 652 non
1153 605 1350 668 ignibus
1377 604 1534 667 aequis

297 685 485 742 Ureris,
512 685 803 732 Ambracias
828 691 959 731 terra
982 683 1198 746 petenda
1220 682 1326 728 tibi.

230 761 451 810 Phoebus
464 764 525 810 ab
537 763 753 817 excelso,
767 768 1008 824 quantum
1025 766 1178 823 patet,
1192 759 1406 822 adspicit
1421 773 1612 821 aequor:

296 838 558 887 Actiacum
585 839 754 903 populi
782 837 1186 899 Leucadiumque
1210 842 1405 883 vocant.
1526 837 1615 881 166

227 1033 326 1052 amne.
368 1023 611 1060 B'Iazarinianus,
627 1025 775 1063 vitreoque
793 1025 887 1053 amni.

227 1071 345 1107 Scribe,
363 1075 495 1113 vitroque
517 1076 611 1114 magis
631 1075 806 1113 perlucidus
828 1084 887 1102 om-

226 1123 272 1151 ui.
318 1121 368 1152 Sic
398 1122 476 1153 Fons
505 1123 680 1153 Blautlusizf
705 1125 889 1163 splendidior

226 1172 303 1200 ritro
335 1171 418 1212 apud
451 1172 629 1203 Horatium.
662 1172 718 1202 lib.
748 1172 792 1203 iii.
822 1172 885 1203 Od.

226 1219 292 1250 xiii.
318 1219 361 1251 ita
377 1221 482 1251 Po'e'tae
508 1223 635 1263 passim.
653 1222 764 1252 Horat.
781 1222 803 1252 i.
821 1222 885 1252 Od.

226 1280 314 1299 xvui.

269 1320 440 1358 Arcanique
450 1320 532 1360 fides
551 1321 689 1361 prodiga,
703 1321 889 1359 perlucidior

313 1370 402 1398 vitro.
727 1369 845 1399 Herus.

226 1416 292 1446 Nos
307 1416 501 1453 retinuimus,
516 1419 664 1458 vitreoque
679 1420 773 1459 magis
784 1419 887 1457 perlu-

224 1466 310 1496 cidus
323 1478 420 1497 amne.
444 1472 478 1497 ut
494 1472 541 1497 est
565 1467 596 1497 in
614 1468 756 1497 Francos.
777 1474 808 1497 et
822 1467 887 1509 ple-

224 1514 326 1556 risque
344 1516 429 1554 aliis3
445 1527 518 1547 narn
534 1527 640 1547 amnes
655 1517 769 1558 passim
788 1517 886 1548 vitrei.

225 1563 291 1594 vid.
309 1564 463 1596 Bernard.
480 1565 519 1596 ad
535 1566 615 1596 Stat.
633 1565 655 1596 i.
672 1565 750 1596 Silv.
771 1566 816 1596 iii.
834 1567 886 1597 73.

224 1613 341 1644 Bunm.

272 1663 342 1694 159.
385 1664 478 1699 Quem
506 1664 629 1704 supra]
668 1664 883 1707 Ἀναστροφὴ.

225 1711 319 1742 Cror.

269 1761 445 1802 Eatendit]
484 1763 522 1793 In
550 1763 708 1794 nonnullis
735 1766 885 1804 expendit.

225 1810 257 1840 in
273 1811 342 1842 aliis
357 1814 509 1851 ear-pandit.
538 1819 621 1844 recte
639 1813 754 1844 omnia.
790 1815 884 1845 NAu-

225 1871 359 1890 cemus.
407 1860 491 1891 Libri
506 1866 627 1892 veteres
642 1864 795 1901 eapzzndit.
816 1863 885 1904 pla—

225 1914 287 1939 cet.
313 1910 496 1941 Cmmuus.
534 1911 685 1950 Eipanrlit
700 1911 805 1953 primae
822 1913 887 1943 edi—

225 1958 324 1989 tiones
339 1964 370 1989 ct
385 1959 491 2001 scripti
507 1960 662 2002 plerique.
709 1961 823 2003 virgil.
842 1962 885 1992 vi.

225 2009 301 2038 282.

269 2057 308 2088 1η
338 2060 430 2088 medio
456 2070 551 2089 ramos
573 2071 740 2099 annosaque
766 2062 885 2092 brachia

308 2109 417 2146 patuli(

272 2155 377 2185 Ulmus
389 2168 489 2195 (iliaca,
505 2159 622 2197 iugens.
722 2158 841 2189 HEINS.

229 2203 307 2235 Vide
322 2204 431 2235 Heins.
448 2205 487 2235 ad
500 2205 609 2236 Valcr.
626 2206 713 2236 Flac.
728 2206 751 2236 i.
770 2208 842 2238 400.

270 2254 418 2293 Aquatica
434 2255 535 2294 lotos]
556 2255 605 2285 Ita
620 2261 651 2286 et
666 2255 721 2286 lib.
740 2256 783 2286 ix.
800 2258 883 2287 Met.

225 2304 301 2333 341.
340 2308 374 2333 ut
402 2304 440 2334 ab
471 2303 532 2334 alia
561 2305 638 2335 Loto
664 2304 883 2346 distinguatur.

225 2352 334 2382 Lotam
351 2364 422 2383 vero
445 2353 625 2395 Nympham
647 2354 677 2384 in
699 2354 800 2385 fabam
824 2356 882 2397 Sy-

224 2401 339 2432 riacam
363 2408 515 2433 mutatam
539 2409 643 2433 narrat
659 2404 782 2435 Servius
806 2405 844 2435 ad
859 2406 882 2436 i.

225 2450 341 2491 Georg.
370 2452 423 2482 84.
450 2451 493 2482 sic
518 2457 549 2482 et
565 2452 702 2483 Isidorus
724 2453 763 2484 de
783 2454 884 2485 Mella

224 2498 280 2529 lib.
299 2499 374 2530 xvii.
391 2510 422 2530 e.
439 2501 471 2530 6.
497 2510 568 2530 nam
592 2507 622 2531 et
645 2503 733 2532 mella
758 2508 789 2533 et
803 2504 883 2545 jiilaa

224 2550 351 2589 Syriaca
388 2549 550 2580 dicebatur
581 2550 682 2587 Lotos,
720 2552 774 2582 sed
813 2553 883 2584 saba

225 2598 337 2629 Graeca
353 2598 554 2639 frequentius.
579 2600 695 2630 Duum.

271 2648 342 2678 160.
372 2648 440 2678 Una
463 2649 593 2689 nemum]
618 2649 703 2686 Quid
727 2650 808 2680 cuim
824 2651 882 2681 sibi

227 2697 301 2728 velit
316 2702 405 2728 vctus
420 2698 513 2729 lectio
530 2710 589 2729 non
606 2699 708 2736 video,
728 2703 809 2732 unda
833 2714 883 2731 ue-

956 1033 1030 1057 mus,
1047 1021 1173 1063 quando
1188 1026 1219 1052 et
1234 1021 1392 1052 Domitius
1406 1020 1471 1062 jam
1489 1025 1561 1051 ante
1585 1020 1617 1050 id

957 1071 1096 1111 agnovit,
1116 1077 1147 1102 et
1162 1082 1271 1102 sensus
1285 1083 1359 1106 una,
1377 1070 1527 1112 exposcit.
1552 1071 1617 1101 Eo-

957 1132 1088 1152 NATIUS.
1134 1121 1184 1151 Sic
1201 1128 1231 1152 et
1247 1121 1330 1151 Met.
1347 1121 1404 1150 lib.
1422 1120 1488 1150 viii.
1506 1120 1581 1151 744.

999 1171 1102 1201 Stabat
1127 1173 1161 1201 in
1187 1172 1231 1201 his
1253 1173 1358 1212 ingens
1380 1181 1490 1200 annoso
1515 1172 1616 1200 robore

1041 1231 1177 1260 quercus,

1005 1269 1073 1299 Una
1089 1281 1201 1300 nemus.
1451 1268 1572 1300 HEINS.

1003 1319 1072 1349 162.
1098 1320 1176 1349 Ante
1186 1319 1282 1348 oculos
1295 1320 1357 1348 visa
1372 1324 1411 1348 est
1431 1317 1506 1348 Nais
1520 1319 1618 1348 adesse

956 1368 1059 1408 meos]
1088 1368 1227 1398 Constitit
1243 1374 1312 1398 aute
1327 1368 1424 1397 oculos
1440 1367 1539 1397 Na'ias
1553 1379 1616 1397 una

955 1428 1041 1453 meos,
1062 1417 1130 1448 lucc
1156 1417 1250 1448 etiam
1267 1415 1427 1457 Naugerio
1449 1416 1615 1447 debentur.

956 1467 1062 1497 Nostri
1077 1478 1148 1497 cum
1164 1467 1309 1508 vulgatis,
1326 1469 1450 1508 inepte:

1000 1517 1155 1547 Formosus
1167 1528 1243 1556 puer
1259 1522 1299 1547 est
1316 1518 1394 1546 visus
1407 1518 1505 1547 adesse
1519 1517 1604 1547 mihi.

955 1566 1086 1608 Repone
1102 1567 1133 1597 in
1150 1566 1352 1607 Naugeriana
1367 1565 1501 1596 lectione
1518 1566 1617 1597 Na'ias

954 1618 1026 1652 urla,
1043 1622 1073 1646 et
1090 1616 1169 1647 refer
1192 1616 1231 1646 ad
1248 1615 1376 1646 Nazada
1392 1615 1486 1657 hujus
1510 1615 1614 1647 fontis.

953 1664 997 1694 sic
1014 1667 1074 1695 uela
1092 1665 1202 1696 Thetis.
1218 1665 1274 1694 lib.
1286 1664 1330 1694 xi.
1345 1665 1427 1694 Met.
1444 1670 1475 1694 et
1493 1664 1615 1704 Tyberi-

954 1715 1037 1744 uides
1051 1716 1128 1744 uilae.
1147 1713 1204 1744 lib.
1221 1713 1256 1744 ii.
1273 1714 1356 1744 Fast.
1370 1724 1399 1743 v.
1414 1713 1490 1744 597.
1506 1724 1544 1744 ex
1561 1725 1615 1746 an-

954 1763 1049 1804 tiquis
1064 1763 1237 1794 codicibus.
1262 1762 1316 1793 ubi
1332 1762 1476 1793 Naiadas
1486 1763 1615 1804 Tyberi-

955 1823 1011 1843 nas
1026 1813 1139 1843 innuit.
1164 1814 1339 1844 Hmssws.
1364 1817 1447 1843 recte
1471 1811 1566 1844 habet
1584 1825 1616 1845 se

954 1873 1030 1893 una.
1069 1867 1103 1892 ut
1129 1861 1292 1898 redundet,
1316 1861 1356 1892 de
1381 1872 1442 1902 quo
1467 1860 1615 1903 loquendi

954 1922 1066 1953 genere
1093 1922 1164 1942 cum
1190 1911 1243 1941 alii
1261 1911 1327 1952 jam
1348 1921 1450 1951 egere,
1466 1915 1532 1941 tum
1548 1912 1615 1942 Pri-

955 1971 1038 1991 caeus
1061 1960 1101 1992 ad
1117 1958 1264 1991 Matthaei
1290 1971 1361 2002 cap.
1377 1958 1443 1991 viii.
1465 1971 1546 1992 vers.
1565 1962 1614 1992 17.

955 2012 1071 2042 Burin.

1002 2062 1073 2092 163.
1101 2060 1249 2094 Quoniam
1272 2071 1330 2089 ¹non
1355 2060 1505 2101 ignibus]
1534 2060 1616 2095 Quid

953 2122 1036 2141 inme
1051 2122 1123 2141 non.
1148 2110 1270 2140 Bersm.
1285 2107 1372 2139 Edit.
1394 2109 1449 2139 sed
1465 2108 1616 2142 editiones

954 2161 1138 2190 vetustiores
1162 2164 1193 2189 et
1214 2169 1320 2189 omnes
1334 2157 1456 2188 Heinsii
1478 2158 1614 2197 codices,

953 2220 1015 2249 qucr
1028 2220 1110 2239 nunc
1123 2220 1192 2238 uon.

999 2258 1070 2288 164.
1082 2258 1239 2287 Ambracia
1250 2263 1289 2287 est
1303 2259 1518 2296 teri-aperienda
1529 2259 1611 2299 tibi]

953 2307 1079 2348 Optime
1108 2306 1281 2337 Vaticanus
1311 2316 1401 2342 unuS‚
1429 2307 1615 2345 Ambracias,

953 2356 1065 2387 Graeco
1081 2366 1177 2386 more.
1210 2356 1385 2386 Humsms.
1432 2357 1614 2388 Ambraciam

951 2405 1086 2436 reddidit
1109 2405 1200 2435 etiam
1219 2404 1334 2435 ovidio
1360 2404 1416 2435 lib.
1434 2404 1501 2436 xiii.
1528 2406 1611 2437 Met.

953 2456 1026 2485 714.
1042 2454 1205 2485 Heinsius.
1230 2454 1285 2485 sed
1312 2455 1452 2485 Daunias
1471 2456 1614 2487 militaris

952 2514 1012 2534 non
1037 2504 1148 2534 tolerat
1169 2502 1367 2533 Clarissimus
1394 2503 1558 2534 Bentleius
1581 2504 1613 2535 in

951 2553 1093 2583 Horatio.
1117 2553 1160 2583 sic
1186 2552 1295 2588 Ionias,
1318 2553 1357 2583 de
1373 2562 1433 2594 quo
1457 2552 1496 2582 ad
1512 2553 1612 2594 Epist.

950 2603 994 2634 ix.
1011 2604 1062 2634 73.
1089 2604 1222 2634 Phasias.
1239 2603 1298 2644 Ep.
1313 2603 1356 2633 vi.
1374 2603 1444 2633 103.
1472 2602 1611 2634 Phthias.

952 2652 1005 2683 vii.
1027 2653 1097 2683 165.
1124 2654 1240 2683 Buniu.
1281 2674 1286 2681 .

1000 2702 1070 2732 165.
1101 2701 1249 2741 Phalara]
1278 2700 1335 2732 Ille
1351 2701 1390 2732 ab
1402 2700 1611 2732 Ambraciotis
