1849 3198
604 254 948 305 HEROIDES.
981 254 1073 296 ΕΡ.
1100 253 1218 296 XII.

1520 257 1604 298 143

226 366 293 417 Et
315 367 440 417 refer
463 369 527 418 ad
551 377 774 426 matrem,
802 369 1040 434 socioque
1064 370 1264 434 impone
1288 370 1545 435 sepulcro:

292 445 529 511 Urnaque
554 464 642 494 nos
668 447 864 503 habeat,
892 447 1168 510 quamlibet
1192 455 1312 504 arta,
1339 448 1480 496 duos.

223 523 347 571 Vive
370 540 557 572 memor
580 525 749 580 nostri,
776 525 1104 587 lacrimasque
1130 525 1180 571 in
1202 524 1405 572 vulnera
1427 525 1601 573 funde:

290 600 431 649 Neve
455 601 718 649 reformida
742 618 922 665 corpus
948 602 1157 649 amantis
1184 618 1370 649 amans.

1513 605 1604 650 126

223 677 322 740 [Tu
347 678 509 741 (rogo)
534 679 767 742 projectae
794 679 1000 726 nimium
1024 679 1259 726 mandata
1283 678 1461 725 sororis

289 754 475 802 Perfer.
503 755 747 803 mandatis
773 756 994 819 perfruar
1018 756 1128 820 ipsa
1150 755 1347 820 patris]

654 1123 1004 1172 EPISTOLA
1042 1124 1166 1172 XII.

590 1248 867 1291 MEDEA
920 1248 1233 1291 JASONI.

219 1355 288 1404 At
310 1356 400 1404 tibi
428 1356 729 1404 Colchorum
755 1355 1001 1419 (memini)
1027 1357 1197 1419 regina
1219 1358 1403 1414 vacavi,

284 1433 379 1481 Ars
403 1451 530 1491 mea,
557 1451 670 1482 cum
696 1441 909 1498 petereS,
936 1440 991 1481 ut
1013 1434 1102 1480 tibi
1128 1433 1280 1482 ferret
1304 1452 1466 1498 opem.

215 1614 343 1645 verbum
354 1613 517 1655 exequiale
531 1626 538 1652 ;
561 1614 715 1656 sicfunus
726 1616 872 1655 prosequi.

219 1663 348 1706 Apulej.
365 1664 409 1695 iv.
425 1664 507 1695 Met.
535 1665 604 1695 Toto
616 1672 808 1705 prosequente
819 1677 872 1705 pu—

213 1713 295 1751 pulo,
312 1715 410 1744 vivum
422 1714 720 1756 prodzwiturfuuus.
752 1715 872 1746 Ηεῐκε.

262 1763 336 1793 128.
366 1763 522 1793 Blandatis
544 1763 721 1805 perfruam]
760 1764 873 1795 Totum

215 1810 274 1842 hoc
296 1811 451 1842 distichon
472 1812 505 1842 in
528 1812 651 1843 officina
673 1812 872 1855 interpolato-

215 1870 284 1890 rum
307 1862 484 1898 conflatum‚
500 1860 552 1892 vix
574 1861 720 1892 Latinum
747 1869 804 1898 est,
820 1869 874 1894 aut

215 1910 255 1940 ad
285 1910 472 1941 Ovidianam
508 1911 697 1952 elegantiam
726 1911 874 1954 adsurgit.

215 1959 254 1990 In
274 1960 434 1991 Puteaneo
456 1967 539 1992 certe
561 1961 669 1992 codice
691 1960 724 1991 id
746 1972 873 1992 amanu

214 2008 354 2040 secunda
368 2015 444 2046 erat,
456 2009 564 2050 priscae
578 2009 721 2040 lectionis
737 2010 874 2052 vestigiis

214 2057 340 2099 penitus
366 2058 509 2089 sublatis.
557 2059 739 2089 Mandatum
767 2061 874 2100 perfice

216 2107 451 2149 Gottorpianus,
476 2108 630 2150 quomodo
658 2115 690 2139 et
718 2107 873 2139 Slichten-

214 2155 348 2187 horstius
359 2156 558 2199 conjiciebat.
574 2163 605 2188 et
620 2159 791 2188 mandatum
805 2169 873 2198 per-

213 2216 318 2245 sequar
332 2212 420 2237 notat
438 2216 476 2237 ex
499 2206 562 2237 suis
585 2206 772 2248 Naugerius.
796 2218 872 2249 quo-

214 2254 305 2285 modo
333 2261 365 2286 et
389 2255 566 2286 Puteaneus
590 2262 622 2286 et
645 2256 872 2288 Gronovianus.

215 2309 249 2333 ut
272 2303 356 2345 apud
379 2304 484 2334 Plaut.
500 2304 711 2346 Ampliitrion.
728 2304 760 2335 ii.
776 2305 799 2335 i.
816 2307 870 2337 39.

216 2351 303 2386 Quod
325 2353 412 2382 herus
428 2354 591 2392 imperarit,
608 2355 762 2395 negleaisti
776 2366 871 2393 perse·

215 2402 276 2440 qui.
300 2406 331 2430 et
346 2401 399 2432 75.
448 2401 517 2432 Non
532 2403 604 2432 soleo
619 2413 670 2444 ego
683 2405 873 2435 somniculose

215 2449 294 2480 Heri
318 2452 440 2490 imperia
461 2454 605 2492 persequi.
638 2452 801 2483 Helmaest.
818 2453 871 2484 ha-

213 2499 310 2529 bebat
321 2510 492 2540 prosequar.
518 2500 692 2532 Hamus.
732 2502 872 2543 Perferre

214 2553 315 2588 potest
330 2548 398 2590 capi
411 2559 463 2590 pro
479 2549 619 2590 exsequi.
644 2555 679 2580 ut
692 2550 772 2580 Plin.
784 2551 870 2581 xviii.

215 2607 245 2627 c.
262 2596 307 2628 iii.
324 2597 363 2628 de
376 2597 562 2629 Cincinnato
578 2598 660 2629 nudo
672 2605 794 2630 arante:
814 2601 872 2631 Cui

214 2647 320 2682 viator,
336 2647 401 2677 vela
415 2658 530 2686 corpus,
547 2650 653 2688 inquit,
668 2655 701 2679 ut
723 2649 872 2691 perferam

215 2693 341 2726 Senatus
368 2696 533 2737 populique
560 2697 687 2728 Romani
716 2700 870 2729 mandata.

213 2743 258 2774 sic
274 2744 332 2775 scri
356 2745 390 2780 ti,
406 2756 466 2776 non
479 2747 641 2788 prqseram.
687 2748 805 2778 ΒυηΜ.

262 2787 290 2817 l.
349 2794 360 2817 t
383 2788 467 2829 tibi]
494 2789 586 2821 Initio
609 2789 700 2832 hujus
723 2790 870 2832 Epistolae

940 1623 1045 1643 rursus
1060 1611 1222 1644 audiamus
1238 1612 1364 1654 ingenia
1383 1620 1601 1646 correctorum.

939 1661 983 1693 sic
997 1661 1092 1703 igitur
1106 1662 1153 1692 illi
1167 1674 1174 1692 ε

986 1713 1076 1748 Emi,
1102 1714 1194 1752 inops,
1211 1719 1377 1753 contempta
1398 1724 1471 1744 novo
1494 1714 1603 1745 RIedea

1067 1763 1175 1791 marito

1027 1810 1132 1841 Dicit:
1156 1823 1196 1841 an
1211 1823 1229 1841 α
1250 1813 1352 1853 regnis
1368 1818 1496 1852 tempora
1514 1813 1602 1843 nulla

1068 1866 1176 1890 vacant
1187 1861 1199 1889 ?

941 1908 981 1939 Et
1003 1907 1156 1939 hactenus
1180 1909 1306 1950 quidem
1329 1914 1489 1950 utcunque
1513 1916 1602 1941 erant

941 1956 1070 1993 ferendi,
1087 1967 1170 1988 nunc
1185 1957 1277 1988 nimis
1300 1956 1497 1999 impudenter
1512 1958 1601 2000 inep-

940 2006 1033 2036 tiunt.
1057 2012 1206 2049 praeterea
1219 2008 1259 2037 At
1270 2009 1324 2038 tibi
1336 2007 1513 2038 Puteaneus
1528 2019 1599 2039 cum

941 2055 1010 2086 aliis
1024 2056 1190 2087 nonnullis.
1219 2057 1346 2097 optime.
1390 2057 1441 2087 Ita
1455 2057 1537 2087 enim
1553 2057 1600 2088 in-

940 2103 1105 2145 dignantes
1123 2111 1176 2136 aut
1192 2106 1340 2136 mirantes
1362 2105 1601 2137 exordiebantur

939 2153 1135 2195 plerumque.
1182 2154 1296 2185 Noster
1320 2154 1385 2196 ipse
1413 2154 1524 2186 Amor.
1552 2154 1598 2186 iii.

939 2202 1027 2233 initio
1043 2203 1172 2244 Elegiae.
1191 2203 1246 2233 vii.

983 2252 1025 2281 At
1041 2252 1234 2293 masor-mosa
1250 2258 1302 2288 est,
1317 2259 1348 2282 at
1364 2264 1421 2282 non
1435 2253 1504 2283 bene
1513 2254 1597 2283 culta

1064 2302 1169 2340 puella
1183 2313 1192 2331 .-

1025 2350 1065 2379 At
1078 2356 1150 2388 puto
1161 2361 1219 2379 non
1234 2351 1306 2380 votis
1320 2360 1392 2389 serpe
1405 2352 1498 2389 petita
1514 2352 1596 2380 meis.

940 2398 1086 2429 Horatius
1101 2398 1189 2429 initio
1204 2398 1305 2440 Epod.
1322 2410 1354 2429 v.

983 2449 1023 2477 At
1040 2448 1055 2477 ὁ
1073 2448 1201 2478 Deorum
1218 2449 1358 2488 quicquid
1373 2449 1404 2478 in
1421 2449 1489 2478 caelo
1504 2449 1598 2490 regit!

941 2497 1002 2527 L'bi
1027 2496 1090 2526 vid.
1106 2497 1314 2528 Torrentium.
1359 2497 1473 2538 Virgil.
1491 2498 1544 2530 lib.
1561 2498 1595 2529 ii.

941 2545 1070 2576 AEneid.
1089 2547 1164 2576 535.

984 2595 1023 2624 Ac
1039 2596 1091 2624 tibi
1101 2606 1154 2634 Jrro
1167 2596 1273 2625 scelere
1288 2596 1442 2631 eiclamat,
1456 2606 1510 2634 pro
1525 2597 1594 2626 tali-

1025 2645 1076 2673 bus
1091 2645 1181 2679 ausis,

984 2692 1036 2728 Di,
1052 2694 1076 2723 si
1098 2704 1156 2733 qua
1171 2700 1210 2724 est
1227 2695 1294 2724 ca‘lo
1317 2696 1421 2733 pietas,
1437 2706 1498 2734 quae
1520 2696 1594 2724 talia

1024 2748 1119 2778 curet,

985 2791 1158 2822 Per-solvant
1173 2793 1291 2823 meritas
1305 2796 1416 2833 grates.
