1849 3198
664 248 1007 295 HEROIDES.
1040 251 1132 292 ΕΡ.
1165 251 1302 294 VIII.

1591 254 1675 295 103

289 363 431 414 Flere
455 366 572 414 licet
597 372 759 413 certe:
799 366 964 413 flendo
988 366 1310 415 diffundimus
1336 368 1486 416 iram:

353 443 552 508 Perque
578 444 739 490 sinum
770 443 1001 499 lacrimae,
1029 443 1244 491 fluminis
1272 445 1441 502 instar,
1468 452 1604 494 eunt.

286 517 393 567 Has
419 521 547 568 solas
573 521 732 567 habeo
757 535 969 584 semper,
998 536 1296 585 semperque
1320 522 1592 586 profundo:

351 597 574 645 Hument
597 598 795 644 incultae
821 597 955 645 fonte
981 615 1198 661 perenne
1223 616 1379 661 genae.

283 674 393 722 Hoc
419 675 613 738 generis
639 675 755 730 fato,
783 676 918 738 quod
943 684 1135 723 nostros
1161 685 1291 724 errat
1315 678 1364 724 in
1390 693 1559 735 annos,
1604 682 1666 727 65

348 752 633 800 Tantalides
659 759 841 799 matres
867 760 984 816 apta
1006 753 1180 817 rapina
1203 771 1391 801 sumus.

282 828 397 876 Non
421 846 514 892 ego
539 829 758 876 fluminei
783 829 992 876 referam
1016 831 1278 878 mendacia
1301 831 1450 894 cygni
1470 848 1478 879 :

346 907 455 954 Nec
483 923 660 970 querar
684 907 734 954 in
759 907 941 971 plumis
966 908 1223 956 delituisse
1248 908 1277 955 J
1283 925 1440 956 ovem.

277 983 390 1038 Qua
414 985 512 1031 duo
536 992 793 1048 porrectus
818 985 964 1047 longe
990 984 1116 1033 freta
1139 985 1344 1033 distinet
1369 985 1603 1042 Isthmos,

340 1061 501 1109 Vecta
523 1063 796 1126 peregrinis
823 1062 1162 1127 Hippodamia
1185 1063 1320 1110 rotis.

315 1218 369 1247 61.
396 1217 606 1259 Diffundimus
620 1216 728 1257 iram]
760 1217 848 1248 Flere
864 1218 932 1248 licet

270 1273 361 1297 certe.
407 1266 522 1297 Flendu
545 1266 747 1308 diffundimus
777 1268 864 1296 iram.
887 1266 930 1297 sic

268 1314 467 1355 distinguunt
501 1315 653 1346 mehores.
683 1322 714 1346 et
749 1317 848 1346 sinum
881 1326 928 1346 se-

270 1365 379 1406 quenti
409 1375 498 1395 versu
532 1364 627 1396 iidem
656 1372 840 1406 agnoscunt.
871 1365 928 1396 nisi

270 1413 447 1455 malisflere
463 1416 544 1444 libet.
589 1414 684 1445 Trist.
702 1414 748 1445 iii.
766 1415 799 1446 ii.
815 1415 837 1446 i.
854 1416 886 1446 9.

399 1464 456 1495 Nil
470 1465 612 1505 nisiflere
627 1465 708 1495 libet.

269 1513 307 1544 In
322 1514 482 1545 Puteaneo
497 1520 554 1550 est,
570 1514 775 1556 defundimus.
821 1514 926 1544 Hem-

266 1576 347 1595 srcs.
388 1565 462 1595 Non
475 1564 664 1595 movendum
679 1563 757 1593 illud
763 1564 843 1605 flere
859 1566 927 1595 lit-ec

267 1620 358 1644 certe.
383 1613 458 1654 quia
479 1623 541 1643 non
559 1612 634 1643 licet
655 1623 740 1643 arma
761 1623 871 1654 capere
894 1619 926 1644 et

265 1674 340 1694 ense
367 1663 524 1694 vindicare
551 1662 700 1698 dolorem,
725 1663 807 1704 quod
836 1663 924 1694 virile

265 1719 323 1749 est,
352 1712 464 1743 saltem
492 1711 657 1742 muliebria
691 1722 778 1742 arma
804 1722 923 1748 moveo,

265 1772 336 1804 quae
361 1766 434 1792 sunt
452 1761 608 1799 lacrimae3
637 1767 715 1790 certe
742 1760 791 1791 hic
816 1766 861 1791 est
884 1762 923 1792 ad

263 1811 437 1846 minimum,
453 1810 575 1845 saltem,
592 1815 625 1840 ut
640 1809 724 1851 apud
742 1809 922 1840 Terentium

262 1865 295 1892 et
309 1860 386 1892 alios
400 1860 531 1891 centies.
578 1859 609 1889 Si
624 1861 703 1889 illud
725 1870 794 1900 ergo
811 1872 866 1890 non
884 1862 920 1890 Ii-

260 1916 318 1945 cet,
345 1911 448 1940 saltem
473 1910 525 1939 hoc
548 1909 657 1944 licebit,
687 1914 722 1938 ut
748 1908 780 1938 in
804 1909 867 1939 alia
888 1920 920 1940 re

261 1959 427 1990 Terentius
444 1958 498 1989 ait.
516 1957 559 1988 iv.
587 1958 668 1988 Eun.
687 1959 717 1988 2.
741 1969 842 1999 neque
858 1959 919 2000 dif-

250 2008 391 2050 fundere
405 2008 561 2050 displicet,
578 2008 661 2048 quod
676 2007 759 2038 idem
773 2013 818 2037 est
834 2008 918 2048 quod

260 2058 412 2094 minuere,
430 2057 461 2087 iu
476 2057 613 2087 diversas
635 2062 738 2098 partes
760 2056 918 2087 fundendo

257 2107 434 2138 exhaurire.
465 2117 536 2137 nam
560 2106 726 2148 defundere
747 2111 824 2147 puto
849 2117 916 2137 esse

258 2157 388 2188 sundere
403 2167 441 2188 ex
457 2165 575 2198 patera,
590 2155 640 2186 vel
663 2155 755 2186 simili
770 2167 801 2186 re
817 2155 916 2197 liquo-

258 2217 334 2242 rem,
356 2206 389 2236 in
414 2205 500 2236 aliud
521 2216 575 2236 vas
591 2205 639 2235 vel
664 2205 767 2235 locum
789 2204 916 2237 inferius

256 2256 405 2297 positum,
422 2255 594 2297 diffundere
608 2260 655 2285 est
669 2254 713 2284 ita
729 2254 868 2290 fundere,
881 2262 915 2287 ut

256 2304 323 2347 ipse
335 2305 437 2346 liquor
450 2309 568 2346 pereat,
580 2303 709 2334 diversis
720 2302 795 2333 locis
810 2304 913 2343 fusus,

254 2360 287 2385 et
301 2354 373 2385 hinc
389 2353 536 2384 translate
552 2359 598 2383 est
609 2352 760 2383 minuere.
785 2360 815 2384 et
830 2353 912 2385 idem

256 2403 305 2434 hic
321 2403 397 2434 dicit
413 2402 495 2445 quod
511 2403 542 2433 in
556 2402 726 2432 Tristibus:

300 2453 446 2493 Erpletui·
460 2454 599 2493 lucrymis
614 2454 802 2493 egeriturque
817 2455 911 2484 dulor.

253 2503 302 2533 Ita
325 2502 496 2544 diffundere
518 2503 661 2537 animum,
678 2503 805 2537 Tullum,
829 2504 909 2532 duln-

252 2564 312 2583 rem
333 2558 364 2583 et
387 2551 501 2581 similia
519 2551 558 2582 de
577 2551 689 2592 quibus
714 2550 776 2581 vid.
798 2552 906 2582 Barth.

251 2601 292 2633 ad
317 2602 397 2632 Stat.
424 2600 458 2631 ii.
483 2600 582 2631 Theb.
607 2601 680 2630 213.
705 2601 842 2630 Broukh.
868 2601 907 2631 ad

249 2650 369 2681 Tibull.
386 2650 408 2680 i.
424 2650 456 2680 ii.
472 2651 503 2680 3.
549 2650 693 2681 Ceterum
711 2649 790 2679 male
806 2650 907 2690 Egna-

248 2700 312 2731 tius
327 2700 386 2730 huc
400 2699 572 2741 diffusiones
583 2701 699 2730 dierum
715 2699 818 2729 refert.
836 2709 907 2730 nam

250 2748 372 2790 diffissus
387 2750 458 2783 dies,
473 2753 505 2778 et
519 2747 690 2789 diffissiones
703 2749 829 2783 dierum,
839 2758 906 2778 esse

250 2797 429 2839 legendum,
442 2798 506 2839 jam
523 2797 576 2828 diu
591 2804 635 2828 est
652 2797 734 2838 quod
751 2797 805 2827 viri
822 2797 905 2828 docti

1599 1068 1662 1111 70

999 1217 1214 1249 ostenderunt.
1252 1216 1323 1249 vide
1361 1218 1500 1249 Gronov.
1539 1217 1579 1249 ad
1615 1218 1658 1249 A.

999 1267 1088 1298 Gell.
1104 1268 1168 1298 xiv.
1185 1269 1218 1298 2.
1264 1268 1383 1298 Bmm.

1032 1317 1084 1347 66.
1102 1317 1276 1347 Tantalides
1289 1317 1411 1357 omnes]
1430 1316 1546 1347 Matres
1560 1316 1656 1358 scrip-

997 1365 1033 1396 ti.
1057 1365 1115 1396 hoc
1144 1371 1192 1396 est
1219 1371 1367 1396 matronae
1395 1365 1445 1396 vel
1468 1370 1587 1407 nuptae.
1612 1365 1656 1396 sic

997 1415 1191 1446 Dardanides
1211 1421 1319 1446 matres
1342 1414 1483 1456 Epistola
1508 1414 1652 1445 Helenae.

993 1464 1115 1496 mes.

1037 1515 1089 1545 69.
1115 1515 1183 1549 Qua
1207 1516 1265 1544 duo
1286 1520 1441 1554 porrectus
1465 1514 1551 1555 longe
1563 1513 1655 1555 freta

992 1565 1116 1594 distinet
1132 1563 1266 1599 Isthmos,
1287 1563 1374 1593 Vecta
1387 1564 1557 1604 peregrinis
1574 1563 1652 1602 Hip-

988 1614 1127 1650 podamia
1146 1612 1248 1653 rotis]
1275 1613 1349 1642 Duo
1364 1617 1436 1642 sunt
1451 1611 1652 1648 advertenda,

992 1667 1023 1692 et
1044 1662 1128 1703 quod
1150 1662 1231 1692 male
1255 1661 1379 1692 codices
1394 1671 1500 1691 omnes
1522 1661 1650 1697 habent,

991 1712 1114 1747 detinet,
1129 1722 1202 1742 cum
1223 1713 1345 1742 distinet
1365 1710 1460 1741 dubio
1481 1711 1586 1751 procul
1603 1711 1649 1741 le-

990 1760 1128 1800 gendum
1152 1759 1203 1796 sit,
1226 1760 1309 1801 quod
1333 1759 1435 1801 quivis
1457 1759 1507 1790 vel
1532 1759 1650 1790 medio-

990 1809 1081 1839 criter
1109 1809 1219 1840 doctus
1251 1809 1411 1839 advertat:
1450 1814 1481 1838 et
1509 1808 1584 1849 quid
1611 1808 1652 1839 sit

987 1858 1079 1894 illud,
1096 1858 1180 1900 quod
1196 1865 1332 1889 eiternas
1348 1864 1428 1888 rotas
1442 1856 1474 1888 in
1486 1857 1648 1899 Hippoda-

989 1908 1051 1938 mia
1067 1908 1118 1939 hic
1134 1908 1218 1939 dicat
1230 1906 1375 1939 Ovidius.
1421 1907 1488 1938 Nos
1502 1917 1565 1937 rem
1578 1918 1647 1937 eru-

988 1957 1059 1987 ditis
1075 1957 1167 1988 etiam
1190 1968 1251 1987 non
1273 1955 1381 1998 paucis
1399 1955 1537 1997 ignotam
1559 1955 1645 1986 brevi

987 2005 1224 2047 explicabimus,
1240 2017 1278 2036 ex
1294 2005 1429 2036 Pindaro
1445 2005 1477 2035 in
1493 2004 1600 2047 primis
1615 2011 1646 2036 et

984 2054 1162 2096 Apolloni0‚
1178 2055 1231 2096 qui
1247 2066 1317 2086 cum
1340 2055 1559 2095 interpretibus
1582 2054 1645 2085 suis

984 2105 1158 2146 prodidere,
1170 2104 1412 2147 Hippodamiam
1424 2103 1504 2134 inter
1519 2115 1644 2135 curren-

984 2154 1058 2184 dum
1074 2154 1175 2185 alieno
1187 2165 1288 2190 curru,
1300 2154 1332 2184 id
1348 2159 1394 2183 est
1406 2163 1579 2195 procorum,
1589 2154 1642 2194 qui

983 2213 1055 2233 cum
1070 2214 1107 2234 ea
1122 2214 1214 2234 cursu
1230 2204 1401 2239 certabant,
1419 2213 1485 2233 esse
1502 2209 1640 2234 vectam:

982 2252 1066 2283 unde
1091 2259 1122 2283 et
1146 2253 1203 2283 hoc
1225 2252 1256 2282 iu
1280 2252 1348 2283 loco
1370 2254 1544 2293 peregrinus
1564 2260 1643 2283 rotas

982 2302 1106 2344 Pelopis
1122 2313 1244 2333 currum
1256 2301 1424 2337 intellexit,
1436 2312 1498 2342 quo
1508 2302 1641 2332 donatus

980 2352 1032 2383 ille
1043 2352 1117 2383 olim
1130 2362 1148 2382 a
1161 2353 1309 2393 Neptuno
1320 2357 1365 2382 est
1381 2350 1413 2381 in
1429 2351 1541 2381 amoris
1556 2362 1639 2381 com-

978 2401 1204 2442 pensationem.
1242 2401 1427 2431 lios-Anus.
1472 2400 1511 2430 In
1536 2400 1637 2442 Epist.

978 2450 1135 2480 Phaedrae:

1020 2500 1153 2539 AEquora
1168 2500 1237 2529 bina
1259 2500 1319 2529 suis
1340 2506 1511 2539 oppugnant
1527 2500 1637 2540 flucti-

1103 2550 1155 2578 bus
1171 2548 1314 2583 Isthmon,

1063 2597 1103 2628 Et
1130 2600 1228 2628 tenuis
1253 2599 1343 2628 tellus
1362 2599 1449 2628 audit
1478 2605 1636 2638 utrumque

1091 2647 1227 2688 fretum.

975 2697 1015 2727 Et
1030 2697 1153 2728 Medeae
1167 2709 1172 2726 :

1019 2747 1136 2787 Quique
1159 2749 1249 2777 maris
1270 2748 1381 2788 gemini
1405 2748 1526 2777 distinet
1554 2744 1631 2775 Isch-

1100 2807 1157 2825 mox
1173 2797 1283 2836 ruptas?

1065 2850 1136 2879 114
