1849 3198
220 187 306 229 292
611 186 660 226 P.
696 185 908 227 OVIDII
944 185 1225 227 NASONIS

228 301 336 350 Nec
362 302 553 365 loquor,
581 309 632 349 et
653 308 789 349 tecto
815 302 1074 349 simulatur
1098 301 1283 348 lumine
1309 316 1540 360 somnus;

295 380 598 443 Captantem
622 386 788 427 tactus
813 379 1084 443 rejicioque
1108 394 1328 426 manum.
1521 382 1619 426 200

228 456 461 519 Ingemit,
489 463 540 504 et
562 456 715 504 tacito
737 457 953 520 suspirat
977 462 1208 519 pectore:
1248 471 1431 519 meque

296 533 571 589 Offensam,
599 533 826 597 quamvis
852 549 949 579 non
976 538 1238 588 mereatur,
1266 533 1433 580 habet.

226 609 327 658 Hei
352 610 488 666 mihi,
516 611 651 673 quod
676 611 881 673 gaudes,
909 617 959 657 et
983 618 1032 657 te
1050 611 1194 672 juvat
1217 610 1314 657 ista
1335 610 1584 674 voluptas!

297 686 393 735 Hei
419 687 555 742 mihi,
584 687 720 750 quod
745 703 921 734 sensus
948 702 1058 733 sum
1081 686 1173 733 tibi
1198 686 1331 734 fassa
1354 687 1518 734 meos!

231 765 285 813 Si
310 764 430 812 mihi
455 764 626 826 lingua
649 763 803 819 foret3
843 770 896 809 tu
922 763 1092 810 nostra
1112 764 1297 826 justius
1322 764 1412 819 ira,
1523 767 1620 811 205

297 840 395 895 Qui
420 840 539 887 mihi
565 840 808 888 tendebas
834 839 972 895 retia,
999 840 1179 902 dignus
1205 856 1329 888 eras.

232 918 436 974 Scribis,
465 925 519 965 ut
543 917 812 965 invalidum
836 916 985 963 liceat
1008 916 1098 963 tibi
1123 917 1282 964 visere
1307 933 1504 980 corpus.

298 994 366 1042 Es
392 995 564 1059 procul
591 1011 619 1041 a
643 993 814 1041 nobis:
855 1000 905 1039 et
929 1000 1096 1040 tamen
1122 993 1235 1041 inde
1261 1010 1427 1041 noces.

231 1070 468 1127 Mirabar,
497 1087 652 1134 quare
677 1070 766 1117 tibi
792 1086 972 1116 nomen
998 1069 1240 1117 Acontius
1266 1078 1427 1119 esset:

298 1148 443 1202 Quod
470 1148 618 1195 faciat
642 1149 786 1209 longe
812 1147 1004 1201 vulnus,
1034 1163 1243 1194 acumen
1263 1149 1434 1194 habes,
1523 1149 1620 1193 210

228 1362 301 1392 gere
319 1352 437 1394 possint
453 1353 526 1394 regri
543 1351 575 1382 in
590 1353 704 1383 laevum
725 1352 890 1382 inclinatos

229 1411 296 1431 esse
313 1401 415 1438 decet,
430 1407 461 1432 et
476 1412 548 1432 cum
565 1406 757 1437 aversantur,
770 1400 802 1431 in
815 1400 891 1431 dex-

228 1457 323 1481 trum.
348 1461 551 1493 quamquam,
577 1456 612 1481 ut
635 1456 719 1481 recte
741 1450 894 1491 Micyllus

230 1499 402 1536 adnotavit,
420 1499 471 1531 hic
486 1506 586 1530 status
609 1511 663 1542 pro
678 1498 780 1541 positu
796 1499 892 1530 lecto-

229 1558 298 1578 rum
313 1547 453 1580 diversus
467 1559 534 1579 esse
548 1553 660 1591 potest.
684 1554 715 1578 et
728 1548 798 1578 ideo
815 1547 892 1578 nihil

231 1603 384 1627 mutarem
414 1598 532 1638 absque
570 1597 692 1638 scriptis
718 1596 891 1627 codicibus.

229 1652 329 1676 vertor
344 1645 481 1677 malebat
498 1645 660 1677 Francius.
690 1652 808 1676 avertar
820 1646 892 1676 olim

229 1701 404 1726 correxerat
418 1694 581 1726 Heinsius.
607 1695 725 1725 Bmm.

273 1744 350 1775 203.
375 1745 407 1774 Si
421 1744 503 1780 mihi,
520 1746 595 1784 quod
610 1746 738 1785 gaudes:
764 1743 796 1773 Si
811 1744 892 1779 mihi,

229 1795 305 1835 quod
318 1805 427 1830 sensus,
441 1794 501 1824 Sto.
533 1794 565 1823 Si
576 1794 646 1824 mihi
660 1792 889 1835 Iinguajbret]

230 1843 391 1885 Repetitio
408 1843 536 1885 quidem
551 1843 630 1879 haec,
655 1842 789 1872 Schema
803 1842 891 1872 Rhe-

230 1892 361 1923 toricum
377 1898 435 1924 est.
482 1891 542 1922 Sed
558 1891 627 1933 ipsa
640 1890 738 1922 oratio
750 1891 892 1926 obscura,

229 1941 295 1972 sive
316 1942 510 1977 defectuosa,
529 1946 559 1971 et
576 1940 742 1971 Ovidianae
758 1940 892 1970 dissimi-

230 1988 281 2020 lis.
328 1988 414 2026 Quid
440 1989 524 2019 enim
539 1989 710 2019 referamus
734 1989 773 2019 ad
792 1988 894 2029 priora

231 2037 293 2068 duo
303 2044 467 2074 commata,
478 2038 511 2067 Si
528 2038 620 2067 mihi?
644 2037 703 2068 nisi
715 2037 739 2068 si
754 2037 798 2073 id,
809 2038 892 2078 quod

231 2086 263 2117 in
279 2086 370 2117 tertio
382 2097 472 2117 versu
490 2086 639 2128 sequitur,
657 2086 780 2128 Lingua
793 2086 892 2127 jin-et,

231 2135 293 2166 illis
307 2136 418 2166 iisdem
436 2135 684 2178 applicabimus:
709 2141 744 2166 ut
758 2135 798 2165 sit
819 2146 890 2166 sen-

231 2195 294 2220 sus,
312 2185 344 2214 Si
359 2185 430 2214 mihi
445 2185 664 2226 lingzzafhv·ec:
687 2194 752 2225 pro,
768 2183 794 2214 si
817 2185 893 2214 mihi

231 2232 401 2264 dicendum
425 2232 476 2268 sit,
499 2232 582 2273 quod
606 2232 734 2273 gaudes,
757 2233 815 2264 Sec.
861 2234 893 2263 Si

232 2283 305 2313 mihi
329 2283 435 2323 lingua
449 2283 548 2324 jbret,
566 2281 630 2312 sive
654 2282 822 2312 dicendum
842 2282 892 2319 sit,

232 2331 317 2373 quod
342 2342 450 2362 sensus
472 2341 540 2361 sum
555 2330 612 2362 tibi
629 2331 731 2372 sassa,
753 2331 813 2362 &c-
860 2332 891 2362 Si

232 2380 308 2411 mihi
325 2379 493 2411 dicendum
515 2379 555 2411 sit
571 2380 710 2421 inquam,
729 2386 761 2411 tu
777 2380 892 2422 justius

232 2436 336 2462 nostra
356 2430 403 2460 ira
417 2429 530 2470 dignus
545 2440 624 2466 eraS,
644 2430 703 2461 Sec.
750 2430 800 2461 Ita
822 2430 891 2472 qui-

230 2480 302 2511 dem
330 2478 541 2520 qualicunque
572 2478 662 2510 modo
686 2479 797 2521 exponi
823 2480 890 2511 haec

231 2534 393 2571 poterunt:
418 2528 473 2558 sed
489 2539 583 2570 quam
600 2534 671 2569 apte
687 2528 725 2559 ad
742 2529 807 2560 liaec
824 2530 891 2571 ipsa

233 2579 327 2609 verba
342 2578 561 2620 respondeant,
580 2584 633 2610 aut
646 2578 809 2619 quadrent,
822 2581 888 2621 qui-

233 2627 278 2658 vis
293 2637 353 2657 non
367 2626 492 2658 omnino
508 2626 649 2658 indoctus
662 2627 765 2658 videre
778 2635 888 2669 potest.

232 2677 337 2712 Quare
355 2676 421 2706 haec
446 2676 489 2706 ita
504 2675 534 2706 in
551 2675 652 2706 medio
668 2675 888 2718 relinquamus,

229 2726 294 2755 sive
319 2736 335 2754 a
356 2725 448 2755 Poeta
472 2725 513 2755 ita
534 2724 738 2766 s‹·ri1‘›tn‚sive
763 2726 887 2758 aliunde

961 1351 1086 1387 inserta,
1111 1361 1147 1382 ac
1177 1350 1298 1381 vitiata.
1323 1350 1514 1380 MichLus.
1560 1349 1618 1380 Lo-

960 1410 1015 1430 cus
1030 1405 1202 1442 corruptus.
1248 1399 1279 1429 Si
1295 1411 1339 1429 me.
1356 1398 1558 1440 digna-finem
1574 1408 1620 1429 ar-

961 1454 1034 1489 gute
1054 1448 1138 1479 idem
1163 1447 1415 1489 elegantissimus
1435 1447 1621 1478 Gronovius.

962 1497 1138 1528 Parmensis
1148 1496 1254 1532 editio,
1269 1498 1309 1527 At
1324 1497 1397 1527 mihi
1407 1496 1620 1538 Lingua-foret.

960 1547 1082 1578 Hssst.

1003 1598 1078 1628 209.
1112 1597 1227 1627 Nomen
1254 1598 1399 1626 Acontius
1422 1595 1523 1636 esset]
1546 1595 1621 1636 [Ego

961 1646 1027 1676 haec
1043 1646 1105 1677 duo
1125 1646 1260 1676 disticha
1280 1645 1387 1687 inepta
1410 1652 1442 1676 et
1465 1644 1622 1676 Ovidiana

961 1695 1119 1736 elegantia
1134 1701 1165 1725 et
1180 1693 1299 1735 judicio
1318 1694 1412 1735 plane
1426 1693 1567 1735 indigna,
1590 1700 1622 1725 et

960 1743 1025 1774 sine
1042 1744 1106 1774 ullo
1122 1742 1265 1774 acumine
1279 1753 1345 1773 esse
1356 1742 1478 1784 judico.
1524 1743 1619 1773 Sanc-

962 1792 1117 1834 tioresque
1140 1798 1172 1822 et
1197 1791 1378 1832 integriores
1403 1791 1518 1822 Poetas
1546 1791 1619 1822 reli-

961 1842 1044 1883 giose
1061 1843 1099 1873 ab
1116 1841 1249 1872 inficetis
1263 1841 1326 1872 illis
1348 1840 1564 1872 adlusionibus
1580 1841 1620 1872 ad

962 1891 1088 1922 nomina
1096 1889 1219 1932 propria
1234 1889 1419 1920 abstinuisse
1429 1890 1553 1931 egregie
1567 1889 1619 1920 do-

961 1946 1011 1970 cet
1026 1940 1137 1970 Barth.
1148 1939 1188 1970 ad
1204 1939 1317 1970 Claud.
1333 1938 1378 1969 iii.
1391 1939 1486 1970 Cons.
1500 1939 1619 1970 Honor.

960 1989 1122 2031 principio.
1151 1995 1184 2019 et
1211 1988 1300 2018 xlvii.
1332 1988 1404 2019 adr.
1430 1998 1501 2030 cap.
1532 1987 1564 2019 ii.
1589 1996 1621 2019 et

961 2038 1059 2068 multa
1074 2037 1106 2068 in
1128 2038 1209 2068 hanc
1232 2048 1296 2068 rem
1312 2036 1438 2077 collegit
1453 2038 1622 2079 Menagius

960 2086 992 2117 in
1006 2086 1215 2117 Antibailleto
1229 2097 1285 2117 suo
1299 2091 1376 2116 tom.
1393 2085 1415 2116 i.
1434 2096 1504 2128 cap.
1518 2085 1618 2117 xlviii.

962 2137 1014 2167 ubi
1044 2143 1173 2167 excusat
1201 2135 1397 2171 allusionem,
1426 2146 1521 2177 quam
1554 2135 1619 2178 ipse

960 2185 1176 2227 epigrammati
1203 2185 1328 2216 cuidam
1355 2184 1536 2216 incluserat.
1567 2196 1621 2216 ex-

960 2235 1064 2277 empla
1078 2235 1273 2277 quorundam
1288 2234 1469 2265 Graecorum
1485 2240 1517 2265 et
1532 2235 1619 2266 Lati-

960 2281 1067 2315 norum
1103 2283 1234 2314 adduxit
1264 2283 1358 2314 etiam
1387 2283 1543 2315 Columna
1579 2285 1619 2315 ad

960 2333 1051 2364 Ennii
1061 2332 1314 2363 Andromachen.
1326 2343 1397 2374 pag.
1409 2333 1482 2363 240.
1496 2333 1551 2364 sed
1567 2340 1621 2364 aut

959 2383 1093 2419 ridiculi,
1131 2388 1185 2413 aut
1218 2381 1372 2424 opprobrii
1409 2392 1519 2413 caussa
1556 2383 1619 2414 fere

960 2438 1108 2473 usurpata
1135 2431 1276 2461 videbis:
1307 2430 1339 2461 in
1364 2430 1450 2472 gravi
1475 2431 1558 2462 enim
1588 2438 1620 2463 et

958 2480 1036 2512 serio
1054 2481 1195 2522 poemate
1211 2480 1314 2511 nullus
1329 2480 1377 2511 his
1392 2479 1517 2522 ineptiis
1532 2481 1619 2512 locus

958 2541 1024 2562 esse
1060 2530 1167 2560 debet.
1211 2529 1242 2560 in
1279 2528 1470 2570 Anthologia
1506 2530 1619 2561 Graeca

958 2579 1102 2621 quaedam
1129 2584 1293 2610 occurrunt
1329 2578 1420 2620 hujus
1455 2584 1549 2609 notae.
1583 2585 1617 2610 ut

957 2629 1013 2659 lib.
1030 2628 1062 2659 ii.
1078 2639 1146 2670 cap.
1158 2630 1188 2658 5.

1002 2677 1140 2712 Χείλων,
1151 2678 1203 2707 καὶ
1217 2676 1349 2718 λείχων,
1360 2676 1414 2707 'loa
1432 2676 1616 2718 γράμματα,

1042 2728 1072 2763 ἐς
1087 2739 1113 2757 τι
1131 2726 1160 2757 δὲ
1178 2728 1272 2757 τοῦτο
1286 2739 1293 2758 ;
