1849 3198
599 241 942 285 HEROIDES.
977 242 1069 283 ΕΡ.
1104 242 1194 284 ΙΧ.

1509 245 1594 287 115

207 357 432 406 Eximias
457 374 681 422 pompas,
709 355 958 420 praeconia
980 371 1174 404 summa
1202 358 1454 423 triumphi,

273 435 525 498 Factaque
550 435 781 481 narrabas
807 432 1166 481 dissimulanda
1188 436 1295 483 tibi.

207 512 410 560 Scilicet
433 513 672 559 immanes
697 510 829 557 elisis
854 508 1079 556 faucibus
1104 511 1289 573 hydros

1524 516 1586 561 85

271 589 517 637 Infantem
541 589 680 635 cunis
705 585 970 634 involiiisse
994 588 1228 634 manum?

204 739 312 769 quens,
328 727 460 769 margini
485 733 532 758 est
554 726 722 768 adjectum,
739 725 771 755 in
797 724 862 766 ipso

203 784 350 808 contextu
363 788 425 808 non
437 782 575 820 apparet.
590 777 765 807 Hmssirs.
789 775 862 806 Non

203 832 265 856 tam
289 826 379 857 facile
403 825 581 857 damnanda
604 825 740 855 disticha
761 830 792 855 et
806 823 861 865 eji-

202 875 314 906 cienda
336 875 477 907 arbitror.
522 875 591 909 Hoc
611 874 774 905 Ovidianae
798 874 861 905 ele·

202 925 317 965 gantiae
341 925 417 956 mihi
439 925 514 956 satis
535 923 698 956 convenire
726 923 860 960 videtur,

202 974 228 1004 si
252 974 343 1005 modo
367 985 405 1005 ex
430 974 537 1006 codice
559 974 643 1016 regio
668 979 862 1016 pentameter

203 1022 248 1053 ita
263 1022 486 1054 constituatur:

247 1073 326 1103 Ante
337 1074 423 1112 pedes
438 1075 560 1104 dominer
573 1074 760 1112 procubuisse
775 1079 847 1103 tuae.

204 1122 242 1152 In
268 1122 356 1164 cujus
380 1123 485 1153 locum
507 1122 586 1153 alius
610 1122 803 1154 adulterinus
823 1133 861 1153 ex

203 1181 283 1201 vers.
301 1171 353 1201 74.
371 1172 521 1202 conflatus
541 1177 572 1202 et
586 1171 698 1213 partim
713 1171 862 1213 repetitus

204 1219 326 1255 invasit,
343 1228 374 1250 et
388 1231 407 1251 a
423 1221 507 1251 mala
529 1231 624 1252 manu
646 1221 782 1251 intrusus
801 1226 860 1251 est.

204 1269 265 1310 Ep.
284 1268 342 1299 xii.
362 1270 434 1300 186.

249 1317 313 1348 Nec
345 1330 442 1350 moror
479 1325 548 1350 ante
576 1326 641 1350 tuos
672 1320 862 1359 procubuisse

286 1369 385 1407 pedes.
699 1369 818 1399 Bunm.

247 1417 300 1447 83.
328 1417 452 1448 Eaimz'z's
466 1420 576 1459 pompis
588 1420 735 1458 praeconia
749 1429 862 1449 summa

205 1467 377 1507 triumphi]
405 1467 518 1508 Neque
536 1467 594 1498 hoc
616 1467 820 1509 repudiarem,
836 1468 862 1498 si

204 1526 243 1546 ex
258 1514 381 1557 optimis
395 1515 554 1547 codicibus
575 1515 620 1547 ita
638 1517 860 1548 constituatur:

249 1565 380 1595 Eximius
412 1577 541 1605 pompas,
578 1568 719 1597 immania
751 1568 862 1597 semina

331 1615 466 1651 laudum,

292 1662 443 1704 Factaque
473 1666 617 1696 narrabas
645 1666 862 1696 dissimulanda

331 1714 397 1744 tibi.

205 1761 325 1793 Ironice
354 1762 458 1793 omnia
485 1762 649 1804 capienda,
679 1769 713 1795 tu
741 1763 786 1794 ita
814 1762 861 1794 in·

204 1816 338 1842 structus
352 1811 484 1842 lanificae
500 1812 622 1843 ancillae
637 1813 747 1844 habitu
758 1823 862 1843 narra-

204 1859 260 1890 bas
275 1860 404 1891 eximias
418 1871 557 1902 pompas,
573 1862 645 1903 (per
659 1872 736 1903 quas
752 1863 861 1892 trium-

204 1909 274 1948 phos
292 1909 450 1951 intelligit,
467 1916 499 1940 et
520 1921 590 1951 quae
613 1922 673 1942 vox
699 1922 736 1942 ex
761 1911 864 1952 glossa

206 1963 281 1988 nata
293 1964 350 1989 est.
362 1958 428 1989 vid.
442 1959 463 1989 i.
479 1958 585 1990 Amor.
599 1959 632 1990 ii.
648 1960 721 2000 28.)
735 1971 804 2001 quae
815 1971 861 1990 se—

206 2008 291 2037 mina
313 2007 443 2038 laudum
470 2014 594 2039 tuarum
616 2015 698 2045 sunt,
715 2015 747 2040 et
769 2009 863 2046 facta,

206 2067 276 2098 quae
298 2067 405 2088 revera
429 2057 487 2089 tibi
511 2058 597 2089 nenti
612 2065 699 2090 erant
719 2059 864 2090 dissimu-

205 2105 312 2137 landa.
336 2106 380 2137 sic
405 2108 506 2138 laudes
529 2113 560 2138 et
583 2110 766 2149 triumphum
787 2119 861 2140 con-

202 2155 307 2196 jungit
318 2155 353 2186 ii.
376 2155 485 2187 Amor.
502 2156 546 2187 ix.
566 2157 614 2188 16.

249 2205 333 2235 Hinc
348 2206 402 2235 tibi
423 2217 490 2236 cum
510 2218 619 2248 magna
643 2207 732 2237 laude
754 2208 862 2236 trium-

287 2255 365 2293 phus
379 2260 440 2284 eat.

205 2302 279 2337 Vel,
305 2302 380 2344 quia
403 2305 545 2334 immania
567 2304 736 2345 praecessit,
761 2309 864 2345 posset

205 2351 286 2393 legi:

252 2401 384 2432 Eximias
401 2413 529 2442 pompas,
555 2410 584 2433 et
604 2404 726 2443 proemia
740 2413 863 2437 summa,

293 2452 467 2490 triumphos.
702 2452 820 2482 Bmm.

243 2500 295 2530 86.
312 2499 464 2542 Infantem
474 2499 555 2531 nuda
563 2501 737 2532 dilen-erasse
744 2501 863 2541 manu]

208 2549 308 2580 Locus
321 2549 586 2581 mendosissimus.
619 2550 797 2582 Puteaneus
812 2562 864 2592 op—

208 2598 303 2630 timus
315 2609 386 2630 cum
407 2599 518 2630 ceteris
541 2599 696 2642 plerisque
716 2606 864 2641 praestan-

209 2647 293 2678 tioris
303 2654 383 2679 notae
398 2661 404 2678 :
422 2648 577 2690 Infantem
593 2650 696 2679 caudis
711 2650 867 2680 int-eluisse

209 2708 342 2728 manum.
374 2708 444 2739 quae
473 2698 627 2740 scriptura
654 2698 794 2740 proxima
821 2704 868 2729 est

210 2757 302 2783 verae,
317 2747 362 2778 uti
377 2758 447 2779 mox
463 2747 648 2779 videbimus.
686 2747 762 2783 Alii,
778 2753 867 2789 prout

211 2794 343 2838 quisque
358 2795 610 2839 interpolatorum
628 2796 787 2828 licentiam
803 2807 867 2828 ma-

929 724 976 765 gis
991 726 1153 768 magisque
1177 732 1248 758 sunt
1269 726 1399 769 experti,
1415 738 1434 758 a
1450 727 1589 769 vestigiis

930 775 1117 806 Nasonianae
1143 786 1253 807 manus
1274 776 1398 817 longius
1423 777 1586 808 recedunt.

928 825 1082 856 Nonnulli
1111 837 1149 857 ex
1177 827 1303 857 minime
1331 827 1587 858 contemnendis:

929 874 1084 916 Infantem
1098 877 1184 906 cunis
1197 877 1355 906 involuisse
1368 887 1503 906 monam.
1518 876 1587 918 qui-

928 924 1015 956 dam:
1035 925 1189 967 Infantem
1201 927 1283 956 nuda
1295 927 1471 956 dilacerasse
1483 937 1587 957 manu.

927 975 1017 1006 Alter
1030 975 1260 1006 Mentelianus:
1286 975 1441 1017 Infantem
1465 977 1588 1006 viduum

927 1027 1103 1056 dilacerasse
1121 1037 1224 1057 manu.
1247 1025 1300 1056 alii
1324 1025 1426 1056 aliter.
1450 1025 1588 1057 scriben-

927 1075 1020 1106 dum:
1056 1075 1212 1115 Infantem
1235 1077 1320 1106 nodis
1341 1076 1500 1106 involiiisse
1523 1087 1587 1106 ma-

929 1130 1013 1149 num.
1038 1118 1115 1149 nihil
1132 1118 1243 1149 verius.
1268 1118 1300 1148 in
1315 1128 1378 1159 qua
1400 1118 1587 1150 correctione

929 1167 1006 1198 nihil
1022 1178 1040 1198 a
1054 1167 1242 1198 membranis
1252 1167 1365 1198 deflexi
1380 1166 1586 1208 castigatiori-

927 1217 997 1252 bus,
1017 1216 1157 1258 nihilque
1180 1216 1305 1258 permisi
1324 1216 1412 1253 mihi,
1428 1216 1487 1247 nisi
1502 1216 1587 1258 quod

929 1269 1012 1297 nodis
1040 1266 1163 1308 reposui
1197 1277 1252 1308 pro
1281 1268 1404 1303 caudis;
1441 1265 1587 1297 nimirum

927 1318 1006 1347 codis
1020 1326 1074 1358 pro
1091 1317 1172 1346 nodis
1187 1315 1316 1357 antiqua
1328 1315 1445 1346 librarii
1460 1315 1590 1347 dederat

928 1376 1051 1396 manus.
1099 1366 1194 1396 Cadus
1216 1365 1299 1396 enim
1326 1371 1356 1395 et
1379 1367 1490 1395 caudas
1515 1375 1587 1407 pro-

928 1415 1046 1446 miscue
1082 1415 1326 1446 confundebant.
1364 1414 1408 1445 sic
1438 1415 1470 1446 in
1506 1415 1587 1456 frag-

929 1472 1033 1496 mento
1045 1465 1180 1496 Petronii
1194 1464 1384 1506 Traguriano
1399 1468 1472 1496 coda
1482 1467 1587 1496 vituli.

929 1525 992 1555 qua
1003 1514 1041 1545 de
1053 1525 1084 1544 re
1100 1513 1221 1544 dicetur
1231 1514 1320 1544 nobis
1330 1513 1470 1544 nonnihil
1482 1515 1588 1545 Meta-

929 1563 1050 1604 morph.
1074 1562 1128 1594 xii.
1150 1573 1215 1593 ver.
1231 1563 1307 1593 430.
1353 1562 1483 1604 Singula
1504 1574 1587 1594 nunc

929 1612 1101 1644 videamus.
1117 1613 1303 1644 dilaceratos
1318 1613 1356 1643 ab
1371 1613 1508 1644 Hercule
1522 1623 1586 1644 ser-

928 1669 1038 1704 pentes
1048 1662 1141 1693 fuisse
1157 1667 1264 1693 contra
1272 1661 1366 1692 fidem
1379 1668 1425 1693 est
1440 1662 1586 1699 historiae,

929 1716 960 1741 et
974 1711 1039 1753 ipse
1050 1713 1132 1742 el'wos
1142 1722 1232 1742 versu
1247 1710 1384 1752 proxime
1397 1712 1587 1753 praecedenti

929 1759 1050 1791 dixerat
1070 1760 1195 1791 omnino
1215 1761 1324 1802 probe.
1353 1766 1473 1791 rectum
1493 1760 1588 1802 igitur

929 1811 1091 1840 envolitisse
1100 1820 1155 1851 per
1166 1808 1332 1851 διάιρεσιν.
1359 1808 1513 1850 Infantem
1526 1822 1587 1841 ma-

929 1871 1001 1889 num
1018 1869 1142 1900 quoque
1156 1858 1236 1889 bene
1255 1864 1451 1889 asseruerunt
1465 1858 1516 1890 hic
1531 1870 1586 1890 no-

928 1908 977 1939 bis
1001 1908 1125 1939 codices
1139 1908 1266 1939 vetusti.
1290 1908 1334 1939 sic
1353 1908 1435 1938 enim
1459 1914 1492 1939 et
1512 1909 1588 1941 alibi

930 1958 1054 1989 Noster.
1077 1962 1112 1988 ut
1125 1957 1337 1999 Metamorph.
1352 1957 1396 1988 iv.
1412 1958 1489 1989 518.

1237 2006 1379 2048 Infantia
1393 2018 1461 2038 saxo

975 2057 1109 2087 Discutit
1124 2068 1175 2087 ora
1181 2056 1286 2098 ferox.

930 2105 1025 2137 Nunc
1040 2105 1078 2136 de
1094 2108 1177 2137 nodis
1193 2106 1347 2147 reliquum
1367 2111 1413 2136 est
1428 2111 1463 2137 ut
1479 2106 1587 2139 videa—

930 2165 1015 2186 mus:
1040 2155 1084 2186 ita
1099 2156 1181 2186 enim
1204 2155 1293 2197 spirae
1308 2161 1487 2197 serpentum
1502 2156 1587 2187 dice-

928 2204 1053 2235 bantur.
1075 2204 1159 2246 apud
1182 2204 1347 2235 Maronem
1374 2204 1429 2236 lib.
1452 2204 1485 2236 ii.
1510 2206 1586 2237 220.

930 2254 1084 2290 Laocoon,
1114 2264 1206 2295 quem
1231 2259 1390 2295 serpentes
1413 2253 1476 2286 duo
1503 2260 1587 2286 arcte

930 2302 1181 2345 circumligarant
1194 2314 1200 2332 :

974 2352 1033 2383 Ille
1058 2354 1148 2383 simul
1170 2353 1306 2384 manibus
1329 2353 1425 2383 tendit
1446 2354 1587 2385 divellere

1015 2404 1114 2433 nodos.

932 2451 1023 2482 Libro
1049 2463 1080 2482 v.
1114 2451 1191 2482 279.
1221 2450 1329 2482 itidem
1359 2450 1397 2482 de
1433 2457 1586 2494 serpente,

928 2512 999 2540 pars
1014 2501 1138 2531 vulnere
1152 2501 1263 2530 clauda
1278 2506 1408 2530 retentat
1422 2500 1587 2532 Nerantem

932 2551 1015 2580 nodis
1037 2560 1119 2589 seque
1143 2550 1174 2579 in
1196 2559 1250 2579 saa
1273 2550 1400 2579 membra
1414 2549 1588 2588 plicantem.

932 2598 1067 2639 Elegans
1095 2598 1203 2629 harum
1235 2597 1386 2640 spirarum
1422 2597 1588 2640 descriptio

932 2648 1043 2677 iterum
1063 2646 1145 2688 apud
1167 2646 1302 2677 eundem
1325 2647 1434 2677 Senec.
1450 2646 1586 2678 Medea:

933 2696 1009 2727 686.
1032 2706 1070 2726 ex
1088 2695 1201 2737 quibus
1219 2695 1294 2726 locis
1319 2695 1354 2726 fit
1378 2695 1587 2731 manifestum,

935 2748 1021 2777 nudos
1040 2756 1094 2788 pro
1109 2745 1240 2776 nexibus
1254 2744 1339 2787 poni.
1385 2744 1506 2775 Plinius
1528 2743 1585 2774 lib,

934 2795 1000 2827 viii.
1025 2806 1097 2838 cap.
1120 2794 1155 2826 ii.
1179 2800 1344 2836 utrumque
1368 2793 1527 2836 conjunxit
1555 2793 1588 2824 in
