1849 3198
622 208 966 250 HEROIDES.
999 208 1091 250 ΕΡ.
1126 208 1262 250 XVI.

1553 211 1639 252 203

253 326 492 373 Constitit
517 332 630 372 ante
656 324 842 379 oculos,
870 330 1012 370 actus
1037 324 1292 371 velocibus
1319 324 1425 379 alis,

318 404 534 451 Atlantis
560 402 726 465 magni
751 402 1086 463 Pleionesque
1111 417 1282 464 nepos.

255 481 351 528 Fas
376 481 559 528 vidisse
584 480 676 527 fuit
696 498 706 536 3
747 479 819 526 fas
847 479 910 525 sit
934 478 1054 524 mihi
1078 479 1184 525 visa
1208 478 1388 525 referre
1412 493 1421 523 :

320 558 482 622 Inque
509 558 604 605 Dei
630 557 799 620 digitis
825 572 975 604 aurea
998 556 1135 618 virga
1158 555 1265 602 fuit.

251 636 474 700 Tresque
500 636 646 683 simul
667 635 823 691 Divae,
845 634 1033 689 Venus,
1055 640 1105 680 et
1129 649 1242 680 cum
1262 631 1469 680 Pallade
1490 632 1518 679 J
1526 650 1641 689 uno,

319 713 639 760 Graminibus
664 720 861 759 teneros
887 712 1168 774 imposuere
1192 710 1364 773 pedes.
1577 714 1639 757 (56

253 790 522 854 Obstupui,
551 790 847 852 gelidusque
872 803 1040 835 comas
1067 794 1293 834 erexerat
1316 787 1512 843 horror3

319 868 450 914 Cum
475 867 611 923 mihi,
640 867 780 913 Pone
805 872 1010 921 metum,
1038 864 1240 910 nuntius
1267 863 1368 910 ales
1396 864 1478 910 ait.

251 945 450 993 Arbiter
475 962 527 993 es
553 945 750 992 formae:
791 943 1064 991 certamina
1088 942 1207 989 siste
1235 940 1483 997 Dearum3

317 1022 530 1070 Vincere
556 1039 667 1086 quae
691 1022 847 1069 forma
871 1021 1023 1084 digna
1047 1019 1111 1066 sit
1135 1035 1233 1066 una
1257 1019 1399 1066 duas.
1578 1022 1640 1065 70

253 1099 394 1148 Neve
419 1116 716 1156 recusarem,
743 1099 907 1147 verbis
932 1097 1069 1145 Jovis
1096 1097 1333 1159 imperat:
1380 1102 1430 1144 et
1456 1112 1508 1142 se

319 1177 554 1226 Protinus
581 1178 796 1225 aetherea
821 1177 949 1224 tollit
973 1176 1022 1223 in
1048 1182 1180 1222 astra
1203 1174 1296 1221 via.

250 1435 425 1466 mesu's.
476 1435 543 1465 Veri
563 1434 657 1465 etiam
672 1434 790 1465 Douzae
806 1435 911 1477 place-

249 1485 318 1515 bat.
364 1483 513 1514 Similiter
528 1495 600 1515 vero
615 1484 757 1525 Propert.
774 1483 820 1514 iii.
859 1484 910 1514 El.

249 1534 293 1564 xi.
308 1535 361 1565 61.
379 1545 472 1575 quem
485 1533 624 1564 imitatus
640 1533 762 1564 videtur
778 1533 909 1564 Noster:

296 1583 385 1614 Certa
406 1584 517 1623 loquor,
536 1584 583 1613 sed
601 1583 784 1624 nitllstficles.

293 1633 347 1663 61.
375 1632 517 1663 Constitit
533 1638 602 1662 ante
618 1632 745 1672 oculos]
766 1632 847 1662 Cum
863 1630 912 1661 his

249 1688 281 1713 et
303 1681 505 1723 sequentibus
520 1681 596 1712 mire
619 1681 792 1723 conspirare
815 1681 910 1711 Colu-

250 1731 349 1767 thum,
367 1733 403 1762 de
420 1731 524 1771 Rapta
541 1731 673 1766 Helena,
689 1741 770 1761 vers.
794 1731 864 1760 119.
880 1735 911 1760 et

249 1791 320 1822 sqq.
337 1780 455 1811 notavit
475 1779 663 1821 jamdudum
678 1779 724 1809 vir
745 1780 778 1809 in
799 1779 911 1809 litteris

250 1830 359 1871 graecis
374 1829 600 1861 versatissimus
614 1830 633 1861 J
636 1839 706 1860 oan.
722 1829 809 1859 Dan.
825 1829 910 1859 Lm-

252 1890 326 1909 xm».

294 1929 348 1958 62.
373 1929 508 1958 Atlantis
523 1929 635 1968 magni,
653 1927 846 1967 Pleionesque
861 1939 912 1957 ⁷10-

248 1978 327 2018 pos.]
346 1978 424 2008 Haec
438 1977 531 2007 lectio
543 1977 661 2013 melior,
674 1988 779 2018 quam,
795 1983 829 2007 ut
843 1976 911 2018 qui-

251 2027 324 2058 dam
340 2027 469 2061 habent,
489 2027 679 2066 Atlantisque
697 2037 792 2065 nepos,
810 2026 912 2056 Ple'io-

252 2088 357 2117 nesque
375 2087 469 2116 nepos.
514 2075 651 2106 Tametsi
676 2075 759 2106 enim
782 2076 912 2116 figuram

251 2131 428 2168 captarunt,
444 2125 497 2166 qui
521 2125 565 2155 sic
585 2125 714 2166 legunt:
740 2131 785 2155 est
807 2131 913 2155 tamen

250 2175 359 2217 inepta
387 2174 558 2206 affectatio.
620 2175 774 2215 Intelligit
808 2180 912 2205 autem

250 2224 456 2259 Mercurium,
488 2224 577 2265 cujus
601 2231 701 2255 mater
723 2224 814 2254 Maia
844 2223 912 2259 fuit,

251 2274 317 2305 filia
331 2273 471 2305 Atlantis
486 2279 517 2303 et
533 2273 691 2304 I'le'i'ones.
739 2274 867 2303 M1cx'14.

294 2324 347 2354 63.
385 2323 444 2352 Fas
487 2323 622 2363 vidisse]
660 2323 753 2352 Hunc
792 2333 913 2353 versum

251 2370 526 2403 Slichtenliorstius
555 2377 586 2402 et
623 2371 773 2402 Francius
802 2382 912 2413 paren-

252 2422 331 2453 thesi
346 2421 571 2453 includendum
584 2422 764 2452 censebant.
787 2421 910 2451 sollem-

254 2483 323 2503 nem
350 2482 420 2502 vero
448 2472 528 2503 hanc
559 2472 589 2502 in
618 2482 747 2501 occursu
776 2472 911 2501 Deorum

252 2521 461 2563 precationem
501 2520 667 2552 illustravit
702 2519 834 2561 Lipsius,
873 2520 911 2549 ad

252 2571 308 2601 illa
330 2571 442 2602 Senec.
467 2571 567 2613 Epist.
584 2581 655 2600 cxv.
700 2569 801 2610 ls'tjlzs
816 2572 850 2599 sit
872 2571 912 2598 ri-

253 2622 326 2651 disse
342 2621 452 2650 tacitus
467 2627 621 2660 precatur.
669 2619 785 2649 Buun.

296 2669 350 2699 64.
376 2667 470 2709 Inque
502 2670 558 2699 Dei
583 2669 686 2707 digitis
708 2679 799 2697 (turm
830 2668 912 2704 rim-(11

247 2718 347 2758 suin]
375 2718 498 2749 Alludit
520 2718 558 2749 ad
583 2717 821 2758 descriptionem
841 2715 910 2745 Vir-

256 2766 321 2807 gilii
337 2766 395 2797 lib.
417 2767 456 2798 iv.
471 2769 544 2798 242.
591 2768 714 2797 Mur-vi..

1023 1435 1076 1465 69.
1100 1435 1221 1464 Arbiter
1236 1430 1408 1474 esshrrmr‘]
1435 1431 1502 1461 Iloc
1519 1437 1566 1461 est
1588 1430 1643 1461 de-

980 1483 1081 1514 lectus
1096 1494 1128 1514 es
1149 1483 1259 1525 judex,
1277 1481 1329 1523 qui
1355 1481 1394 1511 de
1414 1481 1510 1511 forma
1534 1481 1643 1511 harum

979 1532 1177 1575 pronuncies,
1196 1542 1342 1573 quaenam
1365 1530 1404 1561 sit
1419 1530 1642 1572 pulcherrima.

980 1583 1108 1612 Mrem„

1025 1633 1199 1662 Certamina
1242 1633 1309 1661 siste
1355 1629 1521 1670 Dearum.]
1571 1628 1646 1659 Siste

979 1681 1069 1717 dixit,
1092 1692 1157 1723 pro,
1182 1691 1345 1722 compone,
1367 1685 1398 1709 et
1423 1679 1489 1709 fini.
1537 1678 1644 1708 Certa-

979 1732 1060 1760 mina
1085 1736 1190 1760 autem
1212 1729 1387 1771 pluraliter,
1403 1739 1457 1769 pro
1473 1734 1643 1763 certamen,

979 1779 1046 1810 κατ’
1062 1779 1264 1819 ἐναλλαγὴν.
1310 1778 1438 1807 Mmu.

1024 1830 1075 1859 70.
1103 1829 1227 1859 Vincere
1239 1827 1409 1868 qzchjbrind
1422 1828 1515 1867 digna
1527 1829 1565 1857 sit
1580 1838 1643 1857 una

980 1878 1086 1917 duas]
1117 1876 1370 1907 Pronunciando.
1400 1876 1450 1906 Ita
1466 1882 1571 1906 autem
1586 1875 1642 1906 ha-

979 1929 1033 1958 bet
1047 1927 1168 1958 fabula.
1216 1926 1288 1956 Diis
1311 1925 1489 1956 convivium
1512 1924 1593 1955 inter
1611 1935 1644 1955 se

981 1975 1184 2017 agitantibus,
1215 1974 1324 2005 relicta
1360 1974 1462 2004 fuerat
1495 1973 1574 2009 Eris,
1605 1984 1643 2004 ne

981 2037 1074 2067 quam
1099 2025 1155 2055 illa
1177 2024 1408 2055 contentionem
1423 2029 1477 2054 aut
1492 2023 1579 2053 litem
1596 2034 1643 2053 se-

980 2080 1072 2105 reret.
1098 2074 1246 2106 Ceterum
1262 2073 1346 2115 quod
1370 2083 1388 2103 a
1411 2079 1563 2114 praesente
1579 2083 1643 2103 me-

980 2125 1135 2160 tuebatur,
1151 2124 1184 2154 id
1200 2124 1311 2154 absens
1332 2122 1388 2153 illa
1411 2122 1511 2152 dedit.
1559 2123 1642 2152 Nam

980 2185 1107 2215 pomum
1137 2184 1266 2203 aureum
1291 2171 1485 2213 inscriptum,
1511 2170 1531 2209 ἡ
1558 2172 1644 2210 καλὴ

980 2221 1119 2263 λαβέτω,
1158 2222 1238 2252 inter
1275 2220 1477 2251 convivantes
1514 2219 1642 2261 abjecit.

981 2272 1074 2308 Quod
1097 2272 1192 2307 Juno,
1208 2271 1325 2305 Pallas,
1348 2275 1380 2300 et
1395 2270 1504 2300 Venus
1519 2269 1642 2310 conspi-

981 2327 1070 2356 catae,
1082 2321 1231 2362 qnaelibet
1241 2319 1300 2350 sibi
1312 2318 1540 2349 vendicabant:
1557 2329 1642 2359 quae-

981 2370 1058 2400 libet
1073 2370 1157 2400 enim
1181 2370 1302 2404 harum,
1319 2368 1416 2398 forma
1439 2367 1551 2398 ceteris
1564 2379 1642 2409 prae-

980 2425 1061 2450 stare
1078 2431 1143 2450 sese
1168 2420 1328 2449 censebat.
1375 2418 1487 2458 Itaque
1511 2428 1582 2447 cuni
1604 2429 1641 2448 cx

981 2480 1018 2499 co
1034 2475 1193 2499 certamen
1211 2474 1310 2497 ortum
1327 2472 1419 2501 esset,
1434 2466 1570 2508 Jupiter,
1588 2466 1641 2507 qui

982 2517 1060 2547 alius
1072 2523 1233 2558 tamquam
1246 2527 1385 2547 summus
1397 2516 1547 2550 Deorum,
1559 2527 1642 2545 coni-

983 2578 1094 2607 pont-re
1124 2567 1200 2597 illud
1223 2567 1371 2600 debebat,
1396 2565 1545 2595 invidiam
1573 2577 1641 2595 sen-

983 2616 1087 2646 tentiae
1105 2627 1123 2646 a
1138 2627 1170 2645 se
1186 2626 1340 2646 removere
1357 2615 1475 2648 volens,
1489 2614 1641 2655 judiciuin

982 2665 1160 2695 certaminis
1182 2665 1274 2706 hujus
1290 2664 1329 2694 ad
1358 2663 1503 2693 Paridem
1524 2664 1642 2703 relega-

984 2714 1039 2744 vit.
1088 2714 1191 2756 Atque
1222 2714 1266 2744 ita
1293 2720 1399 2744 secuta
1429 2718 1544 2747 (clera,
1572 2724 1642 2753 quau

984 2764 1039 2795 l1‹›(·
1058 2764 1124 2795 loco
1137 2770 1312 2795 narrantur.
1359 2763 1484 2793 Musis.
