1849 3198
172 223 256 265 124

560 220 610 261 P.
644 218 856 261 OVIDII
889 219 1168 262 NASONIS

173 339 427 402 Deprecor
451 336 545 382 hoc
570 351 738 391 unum,
764 351 852 399 per
870 336 984 399 Jura
1008 336 1272 383 sacerrima
1294 336 1426 395 lecti,

241 415 319 462 Ne
343 414 510 461 videar
534 412 644 460 fatis
669 413 900 460 insidiata
922 413 1037 460 tuis.

1460 416 1552 462 160

175 492 383 547 NessuS‚
404 497 460 537 ut
482 498 559 538 est
583 490 779 537 avidum
803 506 1069 554 percussus
1094 490 1333 538 arundine
1356 497 1550 554 pectus,

238 568 352 624 Hic,
379 567 520 624 dixit,
547 567 672 614 vires
699 567 899 629 sanguis
925 566 1103 614 amoris
1127 567 1295 614 habet.

174 645 308 693 Illita
332 644 524 692 Nesseo
550 644 660 691 misi
684 644 773 691 tibi
797 650 938 691 texta
959 660 1165 691 veneno.

240 722 401 787 Impia
425 721 545 785 quid
569 721 765 768 dubitas
793 720 1028 767 Deianira
1050 720 1206 766 mori?

173 798 387 862 Jamque
405 799 528 854 vale,
553 798 815 860 seniorque
839 804 995 860 pater,
1017 812 1348 859 germanaque
1369 796 1551 859 Gorge,

241 875 307 923 Et
330 875 503 940 patria,
530 881 580 922 et
603 875 772 938 patriae
798 873 946 920 frater
971 874 1166 920 ademte
1191 880 1306 920 tuae.

1462 876 1552 921 166

178 953 244 1001 Et
266 960 335 1009 w,
360 954 448 1002 lux
472 953 627 1000 oculis
653 952 891 998 hodierna
914 951 1179 998 novissima
1202 951 1397 1005 nostris,

242 1030 445 1094 Virque,
480 1030 590 1092 (sed
614 1028 643 1075 ὂ
667 1028 828 1092 possis
844 1027 879 1088 !)
916 1035 965 1075 et
988 1044 1109 1091 puer
1134 1027 1301 1090 Hylle,
1327 1027 1451 1074 vale.

637 1258 983 1305 EPISTOLA
1020 1258 1085 1305 X.

500 1345 868 1387 ARIADNE
916 1346 1238 1387 THESEO.

180 1432 352 1480 Mitius
378 1431 554 1487 inveni,
582 1448 730 1494 quani
755 1438 820 1487 te,
849 1448 1004 1494 genus
1029 1448 1173 1479 omne
1199 1431 1436 1478 ferarum:

248 1508 451 1556 Credita
473 1525 570 1555 non
594 1509 696 1564 ulli,
725 1526 873 1572 quam
898 1510 1003 1565 tibi,
1031 1510 1173 1572 pejus
1193 1525 1343 1556 eram.

209 1631 279 1661 163.
297 1630 427 1671 Nesseo]
439 1630 571 1661 Mallem
580 1631 704 1661 Lei-neo.
714 1631 831 1663 mes.

180 1679 268 1710 Nihil
283 1690 371 1721 opus.
394 1680 505 1710 Senec.
522 1680 616 1710 Herc.
632 1680 695 1710 OEt.
711 1680 784 1710 716.

228 1729 268 1759 Ut
284 1740 368 1759 missa
379 1730 464 1768 palla
479 1736 531 1764 esi,
545 1730 609 1759 tube
622 1729 727 1760 Nessea
742 1731 833 1760 illitu.

181 1779 220 1809 Et
235 1788 325 1820 supra
340 1789 369 1809 v.
387 1779 459 1808 527.
473 1777 613 1808 dixerat:

449 1826 549 1857 Illitas
568 1833 653 1858 restes
668 1828 750 1857 dabis

223 1874 301 1911 Hac,
317 1876 425 1916 inquit,
440 1877 501 1915 ipsa
517 1877 591 1906 tabe.
677 1876 792 1906 BURM.

225 2019 287 2049 Illa
301 2020 509 2061 'relictuferiQ
532 2020 608 2060 Sam]
633 2020 750 2051 Versus
765 2024 836 2050 sunt

182 2079 242 2099 non
257 2068 356 2098 solum
378 2068 529 2099 subdititii
553 2079 589 2099 ae
612 2068 711 2104 nothi,
729 2079 835 2098 verum

182 2117 276 2148 etiam
299 2116 411 2158 putidi.
434 2127 535 2158 neque
564 2116 733 2158 quidquam
759 2116 835 2148 Ovi-

181 2167 281 2197 dianae
318 2165 477 2196 facilitatis
513 2172 544 2196 et
581 2165 743 2206 eleg-antire
781 2165 834 2196 ha-

182 2217 302 2246 bentes.
335 2214 366 2244 id
402 2215 484 2256 quod
521 2215 615 2245 etiam
643 2213 838 2245 mediocriter

183 2264 274 2295 docto
289 2269 429 2304 apparet.
454 2274 547 2304 quare
563 2269 594 2293 et
608 2263 664 2293 hos
679 2274 698 2293 a
711 2263 838 2304 reliquis

184 2311 405 2354 separavimus.
428 2312 614 2343 MicYLLUS.
645 2312 756 2343 Priscae
772 2312 836 2342 edi-

185 2362 284 2393 tiones
304 2366 335 2390 et
357 2359 480 2390 codices
505 2360 645 2391 nonnulli
667 2361 760 2391 etiam
786 2361 836 2392 hic

185 2409 368 2453 copiosiores
396 2415 467 2440 sunt
489 2410 633 2450 vulgatiS,
658 2420 729 2440 cum
757 2411 837 2441 hanc

186 2459 356 2502 Epistolam
371 2458 415 2489 sic
428 2459 624 2490 exordiantur
639 2472 645 2489 :

231 2509 292 2540 Illa
305 2508 495 2550 relictaseris
506 2511 594 2539 etiam
609 2520 700 2545 nunc,
713 2511 840 2549 improbe

316 2557 436 2593 Theseu,

277 2606 376 2636 Vivit.-
399 2613 426 2637 ει
447 2607 505 2638 hoec
528 2608 609 2647 aqud
629 2614 724 2638 mente
740 2609 839 2638 tulisse

314 2656 395 2687 velis.

188 2701 334 2746 Ejusdem
349 2714 459 2746 nempe
476 2704 591 2741 farinae,
611 2715 682 2736 cum
700 2704 746 2740 iis,
769 2715 838 2745 quae

186 2753 237 2784 hic
250 2751 314 2784 illic
325 2752 391 2794 jam
403 2759 473 2785 ante
486 2753 637 2785 dedimus.
682 2754 797 2786 mes.

946 1632 974 1661 l.
999 1631 1107 1661 Mitius
1121 1631 1246 1670 inveni]
1266 1630 1343 1660 IIaec
1360 1640 1420 1661 non
1435 1629 1556 1661 dubita-

900 1681 955 1711 bat
976 1679 1124 1711 Heinsius
1140 1679 1310 1721 respexisse
1327 1680 1488 1715 Senecam,
1504 1679 1557 1721 qui

901 1729 933 1759 in
946 1729 1112 1771 Hippolyt.
1129 1730 1202 1760 558.
1218 1728 1314 1758 dixit:

947 1778 1038 1808 Taceo
1053 1789 1205 1807 novercas:
1229 1778 1330 1807 mitius
1345 1777 1391 1807 nil
1406 1776 1546 1817 estjhris.

903 1826 966 1863 Qui
984 1826 1070 1857 locus
1095 1831 1200 1856 tamen
1228 1824 1355 1855 minime
1380 1825 1502 1867 planuS,
1529 1829 1561 1855 et

903 1876 983 1907 viros
993 1886 1121 1917 magnos
1132 1875 1280 1910 exercuit,
1293 1880 1324 1905 et
1333 1874 1454 1905 diverso
1468 1874 1559 1904 modo

902 1924 1097 1966 explicatu53
1121 1924 1175 1954 sed
1200 1934 1256 1965 ego
1278 1929 1354 1965 puto
1376 1923 1420 1954 ita
1435 1922 1559 1964 capien-

903 1973 987 2009 dum,
1004 1978 1039 2003 ut
1053 1975 1135 2004 triste
1151 1974 1237 2012 lupus
1251 1973 1374 2002 stabulis
1388 1977 1419 2002 et
1433 1971 1558 2002 similia.

903 2028 935 2053 et
950 2024 993 2053 nil
1008 2033 1061 2064 pro
1080 2034 1150 2053 non.
1173 2022 1230 2052 hoc
1253 2032 1344 2052 sensu
1362 2028 1441 2052 taceo
1456 2032 1559 2051 nover-

902 2082 960 2107 cas,
974 2070 1056 2101 istud
1080 2081 1178 2111 genus
1200 2071 1288 2105 nihil,
1305 2069 1338 2100 id
1360 2076 1407 2101 est
1429 2081 1502 2105 non,
1517 2076 1557 2100 est

902 2121 1003 2150 mitius
1016 2119 1108 2160 feris,
1123 2119 1178 2149 sed
1200 2118 1297 2149 multo
1321 2118 1463 2149 ferocius.
1488 2124 1560 2149 ante

903 2169 1008 2199 oculos
1021 2169 1105 2198 enim
1121 2167 1229 2198 habuit
1244 2168 1362 2198 Seneca
1377 2167 1454 2197 illud
1470 2168 1558 2198 Euri-

903 2218 985 2260 pidis
1000 2228 1036 2247 ex
1054 2217 1213 2247 Alcestide
1229 2218 1303 2247 319.

946 2266 1071 2308 Ἐχθρὰ
1082 2267 1145 2308 γὰρ
1162 2265 1182 2304 ἡ
1198 2267 1314 2304 ἠιοῦσα
1329 2267 1472 2307 μητρυὶα
1493 2266 1557 2297 τέκ-

989 2328 1058 2352 νοις

947 2365 1022 2401 Τοῖς
1036 2362 1164 2406 προσθ’,
1189 2362 1321 2404 ἐχίδνης
1341 2363 1434 2395 οὐδὲν
1458 2364 1559 2402 ἠπιω-

990 2412 1077 2454 τέρα.

906 2461 1036 2492 Francio
1058 2461 1151 2492 etiam
1172 2461 1230 2491 hoc
1256 2460 1410 2491 distichon
1433 2471 1560 2501 suspec-

905 2515 971 2540 tum
1000 2510 1174 2545 videbatur,
1202 2515 1234 2540 et
1262 2509 1432 2550 Epistol-am
1463 2519 1480 2539 a
1512 2520 1559 2539 se-

907 2558 1014 2599 quenti
1052 2559 1123 2593 Qna·
1164 2561 1246 2600 legis,
1281 2561 1339 2589 ἃς.
1383 2557 1560 2588 inchoabat.

907 2607 1024 2638 Bunm.

949 2657 979 2686 2.
1004 2655 1070 2685 Nou
1090 2655 1172 2695 ulli]
1197 2656 1310 2686 Earum
1326 2655 1465 2686 serarum.
1502 2654 1557 2684 Pc-

897 2709 953 2745 jus
969 2705 1160 2738 adverbium.
1207 2706 1298 2737 Cxor.
