1849 3198
217 211 273 252 40

609 210 659 251 Ρ.
693 208 907 252 OVIDII
938 208 1219 251 NASONIS

219 325 251 374 J
254 328 453 392 uppiter
479 325 713 391 Europen
737 326 919 390 (prima
943 332 1020 373 est
1044 340 1104 372 ea
1128 323 1289 387 gentis
1314 321 1472 386 origo)
1542 325 1604 369 55

288 404 493 461 Dilexit,
520 411 660 452 tauro
685 403 1028 451 dissimulante
1055 402 1235 449 Deum.

222 482 471 546 Pasiphae
495 489 668 538 mater,
696 482 909 545 decepto
935 481 1135 528 subdita
1157 486 1313 535 tauro,

286 559 451 606 Enixa
474 566 551 606 est
574 565 714 606 utero
738 559 925 606 crimen
949 573 1174 621 onusque
1200 573 1305 604 suo.

217 637 446 685 Perfidus
472 636 693 699 AEgides,
721 635 955 682 ducentia
977 635 1059 681 fila
1084 641 1302 689 secutus,

286 714 450 761 Curva
473 729 596 760 meae
621 713 746 775 fugit
769 719 902 760 tecta
926 712 1104 759 sororis
1130 727 1240 775 ope.

1541 711 1604 756 60

218 791 296 838 En
321 808 413 854 ego
439 807 584 846 nunc,
612 806 674 837 ne
693 789 817 836 forte
842 805 1017 853 parum
1042 788 1233 835 Minoia
1258 787 1445 842 credar,

284 868 344 916 In
370 869 529 916 socias
553 869 708 930 leges,
735 867 908 914 ultima
933 867 1111 929 gentis,
1139 882 1214 913 eo.

216 946 327 994 Hoc
348 962 548 1011 quoque
567 946 715 993 fatale
735 952 837 993 est:
877 944 1064 1009 placuit
1079 944 1254 991 domus
1272 957 1372 989 una
1390 940 1599 988 duabus.

283 1024 370 1072 Me
395 1031 481 1072 tua
504 1024 661 1071 forma
684 1024 834 1087 capit,
862 1030 1011 1086 capta
1034 1028 1239 1086 parente
1265 1034 1415 1066 soror.

214 1101 456 1149 Thesides
482 1101 808 1164 Theseusque
833 1101 956 1147 duas
981 1114 1189 1163 rapuere
1215 1112 1423 1144 sorores.

1536 1096 1599 1142 65

280 1179 458 1227 Ponite
483 1180 546 1227 de
570 1186 738 1226 nostra
761 1178 878 1226 bina
901 1184 1089 1241 tropaea
1112 1176 1274 1222 domo.

212 1256 473 1321 Tempore,
501 1274 599 1321 quo
623 1258 761 1304 vobis
787 1257 909 1303 inita
933 1262 1009 1303 est
1029 1253 1252 1301 Cerealis
1280 1250 1502 1306 Eleusin,

280 1335 470 1382 Gnosia
493 1351 572 1382 me
594 1336 773 1383 vellem
797 1333 1092 1382 detinuisset
1115 1333 1311 1378 humus.

213 1410 353 1459 Tunc
380 1412 498 1459 mihi
524 1413 774 1477 praecipue
800 1413 914 1475 (nec
935 1427 1032 1458 non
1056 1417 1223 1458 tamen
1248 1406 1385 1469 ante)
1410 1406 1575 1471 place-

276 1489 406 1536 Acer
430 1490 479 1536 in
505 1490 739 1537 extremis
765 1490 960 1537 ossibus
986 1488 1129 1535 haesit
1153 1503 1305 1534 amor.

212 1565 442 1614 Candida
463 1568 613 1614 vestis
640 1573 759 1623 erat,
787 1565 1041 1631 praecincti
1066 1565 1185 1612 flore
1210 1563 1400 1627 capilli:

1451 1484 1562 1546 [bas
1584 1500 1594 1530 :

1534 1563 1591 1607 71

277 1643 427 1690 Flava
448 1644 755 1691 verecundus
781 1644 997 1691 tinxerat
1021 1658 1106 1690 ora
1129 1643 1292 1689 rubor.

205 1774 328 1815 geniem
358 1785 469 1806 vexare
499 1775 657 1806 studebat.
693 1775 789 1806 Ovid.
820 1775 864 1806 iv.

206 1825 289 1855 Met.
306 1825 376 1855 109.

250 1873 354 1915 Exigit
383 1875 489 1905 indicii
522 1885 673 1905 memo-rem
706 1874 867 1916 Cythereia

289 1935 416 1963 poenam.

205 1971 287 2002 Vide
308 1973 395 2003 Serv.
412 1971 452 2002 ad
467 1971 557 2014 Virg.
575 1972 684 2014 Eclog.
702 1972 744 2003 vi.
763 1973 817 2003 46.
834 1978 865 2003 et

205 2020 247 2050 vi.
262 2021 395 2052 AEne'id.
410 2022 461 2052 14.
475 2020 596 2052 Libanii
612 2020 809 2063 Διηγὴματα
825 2022 863 2052 ab

203 2068 321 2100 Allatio
349 2070 446 2101 edita.
474 2070 576 2112 capite
606 2081 659 2101 xv.
683 2076 715 2102 et
738 2071 803 2101 xvi.
833 2076 865 2101 et

202 2118 322 2149 Seneca
336 2118 464 2160 Hippoi.
485 2120 558 2149 114.

245 2167 372 2207 Stirpem
384 2179 484 2208 perosa
500 2168 574 2198 Solis
587 2170 676 2199 invisi
695 2169 803 2199 Venus.

202 2228 234 2248 v.
252 2217 355 2247 Boess.
372 2217 411 2248 ad
427 2217 510 2247 Ibin.
524 2218 600 2248 579.
646 2219 764 2248 Bunm.

245 2266 299 2296 60.
325 2266 419 2307 Fugit
438 2266 545 2306 tecta]
572 2266 677 2308 Fregit
694 2273 770 2297 tecta
786 2267 864 2298 alter

201 2314 343 2345 Scriverii
355 2315 466 2346 codex.
491 2315 551 2345 Sed
567 2314 598 2346 in
611 2316 775 2351 Vaticano,
786 2315 862 2346 Am-

201 2363 353 2399 brosiano,
366 2369 396 2394 et
405 2363 568 2394 IIafniensi
581 2370 656 2400 erat,
668 2366 757 2394 subiit
769 2371 858 2395 tecta.

201 2412 295 2442 etiam
311 2423 372 2442 non
394 2412 487 2443 male.
503 2423 574 2443 nam
595 2413 672 2444 illud
683 2413 787 2454 fregit
802 2413 859 2443 du-

201 2460 263 2491 rius
278 2461 352 2491 mihi
369 2461 491 2492 videtur
512 2467 543 2492 et
564 2462 712 2493 morosius
727 2462 858 2493 dictum.

200 2515 231 2539 et
250 2520 306 2540 vox
331 2510 397 2540 haec
422 2512 510 2541 subiit
533 2511 644 2541 melius
666 2522 807 2542 securum
830 2518 860 2542 et

199 2558 372 2589 interritum
395 2560 505 2590 Thesei
531 2560 667 2591 animum
691 2566 786 2597 notat,
806 2561 858 2602 qui

200 2607 327 2638 infamia
349 2607 403 2638 illa
426 2609 510 2638 caedc
535 2614 617 2639 tecta
639 2609 740 2640 subire
763 2610 858 2640 aude-

200 2656 264 2691 bat,
288 2655 441 2687 Ariadnes
463 2657 513 2687 filo
529 2657 639 2688 fidens.
657 2668 713 2688 nec
735 2668 857 2700 permu-

199 2704 274 2735 tatio
290 2705 396 2736 horum
414 2708 583 2743 verborum,
596 2708 693 2737 subire
709 2707 858 2748 etfugere

199 2753 332 2785 insolens
355 2754 498 2786 librariis.
515 2756 558 2787 sic
583 2756 665 2797 apud
688 2756 800 2798 virgil.
825 2769 856 2788 x.

934 1774 1063 1806 AEneid.
1081 1775 1156 1805 344.
1170 1774 1202 1804 in
1218 1772 1377 1804 codicibus
1392 1777 1449 1808 est,
1462 1773 1598 1812 protinus

934 1827 1017 1856 hasta
1033 1827 1121 1861 subit,
1142 1824 1194 1854 ubi
1211 1823 1414 1864 vulgofugit.
1436 1821 1518 1863 apud
1535 1822 1597 1852 Lu-

934 1885 1047 1905 canum
1063 1884 1186 1915 quoque
1205 1872 1249 1903 ix.
1270 1873 1345 1903 540.
1370 1882 1424 1913 pro
1442 1871 1481 1901 Te
1501 1873 1597 1912 segnis

937 1925 1091 1965 Cynosura
1105 1924 1193 1958 subit,
1208 1922 1241 1952 in
1250 1921 1436 1963 quibusdam
1450 1920 1536 1951 libris
1551 1925 1598 1950 est

922 1974 1028 2016 fugit.
1044 1973 1076 2004 in
1094 1972 1290 2003 Menteliano
1305 1972 1362 2001 hoc
1378 1970 1446 2001 loco
1468 1976 1535 2001 erat
1548 1980 1595 2000 re-

921 2025 1027 2066 fugit.
1074 2022 1192 2055 Vlitius
1214 2022 1309 2052 ctiam
1330 2031 1385 2063 pro
1404 2026 1492 2056 tecta,
1516 2026 1596 2050 texta

933 2074 1053 2104 mallet.
1099 2073 1217 2103 Bunm.

976 2123 1029 2153 67.
1057 2121 1205 2161 Tempore,
1220 2131 1275 2159 quo
1292 2120 1372 2150 nobis
1393 2120 1471 2148 inita
1486 2124 1524 2148 est
1541 2118 1595 2148 Ce-

932 2173 1021 2202 realis
1048 2169 1193 2209 Eleusis]
1227 2167 1331 2198 Primo
1359 2168 1435 2197 vobis
1457 2166 1594 2197 scriben-

932 2222 1017 2256 dum,
1041 2225 1076 2251 ut
1097 2218 1239 2260 sequenti
1265 2216 1365 2248 versui
1389 2215 1500 2246 melius
1526 2216 1593 2247 haec

931 2269 1146 2312 respondeant,
1163 2267 1257 2308 idque
1280 2265 1456 2297 auctoribus
1472 2264 1593 2295 duobus

930 2318 1028 2349 libris.
1066 2317 1189 2347 Deinde
1215 2316 1251 2346 τὸ
1275 2316 1349 2345 inita
1374 2324 1534 2356 perperam
1561 2313 1592 2344 in

928 2369 990 2398 visa
1014 2366 1063 2396 vel
1092 2371 1162 2395 nota
1191 2369 1314 2394 mutant
1342 2362 1412 2393 libri
1441 2362 1593 2394 nonnulli.

928 2417 979 2447 Ad
1000 2416 1094 2446 Initia
1117 2414 1199 2445 enim
1223 2413 1344 2444 Cereris
1369 2412 1490 2443 videtur
1512 2412 1591 2442 allu-

928 2467 1013 2498 dere.
1031 2464 1113 2506 quod
1128 2469 1158 2494 et
1174 2464 1292 2504 Magno
1304 2462 1460 2503 Scaligero
1474 2461 1513 2491 ad
1525 2461 1590 2491 An-

928 2526 1002 2546 num
1033 2524 1215 2543 MMCvan.
1247 2511 1390 2542 Chronici
1422 2510 1589 2541 Eusebiani

926 2570 973 2595 est
1008 2564 1118 2599 visum,
1156 2562 1208 2593 ubi
1241 2561 1400 2603 complura
1428 2560 1466 2590 de
1495 2559 1589 2589 sacris

927 2612 1103 2643 Eleusiniis.

970 2662 1023 2692 71.
1050 2659 1302 2701 Prarincciflore'
1325 2657 1459 2698 capilli]
1485 2656 1588 2698 Hujus

927 2709 1099 2750 argumenti
1129 2708 1235 2750 opinor
1265 2707 1356 2738 fuisse
1387 2705 1586 2747 Tragoediam

927 2758 1092 2800 Euripidis,
1114 2768 1183 2799 quae
1204 2756 1407 2792 Ἱππόλυτος
1425 2753 1585 2795 στεφανίι-
