1849 3198
216 197 302 238 342
609 197 660 238 P.
694 197 909 239 OVIDII
943 197 1223 240 NASONIS

221 313 264 358 O
293 329 443 375 quam
470 328 620 376 saepe,
648 329 816 359 comas
842 313 1008 376 aliquo
1033 314 1259 370 mirante,
1287 315 1517 371 rubebis;

281 388 347 436 Et
371 390 525 445 dices,
555 389 705 437 Emta
732 406 863 436 nunc
891 406 984 452 ego
1008 406 1172 437 merce
1197 392 1405 454 probor!

217 464 403 513 Nescio
419 483 570 529 quam
585 483 674 530 pro
694 483 773 514 me
794 467 963 513 laudat
983 483 1113 513 nunc
1130 467 1224 514 iste
1247 467 1601 531 Sygambram3

284 542 437 590 Fama
460 550 644 600 tamen,
672 544 890 600 memini,
918 561 1032 590 cum
1057 544 1148 591 fuit
1172 545 1268 592 ista
1292 545 1406 592 mei.
1540 548 1605 592 50

215 618 302 666 Me
345 620 603 667 miserum!
665 621 893 668 lacrimas
936 621 1063 667 male
1107 622 1356 678 continet3
1387 637 1604 684 „oraque

280 696 520 760 Protegit,
548 699 788 761 ingenuas
813 699 948 762 picta
971 699 1147 745 rubore
1174 714 1343 761 genas.
1401 698 1601 760 [dextra

215 774 439 821 Sustinet
464 776 695 838 antiquos
722 776 909 837 gremio
936 782 1161 839 spectare
1187 775 1410 839 capiHOS‚

277 850 398 913 (Hei
424 853 542 899 mihi
560 853 593 913 !)
631 870 727 899 non
754 853 835 899 illo
860 869 1065 900 munera
1089 854 1240 915 digna
1263 854 1388 900 loco.
1536 855 1598 898 54

211 926 404 990 Collige
442 946 555 976 cum
591 931 728 977 vultu
766 938 1000 978 mentem.
1042 931 1318 994 reparabile
1362 931 1598 977 damnum

276 1003 548 1053 Postmodo
573 1008 738 1054 nativa
763 1009 1069 1072 conspiciere
1095 1011 1256 1056 coma.
1482 1008 1595 1068 [est.

670 1307 712 1354 Ε
727 1307 764 1354 L
777 1307 819 1355 E
834 1308 880 1354 G
894 1307 915 1354 I
928 1308 973 1356 A
1014 1308 1126 1354 XV.

202 1426 333 1480 Quid
360 1427 496 1482 mihi,
526 1427 669 1474 Livor
694 1429 840 1485 edax,
868 1430 1071 1492 ignavos
1097 1429 1272 1492 objicis
1299 1445 1481 1485 annosg

265 1503 563 1567 Ingeniique
588 1521 736 1553 vocas
762 1522 961 1553 carmen
987 1506 1156 1553 inertis
1182 1506 1342 1569 opus?

199 1580 315 1627 Non
340 1598 419 1628 me
445 1598 579 1629 more
605 1590 817 1645 patrum,
841 1585 959 1630 dum
986 1591 1188 1631 strenua
1212 1583 1425 1630 sustinet
1449 1590 1586 1638 aetas,

264 1658 480 1706 Praemia
502 1659 689 1705 militiae
716 1661 1060 1723 pulverulenta
1085 1660 1255 1723 sequi:

198 1734 307 1782 Nec
334 1751 412 1781 me
437 1736 670 1783 verbosas
696 1737 832 1798 leges
858 1737 1108 1784 ediscere:
1150 1753 1241 1783 nec
1268 1753 1347 1784 me
1557 1740 1585 1783 5

264 1812 466 1874 Ingrato
490 1829 663 1860 vocem
690 1814 1003 1877 prostituisse
1029 1814 1150 1860 foro.

1067 2002 1113 2032 De
1127 2001 1223 2031 Cattis
1237 2002 1354 2042 aliquid
1370 2003 1515 2041 torvisque
1528 2002 1583 2042 Sy-

234 2001 288 2030 49.
314 2000 528 2041 Sicambram]
556 2001 770 2039 Sarravianus,
799 2004 854 2044 Sy-

189 2050 351 2080 cambram.
416 2050 607 2087 Puteaneus,
647 2052 854 2093 Sygambram,
1007 2053 1139 2093 gambris

190 2109 260 2139 quae
283 2109 357 2129 vera
377 2099 540 2140 scriptura.
587 2100 638 2130 Sic
656 2107 687 2131 et
710 2102 742 2132 in
758 2102 853 2132 Clau·
967 2102 1128 2132 Dicturus.

188 2146 274 2177 diani
309 2147 473 2178 veterrimo
509 2148 617 2179 codice
647 2150 852 2182 scribebatur.
922 2150 1004 2181 Vide
1022 2150 1191 2182 Valesiana
1206 2160 1279 2191 pag.
1298 2150 1350 2179 90.

187 2195 371 2230 Ptolemaeo,
411 2196 610 2239 Σύγαμβροι·
669 2198 852 2241 Σὲγαμβροι
963 2200 1017 2229 56.
1053 2198 1265 2238 szspieiere.]
1299 2197 1443 2232 Mallem,
1469 2199 1583 2236 conspi-

187 2244 330 2275 Straboni
346 2250 430 2275 sunt.
456 2246 500 2276 sic
522 2251 554 2276 et
576 2248 787 2280 consolatione
811 2250 851 2280 ad
919 2251 1010 2284 (titire,
1026 2254 1060 2279 ut
1084 2248 1124 2278 sit
1150 2247 1323 2284 monentis3
1347 2246 1507 2281 damnum,
1525 2246 1579 2282 ait,

186 2293 308 2325 Liviam
323 2294 492 2335 legendum
511 2296 560 2325 17.
919 2309 984 2328 esse
1001 2297 1184 2338 reparabile,
1201 2296 1226 2326 si
1249 2296 1340 2326 modo
1355 2301 1463 2337 postea
1486 2306 1504 2325 a
1518 2295 1579 2325 tin—

230 2342 290 2374 Ille
301 2354 397 2384 genus
418 2344 524 2374 Sueuos
545 2356 614 2375 acre
637 2347 849 2387 indomitosque
918 2346 1028 2387 gendis
1048 2346 1144 2376 comis
1168 2345 1332 2380 abstineat,
1357 2351 1388 2375 et
1403 2343 1478 2374 velit
1503 2354 1576 2374 con-

315 2392 494 2433 Sygambros
917 2395 994 2436 spici
1010 2394 1116 2425 nativa
1131 2404 1233 2424 coma.

274 2441 433 2473 Contudit.
452 2461 622 2467 ———

186 2489 226 2520 Et
239 2490 314 2520 311.
959 2496 991 2524 5.
1018 2494 1184 2533 Ediscere]
1213 2495 1375 2524 Addiscere
1399 2492 1477 2523 alter
1493 2491 1577 2521 Poli-

227 2539 291 2570 Nec
318 2541 372 2570 tibi
396 2542 504 2571 deletos
520 2544 632 2581 poterit
648 2553 776 2572 narrare
791 2543 847 2583 Sy·
916 2543 991 2573 tiani
1006 2555 1012 2572 :
1038 2543 1132 2573 male.
1151 2543 1212 2573 vid.
1234 2543 1273 2573 ad
1289 2543 1323 2573 ii.
1347 2543 1482 2572 Metam.
1500 2541 1576 2571 639.

265 2591 415 2629 gambros.
686 2591 804 2622 Hfflxs.
916 2592 1043 2633 respicit
1069 2592 1107 2622 ad
1133 2592 1330 2634 disciplinam
1348 2592 1573 2623 Romanorum,

182 2638 330 2668 Juvenal.
356 2639 421 2669 Sat.
447 2640 490 2670 iv.
524 2640 595 2670 147.
623 2640 653 2670 in
680 2640 850 2671 veterrimis
919 2652 987 2682 quae
1005 2641 1161 2682 exigebat,
1177 2647 1210 2671 ut
1233 2641 1359 2681 ingenui
1382 2639 1468 2682 pueri
1493 2639 1577 2679 leges

182 2687 410 2728 exemplaribus
919 2689 973 2720 xii.
992 2690 1177 2727 tabularum,
1191 2697 1220 2720 ιιι
1239 2701 1357 2720 carmen
1373 2689 1577 2722 necessaria-111,
