1849 3198
582 191 870 235 AMORUM
914 191 1035 233 LIB.
1068 191 1161 233 111.
1192 193 1234 234 6.

202 310 366 365 Quem
390 314 444 356 tu
469 308 737 355 mobilibus
762 306 890 354 foliis
915 307 1069 354 vitare
1093 307 1311 363 volebas,

1507 193 1591 234 411

1527 311 1590 354 35

271 387 373 433 Sed
398 386 527 432 male
550 385 761 439 vitabas,
787 390 939 430 aestus
964 384 1144 431 amoris
1169 392 1291 431 erat.

202 463 371 510 Vacca
394 462 561 526 puella
584 468 671 507 tua
695 466 788 507 est.
827 466 974 523 aptus
999 461 1135 507 color
1159 461 1240 507 ille
1261 461 1456 523 puellae.

270 540 356 587 Tu'
370 539 457 594 vir,
485 546 535 585 et
559 538 609 584 in
632 537 786 584 vacca
813 553 1045 600 compare
1069 544 1240 583 taurus
1266 553 1391 584 eras.

204 617 419 664 Pectora
442 614 577 678 quod
602 621 759 661 rostro
784 613 955 660 cornix
981 613 1202 659 fodiebat
1227 620 1400 669 acuto;

270 692 533 755 Ingenium
558 690 770 737 dominae
795 690 909 736 lena
933 689 1150 736 movebit
1174 704 1314 735 anus.

1530 692 1595 735 40

207 769 355 824 Quod
380 775 611 816 cunctata
637 767 721 814 diu
746 774 942 814 taurum
967 783 1057 813 sua
1080 782 1233 813 vacca
1256 766 1479 829 reliquit3

274 846 502 909 Frigidus
529 846 578 891 in
603 845 750 891 viduo
775 844 1047 892 destituere
1070 851 1196 891 toro.

209 923 368 979 Livor,
396 931 446 970 et
470 923 675 969 adverso
701 922 909 968 maculae
935 922 1028 968 sub
1053 928 1255 984 pectore
1279 920 1448 983 nigrae,

276 1001 462 1047 Pectus
488 1000 716 1046 adulterii
740 1000 852 1046 labe
878 1015 1046 1046 carere
1071 1004 1271 1060 negant.

211 1077 421 1125 Dixerat
443 1077 704 1140 interpres,
742 1076 907 1138 gelido
933 1075 1052 1121 mihi
1078 1075 1280 1136 sanguis
1306 1074 1368 1121 ab
1394 1090 1477 1121 ore
1535 1076 1598 1120 45

278 1154 469 1216 Fugit,
492 1161 543 1201 et
567 1160 682 1201 ante
706 1153 875 1200 oculos
900 1168 1000 1198 nox
1025 1151 1164 1198 stetit
1187 1151 1288 1197 alta
1310 1166 1465 1197 meos.

696 1506 996 1554 ELEGIA
1039 1505 1129 1553 VI.

218 1609 410 1664 Amnis,
438 1607 762 1655 arundinibus
789 1607 989 1653 limosas
1016 1605 1176 1652 obsite
1202 1605 1351 1668 ripas,

284 1686 364 1733 Ad
389 1686 639 1733 dominam
664 1700 900 1748 propero;
941 1683 1060 1730 siste
1086 1699 1352 1747 parumper
1377 1699 1550 1746 aquas.

220 1852 329 1893 plicet.
369 1851 549 1882 Crornws.
591 1850 723 1890 Vulgati
746 1849 887 1891 quidam,

224 1901 392 1931 Eae-ndens.
406 1900 491 1941 quod
505 1900 634 1930 fortasse
650 1899 700 1935 sit,
716 1899 888 1930 Eacutiens.

224 1956 258 1981 ut
273 1950 329 1981 lib.
346 1950 381 1980 ii.
397 1949 492 1979 Trist.
507 1960 536 1978 v.

269 2000 523 2037 Ercutiasboeulis
539 2001 598 2028 otia
617 2005 715 2028 nostra
733 2000 801 2028 tuis.

229 2049 384 2079 Effudere
409 2048 506 2078 rarius
527 2047 634 2077 Po'e'tis
653 2052 700 2078 est
722 2047 887 2085 usitatum;

225 2099 299 2130 licet
315 2099 359 2129 ita
373 2098 495 2128 locutus
510 2096 550 2127 sit
572 2096 686 2137 Yirgss.
710 2096 733 2126 i.
757 2095 886 2127 AEueid.

232 2149 304 2178 174.

273 2198 316 2227 Ac
338 2198 465 2236 primum
482 2196 575 2225 silicis
589 2195 750 2224 scintillam
770 2195 888 2225 mendic

314 2247 452 2276 Achate&

230 2296 291 2328 Sed
306 2295 361 2331 ibi,
377 2300 411 2324 ut
426 2305 463 2324 ex
488 2293 551 2324 suis
569 2292 660 2323 MSS.
677 2298 804 2323 annotat
819 2291 891 2322 Pi&-

232 2346 305 2381 rius,
319 2343 499 2385 legendum,
516 2344 650 2372 excussit.
667 2347 697 2371 et
714 2352 768 2382 pro
791 2343 893 2375 silicis,

230 2396 322 2425 silici.
350 2393 522 2423 Hmssrr's.
545 2390 628 2420 Mihi
639 2392 798 2425 excutiens,
810 2389 893 2431 quod

234 2445 425 2474 Bersmanno
440 2451 472 2471 se
483 2440 644 2482 probabat,
655 2438 753 2479 magis
768 2437 894 2473 arridet,

234 2492 323 2533 cujus
338 2491 399 2521 alia
414 2489 508 2519 verba
522 2495 593 2518 sunt
617 2487 815 2528 glossemata.
829 2486 895 2517 vid.

237 2541 277 2572 ad
294 2540 315 2570 i.
331 2539 421 2579 Eleg.
438 2537 502 2569 viii.
531 2537 647 2566 Brun.

285 2633 312 2661 l.
328 2631 441 2665 Amnis,
456 2629 656 2658 arundinibus
677 2629 789 2657 limosas
812 2628 901 2656 obsite

241 2684 329 2721 ripas,
356 2681 402 2709 :ld
426 2680 571 2709 dominam
594 2687 734 2716 lumpero,-
759 2678 825 2705 siste
845 2687 898 2715 pn-

240 2741 358 2769 rumper
383 2727 504 2768 aquas]
547 2726 666 2761 Amnis,
697 2725 734 2756 de
765 2736 826 2766 quo
850 2724 899 2754 hic

955 1843 1019 1884 agit
1040 1844 1148 1879 Po'e'ta,
1162 1843 1188 1874 is
1204 1848 1261 1878 est,
1279 1842 1331 1883 qui
1346 1853 1440 1884 prope
1461 1843 1618 1875 Sulmonis

955 1893 1072 1924 moenia
1085 1893 1212 1928 labitur,
1231 1902 1324 1933 quern
1346 1900 1448 1921 nostro
1467 1892 1617 1925 idiomate

959 1942 1071 1971 I'ellum
1087 1941 1231 1971 dicimus.
1258 1940 1341 1971 Vide
1353 1951 1422 1981 quae
1432 1940 1498 1981 jam
1512 1943 1617 1972 notavi

955 1990 1009 2021 lib.
1026 1990 1078 2020 xii.
1094 1990 1125 2020 in
1141 1989 1353 2031 Metamorph.
1370 2000 1434 2020 ver.
1449 1992 1522 2021 555.
1554 1991 1617 2022 Hic

955 2045 1060 2070 autem
1084 2039 1183 2069 amnis
1206 2039 1313 2069 adulto
1335 2049 1418 2074 vere,
1442 2039 1620 2080 liquefactis

956 2088 1091 2123 nivibus,
1109 2094 1140 2118 et
1151 2087 1306 2118 interdum
1319 2087 1445 2118 ineunte
1459 2094 1619 2126 autumno,

956 2137 1106 2167 imbribus
1119 2137 1294 2167 mirandum
1318 2137 1350 2166 in
1373 2136 1499 2166 modum
1516 2140 1621 2179 augeri

957 2187 1045 2222 solet,
1063 2193 1093 2216 et
1109 2186 1225 2217 alicubi
1240 2185 1402 2227 pristinum
1427 2185 1550 2216 alveum
1574 2197 1621 2216 rc-

958 2235 1109 2277 linquere‚
1138 2235 1182 2265 ita
1206 2241 1241 2265 ut
1267 2245 1357 2264 nemo
1379 2234 1450 2264 hinc
1473 2234 1522 2264 vel
1549 2234 1622 2265 inde

959 2295 1031 2315 eum
1047 2284 1174 2315 transire
1191 2283 1297 2325 possit.
1340 2283 1416 2313 Tale
1433 2289 1543 2313 nactus
1567 2283 1622 2313 im-

959 2333 1172 2375 pedimentum
1199 2331 1342 2367 Ovidius,
1368 2332 1422 2373 qui
1445 2342 1506 2361 non
1533 2332 1623 2373 longe

961 2383 1000 2413 ab
1030 2382 1153 2412 Amoris
1182 2382 1277 2417 fonte,
1302 2381 1342 2411 ad
1367 2380 1490 2411 Moroni
1513 2381 1626 2411 montis

962 2431 1094 2466 radices,
1110 2431 1247 2465 domum,
1263 2430 1352 2471 cujus
1366 2429 1507 2470 iugentia
1522 2429 1625 2459 adhuc

963 2479 1094 2520 vestigia
1108 2485 1283 2520 supersunt,
1299 2489 1433 2520 quaeque
1451 2479 1475 2507 Ie
1494 2479 1627 2519 botteghe

964 2528 1106 2558 d’Ot-idio
1121 2529 1214 2568 vulgo
1234 2533 1395 2562 vocantur,
1413 2526 1558 2556 habuisse
1579 2526 1625 2555 ‹li-

966 2577 1055 2613 citur,
1077 2577 1255 2607 Sulmonem
1277 2576 1316 2606 ad
1338 2576 1469 2606 amicam
1487 2574 1624 2615 proficis-

966 2637 1050 2662 cenS,
1067 2626 1145 2656 lianc
1158 2625 1397 2666 pulcherrimam
1409 2630 1439 2654 et
1452 2622 1630 2654 venustissi-

968 2685 1047 2705 mam
1091 2674 1271 2715 indignatus
1313 2673 1433 2715 scripsit
1477 2671 1630 2709 Elegiam.

969 2724 1150 2753 (mrim-2.
1183 2722 1241 2753 llic
1269 2732 1340 2752 vcro
1364 2721 1463 2751 amnis
1485 2720 1548 2750 sive
1571 2726 1629 2750 tor-
