1849 3198
244 164 307 201 xiv
662 163 694 199 P
737 163 926 201 OVIDII
958 165 1210 205 NASONIS

350 272 426 310 Sex
448 286 517 322 ego
537 272 741 309 Fastorum
761 273 894 324 scripsi
913 274 1149 325 totidemque
1168 275 1328 322 libellos,

399 334 575 385 Cumque
593 348 660 372 suo
680 334 794 372 finem
813 348 944 374 mense
962 336 1116 375 libellus
1135 338 1261 376 habet.

300 475 480 530 Scripsit
510 481 553 516 et
583 475 871 530 Triumphum
900 476 1097 528 Caesaris,
1121 478 1175 519 de
1200 494 1287 533 quo
1317 480 1372 522 iii.
1397 480 1452 522 de
1483 479 1638 530 Ponto,

246 542 368 597 Eleg.
392 544 445 584 iv,
470 544 528 584 sic
545 544 754 585 meminit:

346 687 478 739 thue
497 702 564 726 suo
582 690 709 727 faveas
728 689 899 735 mandat,
920 690 1074 736 Rufine,
1095 692 1290 744 triumpho
1307 709 1314 730 :

397 751 444 788 In
463 758 606 789 vestras
625 752 730 789 venit
749 752 781 789 si
800 759 930 790 tamen
949 753 1016 792 ille
1035 768 1182 793 manus.

344 814 417 851 Est
436 827 530 863 opus
549 814 745 864 exiguum,
765 815 974 866 vestrisque
993 817 1189 867 paratibus
1208 819 1356 869 impar:

396 876 521 922 Quale
540 884 669 914 tamen
688 890 838 928 cunque
859 885 931 922 est,
952 885 997 916 ut
1015 886 1148 918 tueare
1162 894 1263 930 rogo.

240 1018 300 1059 Et
334 1017 482 1073 lingua
514 1018 670 1060 Getica
708 1018 898 1060 libellum
929 1020 983 1060 de
1016 1019 1241 1062 Laudibus
1278 1021 1474 1072 Caesaris,
1511 1037 1637 1076 quem

237 1087 363 1126 etiam
390 1087 595 1127 recitavit.
659 1087 794 1141 Cujus
824 1088 1011 1128 meminit
1040 1088 1093 1128 iv.
1121 1088 1175 1129 de
1206 1087 1348 1130 Ponto
1375 1090 1430 1131 ad
1462 1089 1635 1139 Carum,

238 1152 363 1208 Eleg.
388 1153 473 1194 xiii.
499 1154 557 1194 sic
579 1154 791 1194 scribens:

339 1298 405 1335 Ah
425 1299 544 1349 pudet
562 1301 570 1335 !
600 1307 639 1337 et
659 1301 789 1351 scripsi
810 1301 946 1339 Getico
964 1315 1135 1340 sermone
1154 1302 1329 1341 libellum
1346 1318 1354 1340 ε

393 1361 623 1412 Structaque
641 1369 732 1400 sunt
751 1363 888 1401 nostris
906 1364 1064 1402 barbara
1083 1365 1199 1403 verba
1217 1365 1361 1404 modis:

341 1424 396 1461 Et
415 1424 553 1474 placui,
576 1424 744 1475 (gratare
766 1426 896 1476 mihi‚)
918 1427 1092 1477 coepique
1110 1430 1233 1477 po'e'tae

391 1486 500 1524 Inter
518 1487 744 1524 inhumanos
764 1501 901 1525 nomen
920 1488 1058 1526 habere
1079 1489 1210 1527 Getas.

340 1549 546 1587 BIateriam
565 1550 731 1599 quaeris?
762 1549 894 1587 laudes
914 1550 961 1587 de
981 1550 1130 1588 Caesare
1151 1551 1254 1588 dixi:

394 1613 542 1663 Adjuta
562 1621 619 1651 est
639 1615 786 1651 novitas
807 1614 965 1651 numine
986 1620 1113 1651 nostra
1134 1613 1225 1658 Dei,
1246 1622 1317 1652 ete.

295 1754 364 1794 De
398 1753 591 1794 Piscibus
621 1768 728 1808 opus
757 1768 841 1793 non
871 1753 1072 1807 perfecit:
1106 1754 1160 1794 de
1191 1754 1346 1808 quibus
1368 1762 1518 1809 postea
1540 1755 1631 1809 Op-

235 1822 400 1875 pianus,
433 1821 636 1861 Ovidium
662 1821 863 1870 imitatus,
896 1820 1053 1862 Graece
1081 1822 1250 1876 scripsit
1281 1822 1335 1863 ad
1367 1821 1632 1864 Antoninum

235 1890 544 1943 imperatorem.
609 1889 796 1929 Exstant
822 1895 1034 1943 praeterea
1063 1888 1195 1929 multa
1224 1888 1432 1944 opuscula
1452 1891 1531 1930 sub
1553 1890 1633 1931 hu-

228 1958 300 2009 jus
330 1956 469 2010 poetae
497 1956 679 2005 nomine,
702 1963 749 1996 ut
778 1956 832 1996 de
862 1955 990 1996 Nuce
1017 1963 1061 1997 et
1091 1956 1378 1998 Medicamine
1409 1956 1552 1998 Faciei
1583 1972 1631 1998 ac

236 2023 431 2072 Aurium,
464 2024 518 2064 de
551 2023 713 2072 Pulice‚
745 2025 798 2064 de
839 2023 1012 2073 Somno,
1045 2024 1099 2065 de
1140 2025 1318 2074 Cuculo,
1352 2025 1406 2065 de
1442 2024 1630 2074 Aurora,

236 2091 290 2131 de
313 2089 565 2139 Philomela,
588 2091 642 2132 de
662 2091 849 2140 Limace,
873 2091 926 2132 de
949 2090 1123 2141 Vetula,
1147 2092 1201 2133 de
1222 2098 1408 2146 quatuor
1429 2091 1632 2133 Humori-

235 2159 330 2208 bus,
363 2158 416 2199 de
447 2158 573 2199 Ludo
608 2158 990 2200 Latrunculorum:
1028 2174 1125 2213 quae
1156 2160 1310 2209 onmia,
1342 2166 1631 2213 praeterquam

236 2227 290 2266 de
327 2225 452 2266 Nuce
489 2234 531 2265 et
566 2225 620 2265 de
657 2225 943 2267 Medicamine
980 2226 1137 2276 Faciei,
1174 2241 1271 2280 quae
1308 2225 1487 2267 fortasse
1523 2241 1632 2280 puer

236 2294 486 2347 composuit,
510 2292 686 2334 ridicula
714 2301 825 2344 sunt,
848 2308 926 2335 nec
948 2294 1092 2347 digna,
1115 2301 1162 2334 ut
1189 2294 1331 2335 divino
1353 2293 1541 2334 Nasonis
1570 2294 1631 2334 in-

235 2361 376 2414 genio,
400 2375 483 2400 non
505 2361 672 2414 juvenis
698 2361 839 2410 modo,
862 2361 1005 2411 virive‚
1029 2361 1105 2402 sed
1127 2375 1179 2402 ne
1202 2361 1324 2415 pueri
1345 2360 1533 2414 quidem,
1557 2360 1630 2400 ad-

235 2428 487 2467 tribuantur.

296 2495 542 2548 Hesperans
572 2495 741 2535 tandem
770 2495 824 2535 ad
852 2495 1002 2535 urbem
1027 2494 1210 2535 reditum
1238 2494 1467 2548 impetrare
1489 2508 1513 2534 a
1535 2493 1629 2534 Cae-

235 2577 342 2611 sare,
361 2563 417 2602 sic
441 2562 493 2602 ad
516 2576 707 2611 uxorem,
731 2561 801 2602 lib.
823 2562 875 2602 iii.
902 2562 955 2602 de
973 2561 1103 2602 Trist.
1130 2559 1255 2615 Eleg.
1280 2561 1334 2601 iii.
1360 2560 1549 2614 scripsit:
