1849 3198
626 230 969 273 HEROIDES.
1005 230 1096 271 ΕΡ.
1131 229 1250 271 XII.

1547 232 1632 273 145

239 347 443 395 Semina
461 347 694 411 Jecisset3
735 347 943 394 totidem
969 346 1208 393 sensisset
1232 353 1282 393 et
1305 347 1504 395 hostes:

306 424 378 471 Ut
402 425 604 473 caderet
628 424 765 471 cultu
790 424 950 470 cultor
974 423 1036 469 ab
1062 422 1170 485 ipse
1196 440 1302 471 suo.

239 501 494 557 Quantum
519 502 737 566 perfidiae
763 509 946 559 tecum,
975 501 1230 557 scelerate,
1259 502 1494 565 perisset!

307 580 492 627 Demta
515 580 675 627 forent
699 580 849 643 capiti
876 596 1026 642 quam
1051 580 1182 626 mala
1204 580 1362 627 multa
1386 582 1523 628 meo!
1567 585 1631 628 20

240 656 334 704 Est
359 658 526 721 aliqua
549 657 741 720 ingrato
766 657 998 704 meritum
1024 658 1324 721 exprobrare
1349 658 1605 721 voluptas:

308 733 416 782 Hac
442 734 599 782 fruar:
639 735 745 782 haec
771 735 834 781 de
858 741 908 781 te
934 734 1117 797 gaudia
1140 735 1247 782 sola
1270 734 1440 782 feram.

238 811 268 858 J
275 829 419 859 ussus
444 812 755 876 inexpertam
783 812 999 859 Colchos
1026 812 1281 860 advertere
1306 813 1534 877 puppim,

310 889 511 936 Intrasti
535 890 707 953 patriae
734 906 886 952 regna
909 890 1058 950 beata
1082 905 1223 937 meae.

242 965 351 1014 Hoc
378 968 476 1014 illic
504 968 689 1016 Medea
713 968 798 1024 fui,
827 984 952 1015 nova
976 975 1134 1031 nupta
1158 968 1292 1031 quod
1318 967 1397 1014 hic
1424 976 1515 1015 est.
1568 971 1631 1014 ‘25

308 1044 470 1099 Quam
496 1053 638 1109 pater
662 1053 740 1093 est
764 1045 848 1101 illi,
876 1052 978 1092 tam
1004 1045 1123 1091 mihi
1148 1045 1286 1092 dives
1313 1052 1433 1092 erat.

240 1121 337 1170 Hic
366 1123 606 1188 Ephyren
631 1124 899 1181 bimarem3
952 1123 1162 1186 Scythia
1185 1130 1331 1170 tenus
1357 1124 1438 1170 ille
1463 1124 1634 1171 nivosa

309 1201 473 1249 Omne
497 1208 650 1258 tenet,
679 1202 827 1249 Ponti
854 1217 953 1265 qua
977 1202 1127 1265 plaga
1150 1203 1275 1249 laeva
1292 1203 1445 1265 jacet.

241 1277 445 1343 Accipit
468 1279 683 1343 hospitio
703 1281 912 1342 juvenes
940 1279 1083 1326 AE'eta
1107 1279 1365 1342 Pelasgos,

310 1355 377 1403 Et
401 1358 623 1421 premitis
650 1357 811 1421 pictos
837 1373 1045 1421 corpora
1071 1357 1225 1421 Graja
1247 1365 1398 1405 toros.
1571 1360 1635 1404 30

241 1500 337 1531 boves
358 1500 463 1542 ignem
478 1503 619 1533 efflantes
634 1503 691 1534 sub
702 1503 814 1545 jugum
830 1503 903 1533 mis-

242 1560 341 1587 surus,
357 1562 395 1582 ne
407 1552 483 1593 quid
498 1551 622 1583 illorum
638 1552 710 1594 igne
726 1552 904 1584 laederetur.

242 1605 277 1631 ut
300 1605 347 1631 est
362 1601 446 1643 apud
460 1602 663 1644 Apollonium
680 1608 710 1633 et
725 1602 793 1644 ipsa
807 1602 903 1633 infra:

287 1649 358 1689 Ipsa
380 1662 442 1692 ego,
458 1663 519 1692 quse
534 1653 674 1682 dedemm
697 1653 905 1689 medicamina,

325 1701 445 1740 pallida
460 1703 534 1732 sedi.
734 1702 862 1731 MmYL.

290 1750 341 1781 17.
376 1751 495 1782 Semina
514 1752 647 1790 jecisset,
677 1753 798 1782 totidem
827 1762 906 1782 sum—

243 1800 325 1830 sisset
350 1806 378 1830 et
400 1800 522 1841 hostes]
549 1799 633 1830 Mihi
656 1800 771 1842 placet,
787 1806 822 1831 ut
841 1800 907 1831 edi-

244 1854 311 1879 tum
327 1849 366 1879 ab
382 1848 450 1890 ipso
465 1848 613 1880 Heinsio:

289 1897 407 1928 Semina
419 1900 553 1938 jecisset,
580 1899 701 1928 totidem
721 1900 851 1929 sensisset
879 1905 907 1928 et

330 1947 433 1978 hostes.

245 1997 363 2027 Sentio-e
385 2002 491 2028 autem
507 1996 630 2039 proprie
646 1996 716 2027 illos
730 1995 873 2032 dicimus,
890 2007 909 2027 a

246 2046 360 2087 quibus
377 2046 483 2077 clades
506 2052 537 2077 et
552 2046 701 2077 damnum
724 2045 906 2088 accipimus.

246 2095 312 2126 vid.
328 2096 389 2138 Ep.
406 2096 451 2127 ix.
468 2097 521 2127 46.
537 2102 568 2127 et
587 2095 627 2126 ad
644 2096 771 2126 Petron.
786 2106 814 2126 c.
834 2096 906 2126 139.

247 2145 365 2176 anM.

289 2196 344 2226 27.
365 2195 426 2226 Hic
443 2196 586 2236 Ephyren
603 2195 774 2235 bimarem]
801 2194 908 2236 Appo-

246 2244 304 2276 site
316 2245 435 2276 faciunt
446 2245 506 2276 huc
518 2244 634 2287 Velleji
647 2243 805 2275 Paterculi
817 2245 910 2275 verba

247 2305 285 2326 ex
302 2295 358 2325 lib.
375 2294 396 2325 i.
436 2295 546 2325 Paullo
561 2300 631 2324 ante
658 2294 791 2330 Haletes‚
813 2300 910 2324 sertus

247 2346 284 2374 ab
300 2345 445 2380 Hercule,
463 2345 703 2384 Hippotisfilius
720 2344 908 2380 Corinthum,

247 2405 311 2434 quw
326 2400 415 2424 antea
425 2393 537 2436 fuerat
555 2394 685 2434 Ephyre,
702 2394 835 2423 claustra
852 2394 909 2423 Pe-

251 2445 399 2483 loponnesi
422 2445 631 2479 continentem,
650 2445 681 2473 in
705 2443 816 2473 Isthmo
839 2455 908 2473 con-

249 2494 340 2523 didit.
386 2492 488 2523 Aliter
524 2493 618 2524 sentit
654 2492 799 2534 Hyginus
837 2503 908 2534 cap.

248 2544 374 2575 cclxxv.
421 2543 541 2584 Ephyre
560 2543 699 2584 Nympha
719 2543 911 2582 Oceanifl'lia

253 2593 406 2634 Ephyren,
427 2604 513 2633 quam
533 2598 629 2631 postea
657 2591 834 2622 Corinthum
857 2603 909 2631 ap-

248 2644 575 2682 pellarunt,eonclidit.
623 2642 715 2672 C10r.

296 2692 419 2733 Scythizi
431 2693 573 2723 lenusille
584 2692 685 2722 nivosd
699 2691 791 2721 Omne
802 2691 908 2731 tenet]

254 2742 320 2772 Nos
344 2741 505 2783 antiquam
528 2741 692 2773 lectionem
718 2740 911 2771 reduximus.

256 2792 349 2821 Omne
377 2797 455 2820 tenet
476 2801 572 2831 usquc
603 2790 642 2821 ad
672 2791 808 2821 nivosam
838 2790 912 2830 Scy-

345 2843 442 2874 x‘OL.
466 2843 494 2873 Ι.

972 1503 1081 1541 thiam,
1098 1515 1259 1545 quousque
1276 1509 1363 1545 patet
1379 1503 1496 1534 aditus.
1527 1503 1638 1534 Tenere

973 1560 1020 1584 est
1037 1555 1165 1585 verbum
1184 1554 1315 1595 regium,
1331 1559 1366 1585 ut
1390 1559 1421 1584 et
1445 1554 1504 1584 late
1528 1559 1637 1590 tenere,

974 1603 1012 1634 de
1037 1614 1098 1644 quo
1122 1603 1186 1634 vid.
1210 1603 1250 1634 ad
1275 1604 1401 1634 Petron.
1425 1613 1498 1644 cap.
1524 1602 1636 1633 lxxxii.

974 1654 1093 1683 Bunm.

1017 1703 1072 1732 28.
1100 1702 1198 1742 Qum]
1231 1701 1270 1732 Id
1293 1707 1340 1732 est
1362 1702 1426 1731 ubi.
1452 1701 1636 1732 Cromnos.

975 1752 1036 1782 Pro
1055 1754 1141 1792 jacet
1165 1751 1342 1793 conjecerat
1371 1749 1521 1781 Heinsius
1543 1756 1637 1790 patet,

975 1801 1030 1832 sed
1046 1800 1124 1832 nihil
1139 1811 1229 1843 opus.
1253 1800 1327 1831 Val.
1342 1800 1448 1831 Flacc.
1465 1800 1508 1831 iv.
1525 1801 1602 1830 211.

1062 1850 1111 1881 Sic
1133 1853 1238 1892 ingens
1252 1850 1329 1880 Asiae
1345 1851 1450 1891 plaga,
1467 1851 1573 1890 quique
1584 1861 1639 1890 per

1105 1902 1220 1931 Arcton

1020 1948 1143 1985 Denter,
1160 1956 1187 1980 et
1202 1951 1234 1979 in
1251 1949 1354 1979 Iterum
1368 1950 1578 1988 pontzisjacet.

976 2000 1016 2030 Et
1029 1999 1074 2030 ita
1088 1999 1201 2029 millies
1216 1998 1322 2028 Po'etae
1338 2002 1370 2027 et
1385 1996 1576 2038 Geographi.

1018 2050 1073 2080 29.
1098 2048 1248 2088 Accipit.]
1278 2047 1408 2086 Excipit,
1425 2047 1509 2087 quod
1528 2048 1562 2078 in
1585 2057 1640 2077 an—

976 2098 1071 2140 tiquis
1087 2096 1287 2133 editionibus,
1303 2096 1358 2127 sed
1370 2095 1402 2126 in
1413 2094 1506 2126 nullis
1518 2095 1641 2126 Heinsii

977 2147 1136 2179 codicibus
1151 2152 1264 2183 exstat,
1276 2146 1428 2188 probabat
1439 2144 1589 2176 Francius
1602 2156 1640 2176 ex

976 2197 1037 2239 Ep.
1063 2196 1128 2227 xvi.
1154 2197 1226 2228 127.
1253 2195 1378 2236 Excepti
1401 2195 1523 2234 hospitio
1546 2194 1641 2225 etiam

978 2246 1060 2288 apud
1074 2246 1142 2277 Liv.
1158 2246 1214 2276 lib.
1232 2246 1254 2276 i.
1273 2246 1328 2275 22.
1345 2243 1399 2275 ubi
1415 2244 1549 2283 hospitio,
1565 2254 1641 2274 auc-

977 2301 1042 2326 tore
1059 2295 1175 2327 Codice
1192 2294 1347 2330 Palatino,
1364 2293 1523 2324 exturbari
1537 2292 1643 2335 placet

978 2344 1158 2381 Gebhardo,
1182 2355 1244 2375 non
1268 2343 1356 2374 mihi.
1389 2342 1440 2373 hic
1467 2352 1540 2373 vero
1565 2341 1641 2372 nihil

978 2399 1077 2425 muto.
1102 2394 1209 2425 Livius
1221 2393 1307 2424 xxix.
1323 2394 1373 2424 11.
1399 2391 1475 2422 Tum
1487 2397 1642 2427 curarent,

977 2450 1013 2474 ‘ut
1038 2455 1112 2480 eam,
1138 2446 1188 2484 qni
1217 2445 1264 2473 vir
1288 2444 1416 2482 optimus
1441 2441 1539 2471 Roma>
1562 2446 1643 2476 esset,

979 2493 1101 2532 hospitio
1138 2494 1296 2532 acciperet.
1340 2490 1394 2522 ubi
1432 2490 1571 2521 Gronov.
1611 2489 1642 2519 in

978 2543 1072 2573 MSS.
1100 2541 1196 2573 etiam
1226 2544 1373 2582 exciperet
1398 2550 1465 2571 esse
1495 2544 1642 2570 testatur.

979 2592 1097 2622 Bunm.

1026 2641 1145 2681 Ere-ipit
1169 2641 1291 2680 hospitio
1301 2642 1430 2679 juvenes
1447 2639 1535 2668 AE'e'ta
1557 2638 1643 2667 relic-

981 2691 1052 2731 tos.]
1080 2691 1121 2721 Et
1134 2691 1166 2721 in
1178 2690 1237 2720 hoc
1255 2699 1343 2720 versu
1356 2687 1504 2719 addidere
1517 2686 1644 2727 quidam

984 2741 1087 2776 Pater,
1109 2745 1144 2769 ut
1165 2738 1371 2779 bissyllabum
1395 2738 1471 2768 Atta
1494 2736 1643 2769 facerent,

981 2799 1051 2820 cum
1068 2795 1172 2819 tamen
1196 2787 1407 2829 trissyllabum
1431 2786 1528 2821 siunt
1551 2783 1644 2825 paulo

1098 2842 1123 2871 L
