1849 3198
412 656 802 710 LECTORI
859 656 1307 710 MONITUM

163 838 332 892 Quum
375 840 423 886 in
468 841 716 888 uberrimo
754 840 1012 896 Amorum,
1057 840 1376 895 Fabrssarum,
1420 838 1557 886 Reli-

158 926 376 988 gionum,
410 945 574 992 neque
613 929 788 976 eodem
828 928 1126 992 politissimo
1164 928 1404 992 scriptore
1440 926 1558 973 Ovi-

160 1016 257 1072 dio,
293 1017 415 1080 quid
451 1017 633 1065 dixerit
664 1017 847 1081 potius,
883 1034 1034 1080 quam
1072 1016 1322 1081 quomodo
1359 1014 1558 1069 dixerit,

160 1119 323 1151 rerum
349 1104 583 1152 studiosis
609 1104 948 1166 indagandum
967 1105 1208 1161 videatur,
1231 1112 1425 1151 textum
1448 1118 1558 1166 per-

160 1191 333 1254 paucis
371 1199 618 1239 mutatum
652 1192 1037 1240 Burmannianae
1079 1193 1209 1239 illius
1244 1189 1476 1239 editionis
1511 1189 1559 1236 in

161 1280 289 1327 hanc
327 1288 545 1328 nostram
583 1281 773 1345 placuit
812 1282 1050 1346 recipere,
1088 1280 1435 1329 adnotationes
1474 1294 1559 1325 au-

158 1376 277 1424 tem,
312 1370 351 1415 si
385 1370 547 1416 minus
581 1370 644 1417 ad
682 1370 1069 1425 emendandum,
1105 1369 1166 1416 ad
1204 1366 1561 1431 explicandum

161 1456 326 1504 forsan
364 1456 573 1504 Poetam
618 1457 821 1505 idoneas
865 1475 892 1505 e
933 1458 1216 1505 criticorum
1255 1454 1560 1503 doctissimis

162 1544 370 1592 adferre.
446 1545 542 1591 Cui
575 1545 792 1610 incoepto
818 1545 866 1592 in
892 1545 1063 1609 primis
1096 1544 1319 1592 subsidio
1344 1543 1560 1596 fuerunt,

136 1633 243 1680 ‘hic
282 1634 399 1690 suis,
428 1634 604 1681 alienis
638 1635 719 1682 ille
752 1634 926 1698 copiis,
956 1633 1231 1681 Lemairius
1268 1632 1473 1696 quidem
1512 1637 1563 1677 et

167 1721 453 1779 Harlesius;
495 1739 557 1769 ne
589 1730 757 1769 tamen
792 1738 818 1769 e
853 1723 991 1786 prelo
1019 1721 1309 1768 Britannico
1343 1719 1563 1783 prodiret

163 1810 295 1857 omni
332 1809 634 1857 Britannicae
672 1809 962 1857 eruditionis
999 1826 1093 1873 ope
1134 1809 1406 1856 destitutus
1441 1807 1558 1852 Ovi-

163 1898 290 1954 diuS,
341 1897 472 1946 cavit
517 1897 775 1960 diligentia
822 1897 1014 1961 patroni
1066 1897 1139 1943 sui
1189 1894 1557 1960 typographici,

164 1985 250 2050 qui
288 1994 431 2033 notas
470 1986 813 2048 lectionesque
848 1984 1171 2032 Bentleianas
1209 2000 1236 2031 e
1273 1982 1473 2029 schedis
1513 1981 1561 2027 in

167 2074 300 2121 Mus.
344 2074 490 2121 Britt.
530 2073 771 2137 depositis
808 2089 938 2119 nunc
984 2072 1198 2136 primum
1236 2071 1559 2134 depromptas

165 2162 312 2226 adjici
337 2162 542 2210 curavit.

217 2312 354 2349 Oxos.
376 2310 484 2347 Blar.
507 2310 619 2354 1827.
