1849 3198
216 217 274 260 32
602 217 652 258 P.
686 211 900 259 OVIDII
932 217 1211 261 NASONIS

219 333 417 396 Perque
431 338 571 379 tuum
586 339 908 397 nostrumque
923 342 1202 398 caput,quae
1212 334 1467 398 junximus
1477 351 1598 393 una;

285 409 484 472 Perque
507 415 618 456 tuos
643 425 804 465 enses,
831 411 1030 473 cognita
1052 413 1152 459 tela
1174 412 1296 460 meis
1315 430 1326 470 ;

220 488 371 536 Nulla
396 486 712 550 Mycenaeum
737 487 952 535 sociasse
977 489 1158 537 cubilia
1180 504 1376 537 mecum

284 564 314 611 J
319 582 405 612 uro
423 582 432 612 :
454 565 705 612 fallentem
722 565 1000 613 deseruisse
1023 566 1159 613 velis.

1512 567 1604 611 110

222 643 275 690 Si
300 642 389 690 tibi
414 659 544 689 nunc
569 643 762 690 dicam:
793 642 1095 699 Fortissime,
1121 649 1175 689 tu
1200 659 1399 706 quoque
1418 643 1546 706 jura,

287 719 438 767 Nulla
461 720 550 767 tibi
576 720 681 767 sine
706 736 785 767 me
811 720 992 782 gaudia
1015 719 1171 768 facta:
1200 736 1369 782 negeS.

228 796 297 844 At
321 796 483 844 Danai
507 813 712 844 moerere
737 803 929 860 putant.
968 797 1057 844 tibi
1083 797 1280 861 plectra
1303 803 1588 844 moventur:

286 874 357 921 Te
382 881 518 921 tenet
544 874 595 920 in
619 873 786 938 tepido
811 874 971 921 mollis
997 874 1156 921 amica
1179 874 1305 921 sinu,

221 952 287 1000 Et
311 953 351 999 si
377 951 488 1014 quis
514 958 717 1014 quaerat,
746 967 898 1014 quare
922 967 1143 1015 pugnare
1167 967 1365 998 recuses
1385 967 1394 998 ε

1514 951 1604 996 115

287 1029 465 1092 Pugna
478 1036 645 1077 nocet:
668 1029 888 1085 citharae,
901 1045 1114 1092 voxque,
1131 1028 1401 1091 Venusque
1411 1028 1603 1090 juvant.

219 1107 394 1154 Tutius
421 1113 497 1154 est
515 1107 734 1170 jacuisse
759 1114 880 1162 toro,
907 1106 1127 1154 tenuisse
1151 1105 1383 1169 puellam,

288 1183 565 1231 Threiciam
591 1183 757 1245 digitis
783 1183 1087 1247 increpuisse
1111 1183 1284 1246 lyram,

222 1259 383 1314 Quam
402 1260 629 1307 manibus
649 1261 870 1324 clypeos,
893 1267 943 1307 et
961 1266 1117 1306 acutae
1137 1258 1356 1322 cuspidis
1375 1259 1586 1311 hastam,

288 1337 354 1384 Et
379 1338 569 1400 galeam
594 1354 767 1401 pressa
786 1337 1079 1384 sustinuisse
1097 1352 1255 1384 coma.

1514 1337 1605 1380 120

223 1415 320 1462 Sed
349 1415 438 1462 tibi
463 1432 551 1479 pro
575 1416 693 1462 tutis
719 1415 930 1478 insignia
954 1415 1086 1462 facta
1109 1414 1402 1478 placebant:

288 1491 540 1554 Partaque
564 1493 794 1539 bellando
819 1492 973 1554 gloria
996 1492 1153 1539 dulcis
1179 1498 1298 1538 erat.

220 1568 298 1616 An
317 1576 524 1625 tantum,
547 1570 664 1616 dum
684 1587 763 1617 me
783 1586 1005 1633 caperes,
1026 1569 1128 1616 sera
1146 1569 1277 1615 bella
1294 1565 1574 1631 probabas?

289 1646 517 1709 Cumque
544 1661 655 1693 inea
678 1647 838 1710 patria
861 1647 966 1693 laus
992 1653 1078 1693 tua
1100 1645 1231 1693 victa
1248 1644 1417 1708 jacet?

265 1749 336 1779 109.
364 1749 459 1778 Nulla
478 1749 691 1790 Ilfycemrum]
714 1750 782 1780 Hoc
798 1749 880 1780 idem

221 1797 297 1827 dicit
323 1798 444 1827 Nestori
469 1797 684 1838 Agamemnon
709 1798 791 1839 apud
815 1799 880 1829 Ho-

221 1856 337 1876 merum
352 1846 430 1875 libro
445 1846 584 1887 superius
599 1846 705 1877 citato.
753 1847 844 1877 C1or.

271 1896 341 1925 112.
376 1896 473 1925 Nulla
513 1897 566 1925 tihi
598 1897 659 1925 sine
696 1907 738 1926 me
766 1899 881 1937 gaudia

209 1943 330 1984 fiir-ta]
349 1944 428 1974 Puto
442 1951 542 1984 pacta.
572 1944 643 1975 Art.
659 1944 766 1975 Amat.

264 1994 296 2021 Si
311 1994 458 2028 dederint,
471 1999 495 2023 et
513 2004 559 2023 vos
570 1995 683 2034 gaudia
697 2000 784 2032 pacta
800 1995 880 2024 date.

219 2041 269 2072 Sic
297 2047 328 2072 et
346 2048 439 2081 pac-tce
465 2048 560 2072 weles
582 2043 663 2084 apud
689 2042 882 2084 Propertium

219 2088 262 2119 iv.
288 2090 377 2130 Eleg.
402 2091 433 2120 3.
458 2097 558 2131 potest
581 2096 612 2121 et
642 2091 769 2131 vulgata
798 2091 879 2121 ferri.

220 2139 393 2169 mesws.
441 2139 541 2169 Recte
570 2139 699 2169 mutavit
735 2139 882 2170 Heinsius

220 2187 441 2228 conjecturam.
463 2198 532 2218 narn
559 2188 667 2218 Latine
691 2188 752 2218 dici
767 2190 882 2229 gaudia

210 2236 319 2277 fimare
330 2236 406 2277 jam,
422 2242 455 2266 ut
470 2236 639 2267 vindicaret
654 2237 815 2277 antiquum
833 2237 879 2267 in-

220 2290 395 2326 terpretem,
422 2285 555 2315 ostendit
582 2285 713 2315 Drusius
737 2286 777 2316 ad
805 2286 880 2316 Act.

222 2334 330 2374 Apost.
351 2346 401 2364 xv.
417 2336 448 2364 3.
463 2334 544 2364 Plin.
558 2334 610 2364 vii.
624 2336 676 2364 42.
704 2336 807 2365 Cetera
831 2347 879 2366 em—

220 2383 457 2423 mnplufhrtmur
469 2385 613 2413 variantis
630 2385 786 2413 innumera
797 2390 880 2414 suut.

227 2431 340 2460 Etenim
366 2432 521 2472 qmrfecit
548 2444 653 2471 magna
676 2435 800 2473 gaudia,
825 2435 881 2463 nisi

222 2490 249 2510 8.]
270 2481 375 2509 mulis?
400 2481 560 2511 Paullinus
577 2481 683 2511 Natali
700 2481 752 2511 vii.
767 2482 865 2523 princ.

254 2528 312 2558 Ista
326 2531 390 2558 luce
401 2536 495 2559 tulmen
511 2532 588 2559 nobis
599 2532 647 2568 pia
658 2533 771 2571 gaudia
784 2533 881 2561 latum

250 2578 430 2618 Ver-farine!
440 2580 529 2613 cedit,
539 2580 632 2617 pulsis
641 2592 657 2608 a
666 2586 780 2618 pectore
792 2583 882 2616 curis,

248 2627 369 2662 Moeror,
386 2628 474 2656 hiems
490 2629 592 2657 animi.

225 2676 274 2705 lta
285 2675 365 2705 enini
379 2676 459 2705 malo
469 2676 569 2715 legere
580 2687 672 2718 quam
687 2677 882 2718 rev-socium,

222 2725 310 2754 cedit.
355 2723 472 2754 Bmm.

270 2772 343 2802 113.
370 2771 434 2802 Tibi
447 2773 560 2812 plectra
574 2773 756 2813 invisentum]
776 2773 813 2804 Id
825 2780 881 2809 est,

946 1750 994 1781 Tu
1023 1749 1149 1781 citharae
1172 1749 1335 1789 indulges:
1361 1758 1432 1778 nam
1457 1746 1609 1789 plectrum

948 1805 1005 1835 est,
1017 1810 1078 1841 quo
1093 1800 1208 1830 chorda
1219 1798 1371 1839 tangitur:
1388 1797 1542 1828 interdum
1555 1807 1609 1838 pro

948 1855 1011 1879 tota
1027 1849 1146 1879 cithara
1160 1849 1295 1890 ponitur.
1341 1848 1494 1878 Hvssenr.

995 1900 1066 1928 114.
1108 1899 1208 1928 Mollis
1236 1897 1369 1937 andem]
1422 1895 1608 1927 Diomedam

949 1941 1135 1972 Phorbantis
1160 1942 1255 1971 filiam
1280 1940 1454 1982 significare
1477 1939 1609 1974 videtur,

949 2002 1012 2031 qua
1027 2002 1097 2021 cum
1119 2001 1151 2021 se
1174 1990 1328 2020 delectare
1355 1988 1549 2019 consuevisse
1564 1987 1609 2018 A-

949 2040 1086 2075 chillem,
1115 2039 1220 2070 ablata
1248 2037 1468 2080 Hippodamia,
1503 2036 1610 2067 scribit

949 2089 1114 2119 Homerus.
1160 2088 1246 2118 ANT.

995 2138 1063 2168 116.
1084 2137 1204 2177 Noxque
1221 2135 1403 2176 Venusque]
1419 2134 1528 2176 Ampl.
1545 2134 1609 2165 Cu-

949 2197 1039 2228 perus
1055 2187 1085 2217 in
1101 2185 1197 2216 literis
1213 2185 1252 2216 ad
1268 2184 1430 2215 Heinsium
1448 2183 1542 2214 etiam
1558 2194 1611 2213 vom

949 2237 1110 2278 probabat,
1143 2236 1196 2266 sed
1226 2235 1434 2276 conjungebat
1469 2244 1539 2264 cum
1565 2233 1610 2264 ci-

948 2285 1055 2321 tharae,
1072 2291 1105 2315 ut
1123 2287 1243 2315 eitharae
1264 2289 1343 2315 esset
1358 2282 1485 2314 secundi
1510 2293 1610 2319 casus,

950 2339 983 2364 ut
999 2334 1081 2375 apud
1098 2335 1259 2364 Maronem
1275 2332 1331 2362 lib.
1345 2332 1385 2362 vi.
1398 2332 1472 2362 646.
1498 2332 1611 2371 Septem

949 2384 1123 2413 discrimina
1155 2394 1251 2413 vocum
1282 2381 1394 2412 fidibus
1428 2381 1551 2417 dantur,
1581 2386 1613 2412 et

950 2431 1102 2461 Homerus
1117 2431 1206 2471 βοὴν
1221 2430 1274 2461 dat
1290 2430 1415 2460 citharae
1437 2435 1468 2460 et
1483 2430 1609 2469 φώνην.

948 2480 1002 2510 sed
1019 2480 1085 2510 haec
1102 2481 1140 2511 ab
1157 2479 1313 2510 Ovidiana
1333 2478 1529 2520 simplicitate
1545 2479 1610 2509 lon-

950 2529 1018 2569 gius
1034 2530 1161 2559 abeunt.
1209 2530 1326 2559 Bunm.

997 2579 1067 2608 124.
1104 2578 1183 2607 Laus
1213 2584 1264 2607 tua
1295 2578 1371 2606 ricta
1393 2576 1509 2616 jacen]
1545 2576 1610 2606 Tibe·

951 2628 1030 2656 victa
1046 2627 1123 2657 alter
1138 2626 1361 2665 Scriverianus.
1379 2632 1409 2656 et
1430 2625 1608 2655 Ilelmstad.

951 2676 1043 2715 paulo
1059 2675 1230 2706 venustius.
1256 2674 1332 2706 Vid.
1343 2675 1442 2716 Epist.
1454 2673 1517 2704 viii.
1539 2675 1609 2704 100.

953 2724 1125 2755 11E1Nsws.
