1849 3198
614 231 955 275 HEROIDES.
989 231 1080 272 ΕΡ.
1114 231 1205 272 ΧΙ.

1521 231 1604 272 137

225 351 316 399 Ille
342 350 474 397 Noto
499 349 845 413 Zephyroque,
872 353 923 394 et
948 346 1173 393 Sithonio
1197 345 1432 410 Aquiloni

292 427 525 491 Imperat,
552 433 602 473 et
625 424 817 489 pennis,
847 422 978 470 Eure
1004 430 1244 486 proterve,
1270 423 1385 470 tuis.

226 504 445 568 Imperat
462 502 602 566 (heu)
623 502 781 549 ventis
799 520 809 559 ;
838 501 1039 548 tumidae
1060 517 1158 547 non
1173 501 1382 563 imperat
1406 501 1487 548 irae
1507 518 1517 548 ε
1545 503 1602 548 15

294 581 524 628 Possidet
548 586 600 626 et
620 579 750 626 vitiis
776 594 928 640 regna
951 578 1141 624 minora
1165 577 1283 623 suis.

226 656 358 711 Quid
378 659 532 720 juvat,
560 656 809 703 admotam
834 671 922 718 per
947 670 1146 701 avorum
1171 653 1372 700 nomina
1395 653 1535 709 coelo,

292 734 427 782 Inter
451 741 688 796 cognatos
713 749 861 796 posse
886 731 1064 779 referre
1088 730 1117 777 J
1123 731 1296 777 ovem?

225 811 361 858 Num
385 811 545 857 minus
570 810 818 865 infestum,
844 809 1069 856 funebria
1091 823 1310 863 munera,
1337 807 1517 854 ferrum

293 888 528 935 Feminea
550 895 711 943 teneo,
739 904 837 934 non
861 903 973 934 mea
995 886 1109 941 tela,
1136 885 1317 932 manu?

1542 888 1605 930 20

227 964 270 1010 O
297 965 500 1020 utinam,
529 964 782 1019 Macareu,
810 980 922 1026 quae
948 979 1036 1010 nos
1062 962 1309 1009 commisit
1332 961 1381 1007 in
1406 977 1573 1017 unum,

290 1041 523 1089 Venisset
546 1042 645 1088 leto
671 1041 822 1088 serior
846 1041 967 1087 hora
989 1039 1127 1086 meo!

228 1117 330 1164 Cur
353 1134 588 1180 umquam
615 1118 726 1181 plus
752 1133 847 1173 me,
873 1116 1037 1172 frater,
1060 1132 1211 1179 quam
1228 1114 1377 1163 frater
1401 1115 1604 1162 amasti?

293 1194 360 1241 Et
382 1195 487 1251 tibi,
514 1210 612 1241 non
636 1195 787 1241 debet
811 1194 945 1256 quod
971 1209 1105 1240 soror
1130 1209 1255 1248 esse,
1282 1192 1384 1239 fui?

227 1270 346 1335 Ipsa
369 1288 570 1335 quoque
594 1271 802 1318 incalui:
843 1270 1143 1333 qualemque
1174 1270 1343 1317 audire
1368 1269 1603 1325 solebam,

294 1348 478 1396 Nescio
504 1365 653 1411 quem
678 1349 809 1396 sensi
834 1349 982 1396 corde
1006 1354 1207 1411 tepente
1233 1347 1412 1393 Deum.
1541 1349 1603 1392 26

227 1425 441 1488 Fugerat
464 1442 546 1473 ore
571 1426 730 1474 color:
770 1426 953 1473 macies
979 1426 1254 1473 adduxerat
1278 1431 1440 1471 artus:

293 1502 567 1550 Sumebant
590 1503 816 1551 minimos
842 1520 926 1550 ora
949 1510 1121 1550 coacta
1145 1503 1298 1549 cibos.

228 1579 275 1627 N
281 1596 337 1627 ec
363 1580 520 1626 somni
544 1579 730 1636 facileS‚
758 1587 807 1627 et
832 1597 931 1627 nox
956 1587 1061 1628 erat
1086 1595 1248 1627 annua
1269 1579 1441 1626 nobis:

293 1656 360 1704 Et
383 1656 622 1720 gemitum
647 1658 779 1704 nullo
804 1657 923 1705 laesa
951 1658 1117 1705 dolore
1142 1657 1339 1704 dabam.

269 1796 322 1826 17.
348 1795 528 1836 Quidjuvat
539 1798 695 1832 admotam,
707 1796 786 1837 &c.]
808 1797 881 1827 Pla-

225 1855 283 1875 nus
298 1855 404 1875 sensus
419 1850 478 1881 est,
495 1855 556 1876 non
570 1845 729 1886 figuratus,
741 1851 776 1875 ut
791 1846 882 1876 Com-

225 1900 376 1925 mentator
399 1893 605 1925 existimavit:
630 1900 676 1925 est
699 1894 780 1924 enim
795 1894 880 1930 ordo,

226 1943 302 1984 quid
322 1943 424 1985 juvat,
452 1953 502 1973 me
526 1954 580 1985 per
606 1943 730 1973 nomina
757 1953 883 1973 avorum

226 1992 382 2023 admotam
419 1991 510 2028 coelo,
540 1992 597 2022 hoe
626 1996 673 2022 est
706 1991 886 2023 coelestibus

226 2041 424 2082 conjunctam
456 2046 487 2071 et
523 2040 657 2076 affinem,
683 2051 771 2082 posse
807 2039 886 2070 inter

226 2095 374 2131 cognatos
401 2091 511 2122 Jovem
535 2090 668 2121 referre?
702 2090 758 2120 hoc
782 2096 885 2120 autem

226 2150 263 2171 eo
277 2139 422 2181 pertinet,
441 2139 523 2180 quod
545 2138 661 2180 primus
683 2139 793 2169 AEolus
807 2139 884 2169 Hel-

225 2188 305 2220 Ienis
320 2188 401 2219 filius
416 2188 483 2224 fuit,
499 2187 613 2219 Hellen
635 2187 734 2219 Jovis.
781 2188 884 2224 Quare

226 2248 282 2280 per
297 2237 406 2268 seriem
429 2247 568 2272 avorum,
586 2242 617 2267 et
640 2237 705 2278 ipsa
720 2236 759 2267 ad
774 2237 884 2268 Jovem

227 2297 325 2327 genus
339 2296 429 2316 suum
444 2285 606 2316 referebat.
628 2286 757 2316 an.

274 2335 323 2365 19.
350 2334 412 2365 Nec
427 2334 554 2374 minnan]
583 2335 666 2375 Lege
681 2346 753 2364 wrm
768 2335 883 2365 miuus?

226 2383 456 2424 interrogative.
494 2384 621 2413 M1cx‘1..
668 2384 724 2414 Vir
756 2383 884 2425 quidam

229 2443 289 2463 non
323 2431 493 2462 ineruditus
522 2431 553 2462 in
587 2432 747 2473 Supplein.
775 2432 882 2463 Actor.

230 2480 366 2522 Lipsien.
381 2486 457 2511 tom.
478 2481 519 2511 vi.
535 2486 610 2511 sect.
627 2481 658 2511 ii.
675 2493 706 2522 p.
720 2482 771 2511 80.
788 2481 881 2522 legit:

273 2529 348 2559 Cum
365 2531 460 2559 minus
475 2530 624 2571 injustum,
641 2531 700 2560 otc.

230 2578 321 2609 Certe
331 2589 391 2608 non
402 2578 527 2618 genium
540 2579 591 2609 ille
600 2578 762 2610 Ovidianoe
774 2590 884 2609 venus-

229 2627 300 2657 tatis
316 2627 443 2668 adsequi
460 2627 592 2658 videtur.
614 2634 644 2658 et
663 2634 744 2658 recte
769 2629 808 2658 ab
824 2628 884 2658 alio

230 2676 294 2707 viro
305 2676 337 2706 in
352 2676 459 2707 iisdem
471 2677 559 2708 Actis
570 2678 612 2708 A.
627 2687 771 2708 nnccxv.
785 2676 885 2718 April.

230 2736 263 2767 p.
284 2726 353 2756 178.
369 2726 517 2757 refutatus
533 2733 591 2758 est.
616 2727 731 2758 Bmm.

274 2775 328 2805 27.
353 2776 555 2817 Atidium-an]
587 2776 680 2807 Ratio
710 2777 751 2807 ita
781 2776 884 2816 legen-

1542 1658 1606 1702 30

948 1797 1023 1828 dum
1037 1795 1214 1839 persuadet.
1239 1796 1418 1827 CrorAxcs.
1443 1794 1528 1825 Vera
1540 1794 1606 1825 lec-

949 1846 1004 1877 tio.
1029 1847 1139 1876 fmstra
1153 1845 1276 1876 codices
1298 1846 1472 1881 abduxerat,
1488 1850 1520 1874 et
1542 1844 1607 1874 edi-

952 1895 1049 1926 tiones
1073 1894 1218 1936 quaedam
1239 1895 1409 1924 obduxerat.
1454 1893 1544 1934 Virg.
1560 1893 1607 1925 iii.

952 1944 1068 1984 Georg.
1085 1944 1160 1973 483.

1118 2010 1162 2015 —-
1180 1991 1236 2022 Ubi
1251 1993 1338 2032 ignea
1351 1993 1433 2022 renis

997 2042 1138 2072 Omnibus
1151 2047 1219 2070 acta
1233 2042 1297 2071 sitis
1312 2043 1426 2071 miseros
1441 2041 1608 2070 adduxerat

1037 2097 1132 2121 artus.
1155 2090 1274 2120 mes.

995 2142 1049 2171 28.
1076 2140 1137 2170 Ora
1152 2139 1280 2180 coacta]
1306 2139 1383 2169 Haec
1397 2139 1539 2181 probant,
1553 2141 1607 2169 acl-

952 2193 1078 2222 ‹luaerat
1094 2189 1261 2231 legendum
1278 2199 1343 2220 esse
1366 2188 1397 2219 in
1420 2189 1607 2230 praecedenti

951 2250 1056 2270 versu:
1087 2239 1170 2269 idem
1193 2238 1276 2268 enim
1300 2243 1399 2268 notat.
1430 2248 1501 2268 nam
1526 2237 1606 2268 male

952 2288 1144 2320 Hubertinus
1177 2287 1303 2329 exponit
1334 2289 1492 2327 compulsu,
1525 2287 1607 2318 Cris—

951 2337 1041 2379 pinus
1078 2339 1193 2373 z'nvita,·
1231 2342 1277 2367 est
1302 2336 1384 2366 enim
1412 2335 1495 2366 idem
1524 2335 1606 2377 quod

951 2392 1119 2421 contracta,
1132 2385 1250 2416 minora
1264 2396 1318 2426 per
1332 2385 1463 2415 maciem
1472 2389 1504 2415 et
1518 2385 1607 2425 aegri-

951 2436 1089 2466 tudinem
1105 2436 1198 2469 facta,
1216 2434 1260 2465 sic
1279 2436 1359 2464 virus
1377 2441 1520 2468 coactum,
1545 2435 1603 2464 Lu-

952 2496 1019 2515 can.
1033 2485 1074 2514 vi.
1087 2486 1162 2515 548.
1186 2490 1285 2513 coacta
1302 2490 1452 2523 tempestas
1464 2482 1607 2512 Lucretio

952 2534 1006 2563 lib.
1025 2533 1045 2564 i.
1061 2534 1133 2563 762.
1156 2533 1209 2563 ubi
1224 2540 1306 2562 recte
1324 2531 1467 2563 (jifanius
1489 2534 1606 2561 densam

951 2582 1096 2623 explicat,
1107 2589 1138 2612 et
1152 2581 1363 2612 observatione
1375 2581 1501 2621 dignam
1515 2580 1606 2622 phra—

952 2630 997 2660 sin
1014 2636 1110 2661 notat.
1136 2631 1179 2660 sie
1202 2636 1232 2660 et
1248 2642 1349 2671 eogere
1364 2630 1494 2660 fullones
1510 2629 1603 2659 vesti-

951 2686 1066 2715 menta,
1093 2685 1125 2709 et
1147 2678 1200 2709 alii
1223 2679 1355 2709 artifices
1379 2678 1536 2709 materiem
1555 2677 1603 2707 di-

952 2734 1074 2765 cuntur,
1092 2738 1184 2770 quam
1199 2727 1401 2759 condensam.
1425 2727 1541 2757 Eunu.
