1849 3198
229 227 257 268 4
614 224 664 265 Ρ.
698 221 910 264 OVIDII
944 218 1223 263 NASONIS

232 340 445 404 Argolici
472 339 660 388 rediere
684 339 864 386 duces:
891 337 1064 385 altaria
1086 335 1298 382 fumant:

1553 335 1616 379 25

300 417 506 464 Ponitur
531 416 592 463 ad
617 416 801 479 patrios
825 414 1035 462 barbara
1058 412 1227 476 praeda
1251 411 1403 458 Deos.

235 496 390 542 Grata
412 494 573 541 ferunt
598 492 847 556 Nymphae
873 508 961 555 pro
986 491 1131 538 salvis
1156 491 1287 537 dona
1308 487 1523 535 maritis:

302 572 380 618 Illi
403 571 532 618 victa
556 570 656 617 suis
682 569 828 615 Troia
845 569 944 615 fata
968 574 1166 615 canunt.

238 650 480 697 Mirantur
499 648 723 712 justique
749 663 909 702 senes,
937 645 1244 709 trepidaeque
1269 641 1474 706 puellae:

305 725 562 774 Narrantis
588 725 770 787 conjux
795 724 981 787 pendet
1006 723 1067 768 ab
1093 737 1176 768 ore
1193 720 1297 767 viri.

1557 721 1620 765 30

238 804 405 867 Atque
430 801 607 865 aliquis
633 801 796 865 posita
819 805 1060 848 monstrat
1085 798 1188 844 fera
1211 795 1384 860 proelia
1408 810 1594 841 mensa.

305 879 475 942 Pingit
499 885 549 926 et
572 878 751 940 exiguo
776 877 1023 939 Pergama
1045 881 1149 923 tota
1172 889 1323 921 mero.

239 1019 322 1055 fecit,
338 1029 357 1049 a
370 1018 512 1049 Patroclo
533 1017 597 1060 ipse
620 1022 728 1059 postea
752 1015 896 1046 interfec-

239 1075 299 1104 tus,
315 1068 402 1109 cujus
422 1067 554 1097 cadaver
569 1065 601 1096 in
617 1065 743 1108 Lyciam
759 1065 896 1095 delatum

239 1118 355 1149 ibidem
370 1115 475 1147 scribit
490 1116 615 1145 Homer.
653 1115 793 1145 CrorAN.

298 1169 350 1198 25.
386 1167 507 1197 Altaria
533 1164 691 1206 januum]
739 1162 900 1204 Disposita

240 1227 351 1258 nempe
366 1215 481 1256 ubique
497 1216 534 1245 ob
550 1214 672 1244 felicem
687 1213 837 1244 victorum
852 1222 898 1242 re-

241 1266 350 1297 ditum.
396 1265 446 1295 De
469 1274 530 1305 quo
556 1274 639 1294 more
661 1263 837 1294 Casaubon.
858 1261 898 1291 ad

241 1315 326 1346 Suet.
343 1313 444 1354 Calig.
455 1324 525 1354 cap.
536 1312 602 1343 xiii.
625 1313 756 1343 Bernec.
772 1311 811 1341 ad
825 1311 898 1341 Jus-

243 1363 299 1394 tin.
311 1363 396 1394 xxiv.
407 1364 437 1393 3.
475 1363 525 1392 De
541 1361 675 1392 donariis
689 1371 760 1391 vero
775 1371 811 1391 ex
822 1370 899 1401 prae-

244 1412 285 1442 da
293 1412 363 1442 Diis
378 1411 490 1442 oblatis
501 1412 614 1441 Noster
629 1421 711 1452 saepe
727 1409 812 1445 alibi,
824 1414 858 1439 ut
868 1407 900 1438 ii.

245 1461 361 1491 Fastor.
372 1461 444 1490 728.
455 1459 509 1490 vii.
526 1460 605 1489 Met.
617 1460 689 1490 159.
701 1471 730 1490 ν.
744 1457 902 1488 Tomasin.

243 1510 282 1540 de
298 1510 416 1540 Donar.
433 1519 503 1550 cap.
517 1508 578 1544 xxi,
590 1507 664 1538 xxii.
708 1508 826 1538 BunM.

288 1560 342 1589 26.
380 1558 543 1597 Barbara]
582 1557 724 1588 Malebat
754 1557 901 1587 Dardana

245 1607 404 1643 Francius,
423 1607 477 1638 sed
500 1606 570 1647 quis
589 1606 689 1637 nescit
706 1604 852 1636 Barbaros
872 1604 903 1634 in

246 1657 352 1699 primis
368 1657 505 1698 Phryges
520 1655 642 1686 dictos?

288 1706 342 1736 27.
357 1705 571 1746 Grataferunt
585 1702 907 1744 Nympha.]Nz'1fi‹7›m,

247 1761 356 1794 παρίω.
394 1753 560 1784 Graecissat
575 1752 625 1783 hic
641 1751 785 1783 Ovidius.
819 1750 902 1781 Vide

247 1805 372 1834 Festum
393 1803 424 1833 in
442 1803 556 1841 Nupta.
590 1802 703 1832 Parum
728 1807 831 1831 tamen
848 1801 902 1830 ab·

247 1859 305 1889 est,
326 1853 400 1894 quin
423 1862 441 1882 a
464 1852 587 1882 Nasone
614 1856 772 1881 exaratum
798 1850 904 1891 opiner

248 1909 358 1942 nuptm.
396 1902 478 1932 Nam
501 1900 632 1931 alterum
656 1899 748 1942 paulo
770 1899 903 1929 insolen-

248 1951 320 1981 tius.
354 1950 470 1981 Hssms.

291 2000 344 2030 28.
369 1999 458 2028 Troia
469 1998 545 2040 fata
560 1998 703 2037 canunt]
724 1997 829 2027 Codex
846 1995 904 2026 Ar-

250 2048 439 2089 gentinensis
466 2047 540 2078 satis
569 2046 716 2088 antiquus
745 2057 816 2076 cum
845 2057 905 2076 uno

250 2097 407 2132 Mediceo,
437 2097 485 2137 (et
513 2094 789 2133 Francofurtensi,)
816 2095 905 2125 Trn'ia

240 2146 327 2187 sara,
349 2145 447 2185 magis
472 2144 603 2186 poetice.
640 2144 732 2174 Certe
758 2143 907 2184 Virgilius

250 2194 294 2225 sic
318 2194 442 2236 passim,
471 2193 553 2235 apud
590 2203 682 2234 quem
707 2193 826 2229 Tro‘ica,
855 2198 908 2223 aut

256 2244 381 2274 Trn'icus
403 2252 555 2283 nusquam
579 2241 729 2272 invenias.
773 2242 839 2271 Etsi
861 2241 907 2271 di-

253 2303 357 2323 versus
377 2292 415 2322 ab
436 2302 471 2322 eo
492 2291 608 2321 Statius
623 2291 816 2333 plerumque,
832 2296 862 2321 et
877 2290 908 2321 in

253 2340 426 2381 Tragoediis
445 2341 574 2371 Seneca.

299 2391 468 2420 Hmssms.
523 2389 590 2420 Jul.
612 2388 694 2419 Caes.
719 2387 856 2427 Scaliger
877 2387 908 2418 in

256 2439 468 2481 Hypercritico
496 2449 575 2480 page
599 2438 674 2468 785.
703 2437 770 2468 haec
803 2436 908 2467 Ovidii

257 2490 349 2519 verba
385 2488 425 2518 ad
460 2497 631 2522 censuram,
660 2486 790 2527 rigidam
826 2491 908 2517 certe

256 2544 284 2568 et
307 2537 546 2579 superciliosam,
571 2536 685 2577 exegit,
709 2541 740 2566 et
761 2546 821 2566 non
844 2535 907 2566 vic-

255 2592 288 2617 ta
310 2587 405 2616 'l'roi'a
423 2586 496 2622 fata,
513 2585 566 2616 sed
585 2585 694 2616 vicisse
716 2584 812 2615 fatum
835 2584 908 2615 Tro-

252 2635 394 2676 janorum
416 2633 593 2672 contendit3
614 2633 690 2664 vicit
708 2633 789 2663 enim
804 2633 908 2674 Troja-

258 2694 364 2714 norum
380 2688 461 2718 vota,
477 2682 550 2723 quia
570 2682 601 2712 in
621 2682 691 2712 fatis
711 2687 775 2711 erat
788 2681 909 2722 Trojam

258 2731 337 2772 capi.
354 2742 421 2772 quae
438 2741 494 2770 ogo
509 2731 558 2761 vix
575 2729 672 2771 capio.
710 2730 820 2770 Neque
837 2735 910 2770 puto

258 2780 356 2810 virum
386 2779 552 2810 maximum
589 2778 755 2820 pervidisse
788 2789 910 2809 sensum

963 1015 1057 1046 nostri
1074 1015 1190 1050 Poetae,
1203 1013 1257 1055 qui
1270 1023 1306 1043 ex
1319 1010 1529 1053 superstitiosa
1538 1016 1623 1042 vete-

964 1076 1031 1095 rum
1047 1064 1229 1094 credulitate
1245 1062 1339 1093 debet
1353 1060 1509 1092 illustrari.
1542 1062 1623 1091 Cum

965 1113 1047 1144 enirn
1070 1113 1188 1143 nullam
1213 1117 1347 1153 gentem,
1363 1110 1480 1141 nullam
1503 1111 1623 1146 urbem,

965 1163 1058 1193 immo
1072 1162 1193 1193 nullum
1208 1161 1332 1192 omnino
1347 1160 1507 1190 crederent
1525 1160 1622 1190 homi-

966 1223 1036 1243 nem
1052 1211 1193 1247 existere,
1207 1210 1259 1252 qui
1279 1221 1339 1240 non
1362 1211 1400 1240 ab
1420 1209 1493 1250 ipsis
1512 1209 1623 1240 natali-

967 1263 1024 1292 bus
1047 1272 1104 1292 sua
1127 1261 1242 1302 scripta
1266 1260 1331 1290 fata
1358 1259 1496 1294 haberet,
1525 1270 1623 1300 eaque

966 1321 1032 1341 esse
1057 1309 1265 1340 immutabilia
1292 1313 1462 1339 statuerent
1486 1314 1625 1338 veterum

968 1360 1071 1401 σοφοὶ,
1101 1359 1244 1400 quaedam
1281 1357 1373 1388 simul
1405 1367 1471 1388 esse
1499 1357 1626 1399 majora,

968 1408 1112 1450 quaedam
1133 1407 1249 1438 minora
1273 1407 1347 1442 fata,
1363 1405 1541 1443 credebant,
1558 1406 1624 1437 hzec

968 1468 1056 1499 posse
1071 1456 1153 1488 vinci
1175 1457 1213 1487 ab
1235 1456 1307 1492 illis,
1329 1462 1360 1486 et
1384 1455 1454 1485 ideo
1478 1466 1538 1486 non
1561 1461 1627 1486 tam

969 1505 1093 1536 stabilia
1121 1511 1152 1535 et
1178 1505 1317 1540 immota,
1347 1504 1429 1535 unde
1458 1504 1627 1536 innumeris

969 1555 1050 1597 apud
1067 1556 1179 1585 Po'etas
1197 1554 1272 1585 locis
1292 1554 1345 1584 lux
1368 1554 1627 1586 accommodatur.

971 1605 1087 1635 Lucan.
1100 1603 1140 1635 vi.
1156 1603 1210 1634 lib.
1223 1604 1296 1634 605.

1015 1654 1109 1683 Plura
1123 1652 1161 1682 de
1176 1651 1296 1693 magnis
1311 1658 1341 1682 et
1356 1651 1533 1692 ingentibus
1545 1652 1629 1683 Fatis

972 1703 1018 1734 vir
1043 1713 1134 1744 supra
1157 1702 1280 1743 plebem
1305 1701 1442 1732 eruditus
1468 1701 1630 1732 Bentleius

969 1753 1008 1783 ad
1025 1753 1133 1782 Horat.
1146 1751 1190 1781 II.
1206 1751 1264 1793 Ep.
1275 1751 1296 1781 i.
1309 1751 1338 1782 6.
1383 1751 1500 1781 Bnnm.

1013 1802 1064 1831 31.
1095 1801 1190 1840 Atque
1218 1801 1327 1840 aliquis
1361 1801 1455 1839 posita
1487 1806 1630 1830 monstrat

960 1849 1036 1892 fera
1059 1851 1164 1889 pru’lia
1189 1861 1298 1880 menso.
1345 1849 1453 1890 Pingit
1474 1855 1501 1879 et
1526 1850 1630 1891 exiguo

972 1900 1121 1941 Pergama
1146 1905 1206 1929 tota
1230 1898 1333 1938 merca]
1358 1898 1505 1928 Solebam
1526 1898 1629 1929 Graeci

971 1955 1002 1979 et
1024 1948 1158 1979 Romani
1184 1954 1252 1990 post
1273 1958 1396 1978 coenam
1416 1954 1551 1978 crateras
1565 1946 1629 1978 vini

972 1998 1003 2028 in
1029 2008 1166 2028 mensam
1196 1997 1315 2033 afferre,
1344 2002 1375 2027 et
1403 1996 1501 2027 multo
1526 1996 1631 2028 habito

972 2058 1110 2077 sermone
1132 2047 1171 2077 ad
1195 2045 1325 2077 multam
1346 2052 1469 2077 noctem
1490 2056 1630 2077 somnum

972 2096 1151 2138 producere.
1203 2095 1250 2125 Ex
1279 2105 1315 2125 eo
1346 2095 1414 2125 vino
1451 2094 1569 2135 aliquid
1599 2095 1631 2126 in

974 2155 1080 2175 mensa
1105 2144 1287 2175 fundebant.
1325 2144 1427 2180 Quem
1446 2154 1561 2173 morem
1580 2144 1631 2175 hic

975 2194 1074 2235 tangit
1089 2193 1254 2235 Penelope,
1271 2193 1419 2234 additque
1435 2193 1473 2223 ab
1488 2192 1560 2229 illis,
1577 2193 1630 2235 qui

975 2242 1007 2273 in
1034 2243 1117 2273 bello
1140 2242 1272 2283 Trojano
1297 2242 1460 2277 affuerunt,
1486 2242 1633 2273 uxoribus

975 2291 1038 2322 suis
1065 2291 1238 2332 ceterisque
1262 2290 1438 2321 domesticis
1467 2290 1521 2320 illo
1549 2290 1632 2327 vino,

976 2340 1059 2382 quod
1084 2351 1174 2382 super
1199 2350 1336 2371 mensam
1357 2340 1528 2375 vertebant,
1552 2340 1633 2376 loca,

976 2390 1007 2420 in
1032 2390 1144 2430 quibus
1165 2400 1235 2420 curn
1254 2388 1393 2430 Trojanis
1417 2388 1561 2430 proelium
1585 2388 1633 2419 fu-

975 2444 1041 2470 erat
1069 2438 1276 2474 commissum,
1297 2437 1428 2473 ostendi,
1451 2443 1482 2468 et
1511 2438 1633 2469 univer-

975 2498 1043 2518 sum
1059 2487 1162 2523 Ilium,
1177 2486 1316 2522 fluvium,
1331 2486 1469 2527 aliasque
1484 2485 1567 2516 illius
1583 2497 1633 2517 ur-

974 2535 1022 2566 bis
1036 2543 1138 2578 partes
1152 2535 1290 2577 depingi.
1328 2536 1407 2565 Eum
1422 2534 1526 2570 etiam,
1539 2545 1632 2575 quem

975 2595 1067 2626 supra
1081 2584 1218 2627 exposui,
1235 2594 1349 2614 morem
1360 2583 1477 2614 indicat
1487 2583 1536 2614 hic
1553 2584 1632 2614 Nos-

976 2640 1022 2665 ter
1036 2635 1119 2665 hisce
1136 2633 1203 2665 aliis
1218 2633 1314 2664 locis:

1043 2684 1128 2718 Quod
1136 2684 1264 2714 deducta
1274 2693 1350 2713 mero
1359 2680 1541 2723 litterasecit
1552 2691 1632 2712 Amo.

978 2734 1028 2770 Et,
1059 2733 1150 2763 Verba
1181 2734 1255 2775 leges
1278 2733 1391 2774 digitis,
1413 2733 1499 2763 verba
1530 2736 1632 2761 notata

1084 2787 1171 2807 mero.
