1849 3198
584 248 929 292 HEROIDES.
973 248 1067 291 ΕΡ.
1099 250 1183 292 VI.

1528 254 1585 295 73

195 367 310 415 Non
334 368 440 415 haec
468 366 746 421 AEsonides‚
773 364 863 412 sed
888 362 1099 411 Phasias
1125 366 1319 416 AE‘e'tine

261 445 430 494 Aurea
454 444 702 508 Phryxeae
727 449 870 505 terga
893 442 1084 489 revellit
1107 443 1226 491 ovis.

193 521 311 570 Non
335 523 512 588 probat
531 520 791 569 Alcimede
810 525 969 566 mater
988 525 1096 577 tua3
1126 522 1330 569 consule
1349 529 1582 572 matrem:

261 599 376 648 Non
400 607 556 664 pater,
584 615 614 646 a
636 597 800 661 gelido
825 595 904 642 cui
928 596 1062 644 venit
1087 613 1180 645 axe
1205 615 1375 646 nurus.

193 732 243 764 Sic
259 734 388 765 restituo
401 733 507 764 invitis
523 732 626 764 Codd.
644 732 738 773 vulgo
762 729 857 761 etiarn

192 782 224 812 in
239 783 382 814 omnibus
397 782 484 814 Edit.
506 789 620 823 patres.
640 782 695 812 sed
715 781 858 812 videatur

193 831 393 874 Apollonius.
418 839 506 863 autor
527 838 632 863 autem
656 836 769 867 noster,
785 841 857 860 cum

193 883 296 912 credat
312 881 399 917 dicit,
416 881 455 912 ad
470 880 557 922 vulgi
579 880 739 911 levitatem
760 879 856 920 respi-

193 931 249 962 cit.
274 931 392 963 HEINs.
431 931 507 962 Vid.
525 930 564 961 ad
576 930 652 961 Val.
666 930 753 960 Flac.
770 929 791 959 i.
805 930 856 959 70.

240 982 312 1012 103.
339 982 408 1012 Non
438 982 496 1011 haec
525 981 689 1017 AEsonides‚
714 981 762 1010 sed
781 980 857 1020 filia

195 1030 301 1061 Phasis
316 1031 428 1071 A'e‘tae.]
456 1029 559 1061 Valde
582 1029 772 1070 Naugerius,
789 1027 857 1059 alii-

194 1090 255 1121 que
270 1079 454 1121 interpretes
476 1090 508 1109 se
532 1078 564 1109 in
586 1078 645 1109 hoc
668 1078 737 1109 loco
761 1084 856 1108 torse-

193 1135 275 1166 runt,
291 1135 326 1159 ut
341 1128 449 1160 Carrio
473 1127 564 1159 Notis
581 1127 614 1157 in
636 1128 665 1158 V
668 1127 745 1158 aler.
768 1127 857 1157 Flac-

193 1189 276 1210 cum.
298 1185 330 1210 et
354 1178 485 1210 Vossius
506 1177 577 1208 Art.
604 1177 781 1208 Grammat.
798 1177 855 1207 lib.

193 1228 227 1259 ii.
245 1239 274 1259 c.
292 1228 337 1259 xi.
353 1234 385 1259 et
399 1228 470 1258 libri
485 1228 614 1269 quidam
631 1227 737 1258 Phasis
752 1228 857 1264 AE'e'taffi

193 1279 339 1320 pessime.
370 1279 460 1308 AE'e'ta
476 1278 560 1309 enim
574 1277 624 1308 vel
641 1278 741 1308 AE‘e'tes
755 1277 858 1318 trisyl-

194 1329 301 1359 labum
316 1334 372 1359 est.

193 1378 262 1409 deae
277 1378 392 1419 legitur
405 1389 411 1408 ε

240 1427 361 1467 Excipit
386 1428 510 1467 hospitio
521 1429 649 1467 juvenes
670 1432 758 1466 pater
784 1426 857 1456 AEta

284 1477 436 1519 Pelasgos.

195 1527 235 1557 Et
250 1526 463 1568 Metamorph.
480 1525 536 1556 lib.
554 1525 608 1556 vii.
628 1525 700 1555 170.

239 1577 477 1617 Dissimilemque
502 1577 636 1606 animum
660 1576 750 1605 subiit
771 1579 858 1613 puter

280 1627 353 1656 AEta
366 1627 503 1656 relictus.

195 1676 240 1707 Τὸ
258 1681 345 1714 pater
365 1685 404 1705 ex
429 1673 490 1704 fide
511 1673 698 1715 optimorum
713 1671 857 1702 codicum

195 1725 376 1755 delendum.
414 1723 497 1765 quod
524 1721 649 1764 decepit
674 1732 745 1752 cum
770 1721 857 1757 alios,

195 1779 261 1804 tum
276 1773 463 1804 Salmasium
476 1771 709 1802 Animadversis
721 1771 759 1801 ad
777 1770 857 1801 Flori

194 1823 267 1854 libr.
280 1823 323 1853 iii.
339 1833 367 1854 c.
383 1834 413 1854 v.
428 1828 461 1853 ut
474 1823 547 1852 AEta
562 1832 581 1851 a
596 1822 723 1852 Nasone
738 1820 857 1851 dictum

195 1883 262 1903 esse
286 1871 517 1903 arbitrarentur.
563 1870 651 1901 Idem
671 1876 775 1900 tamen
790 1870 857 1900 Sal-

420 1329 504 1359 Nam
519 1327 603 1369 quod
623 1327 764 1369 Epistola
784 1328 856 1357 Me-

134 1954 139 1957 „
195 1921 311 1952 masius
326 1922 420 1951 AEir'tae
444 1930 557 1950 nomen
572 1919 636 1949 illic
653 1918 742 1949 Floro
758 1918 858 1948 felici-

195 1976 241 2001 ter
255 1969 402 2001 reddidit.
436 1969 556 2000 Auctor
571 1967 680 2009 elegiae
694 1967 726 1997 in
739 1967 857 1998 obitum

195 2019 401 2051 Maecenatis:

237 2070 352 2099 Viscera
362 2070 478 2099 dissecti
489 2072 658 2098 mutaverat
669 2067 772 2096 arietis
781 2078 858 2107 agno

282 2120 388 2155 AE'c'ti's‚
404 2120 497 2149 succis
508 2118 684 2156 omniperita
698 2117 770 2146 suis.

195 2169 245 2200 Sic
261 2169 331 2210 lego
346 2179 383 2199 ex
397 2167 534 2209 vestigiis
549 2172 688 2197 veterum
704 2165 858 2196 codicum.

196 2219 286 2250 aliter
311 2219 410 2249 AEtias
434 2224 462 2248 et
483 2218 586 2248 succis.
633 2216 712 2246 AEtis
734 2226 858 2256 quoque

196 2268 283 2299 dicta
297 2267 472 2310 Apollinari
495 2266 525 2297 in
550 2266 711 2298 Narbone.
732 2276 764 2294 v.
781 2265 857 2294 271.

197 2319 265 2349 Sive
281 2318 359 2348 AEtis
369 2324 396 2347 et
409 2318 543 2357 inclytus
557 2315 659 2346 Iason.
683 2314 728 2345 ita
740 2325 778 2344 ex
791 2325 858 2344 ves-

197 2367 280 2409 tigiis
295 2367 389 2396 MSS.
405 2366 485 2407 lege,
502 2364 533 2395 in
548 2364 661 2406 quibus
676 2364 765 2393 OEtes.
791 2363 858 2394 vul-

197 2427 237 2457 go
252 2414 353 2446 aliter.
393 2413 570 2446 Gronovius
585 2419 687 2444 noster
698 2413 730 2442 in
742 2413 858 2443 Obser-

198 2465 373 2496 vationibus
390 2465 491 2494 AEtam
503 2468 660 2494 contracte
671 2472 726 2504 pro
742 2463 861 2492 AE'c'tam

198 2514 260 2546 dici
284 2525 408 2556 quoque
431 2513 562 2549 monuit,
577 2511 672 2554 idque
696 2512 807 2553 probat
822 2522 859 2542 ex

199 2570 343 2606 corrupto
369 2563 477 2594 Valer.
504 2562 608 2593 Flacci
634 2562 714 2597 loco,
738 2561 769 2591 in
798 2572 860 2602 quo

200 2624 262 2644 non
288 2614 360 2643 Alta
389 2613 442 2643 sed
473 2613 530 2642 AEa
560 2611 757 2642 scribendum
772 2622 779 2648 3
814 2617 861 2641 cst

199 2661 283 2693 enim
308 2662 367 2692 [Ea
392 2661 473 2692 inter
498 2660 671 2702 praecipuas
701 2659 862 2691 Colchidis

199 2711 353 2747 civitates,
366 2711 447 2741 unde
463 2717 495 2741 et
506 2710 623 2741 Medea
637 2711 719 2740 AEau
736 2711 863 2750 venefica

200 2760 325 2791 (licitur.
359 2767 389 2791 et
417 2760 461 2791 sic
491 2758 633 2790 meminit
658 2759 726 2800 ejus
754 2759 861 2789 Schol.

200 2810 329 2842 Pindar.
355 2810 393 2841 ad
411 2809 505 2851 I‘ytli.
523 2809 585 2841 Od.
599 2808 642 2840 iv.
668 2808 815 2840 Ceterum
831 2807 863 2839 in

1494 604 1585 648 106

926 729 1087 761 veterrimo
1099 730 1207 762 codice
1223 731 1384 763 Puteaneo
1399 744 1470 775 pars
1484 738 1588 775 poste-

924 778 985 809 rior
1009 779 1101 821 hujus
1130 791 1237 811 versus
1261 780 1293 811 in
1322 781 1417 812 litura
1441 783 1588 820 cubabat,

925 829 1021 859 veteri
1051 829 1184 860 lectione
1210 841 1309 867 erasa,
1333 832 1422 873 cujus
1442 837 1547 862 tamen
1571 843 1588 863 e

926 878 1065 920 vestigiis
1080 885 1240 921 utcunque
1260 886 1422 922 appareret
1438 881 1588 923 scriptum

924 928 1023 970 primo
1039 928 1132 959 fuisse
1152 930 1278 960 Phasias
1292 931 1425 966 AE'e'tine,
1451 941 1522 961 cum
1545 932 1588 962 Τὸ

914 979 991 1018 filia
1014 989 1032 1009 a
1057 989 1152 1010 manu
1174 979 1314 1010 secunda
1336 986 1416 1011 esset
1431 980 1587 1012 additum.

924 1026 1031 1068 Atque
1053 1027 1134 1058 hanc
1163 1039 1230 1059 esse
1255 1027 1424 1069 genuinam
1453 1029 1590 1060 Nasonis

924 1076 1021 1118 ipsius
1057 1076 1242 1119 scripturam
1279 1078 1378 1108 ausim
1415 1078 1589 1115 adfirmare,

925 1137 1019 1167 quam
1045 1132 1077 1157 et
1099 1126 1294 1157 Mezeriacus
1320 1127 1453 1158 Gallicis
1477 1128 1509 1158 in
1534 1128 1590 1159 lias

925 1175 1082 1217 Epistolas
1102 1176 1205 1213 Notis,
1221 1175 1374 1207 Salmasio
1390 1183 1588 1218 suggerente,

925 1224 1078 1256 laudavit.
1103 1226 1243 1263 AE'e'tine;
1267 1232 1302 1256 ut
1325 1226 1510 1265 Neptuniae,
1528 1227 1590 1258 Ne-

926 1276 1022 1311 reine,
1040 1275 1200 1311 Oceanine,
1216 1276 1389 1311 Adrustine,
1407 1275 1589 1313 Nonae-rime,

930 1324 1073 1360 Evenine,
1087 1330 1118 1355 et
1131 1324 1257 1355 similia.
1283 1325 1367 1365 quod
1379 1324 1473 1355 etiam
1486 1325 1517 1355 in
1534 1336 1588 1355 no-

926 1372 1063 1404 minibus
1091 1374 1211 1404 obtinet
1237 1373 1418 1404 civitatum:
1448 1375 1492 1405 sic
1519 1374 1589 1405 Elen

924 1424 1070 1462 phantine
1098 1424 1130 1454 in
1160 1423 1323 1465 AEthiopia
1347 1423 1468 1461 civitas,
1495 1435 1589 1466 quam

927 1472 1090 1504 Vitruvius
1105 1479 1135 1504 et
1150 1473 1240 1504 Mela
1257 1473 1498 1513 Elephantidem.
1536 1474 1590 1504 In-

925 1523 994 1554 sula
1010 1523 1180 1564 AEthiopiae
1198 1524 1335 1563 Daphnis
1350 1523 1452 1553 Plinio
1469 1530 1500 1553 et
1516 1523 1589 1554 Pto-

925 1573 1035 1603 lemaeo
1051 1579 1097 1603 est
1113 1574 1286 1613 Daphnine.
1333 1573 1404 1604 Pari
1421 1573 1513 1603 modo
1528 1573 1590 1604 duo

926 1633 1050 1664 quoque
1062 1622 1278 1664 patronymica
1291 1623 1453 1664 conjunxit
1462 1623 1519 1654 lib.
1534 1623 1589 1654 vii.

925 1671 1060 1701 Metam.
1075 1671 1227 1702 547.loco
1237 1671 1483 1708 mendosissimo,
1499 1672 1590 1713 Caly-

925 1723 1046 1751 donides
1068 1722 1219 1752 Eveninae.
1244 1727 1279 1752 ut
1294 1721 1421 1763 quidem
1444 1721 1508 1752 illic
1524 1733 1590 1753 mo-

926 1771 978 1801 nui
994 1771 1225 1811 corrigendum.
1250 1771 1294 1802 ita
1317 1777 1347 1801 et
1363 1770 1486 1802 Inachis
1501 1773 1590 1802 Acri-

925 1822 1003 1850 sione
1025 1820 1157 1861 Virgilio
1174 1821 1286 1851 Dana'e
1310 1820 1395 1851 dicta
1418 1821 1529 1862 Elegia
1550 1822 1590 1852 ad

925 1869 1121 1900 Messallam.
1146 1875 1178 1900 et
1201 1870 1353 1910 Tyndaris
1375 1870 1504 1900 Lac-<rua
1523 1871 1589 1901 He-

925 1918 997 1948 lena
1012 1918 1068 1948 lib.
1086 1918 1119 1948 ii.
1139 1918 1304 1949 iEneidos.
1349 1919 1446 1950 Jason
1463 1919 1590 1961 Orpheo

926 1967 957 1997 in
973 1966 1194 2008 Argonauticis
1210 1966 1377 2004 θέσσαλος
1393 1966 1589 2006 Αἰσωνίδης.

926 2016 1075 2047 Medeam
1092 2027 1163 2046 vero
1180 2016 1330 2046 AE'e'tinen
1351 2015 1467 2046 dictam
1491 2017 1529 2047 ab
1545 2016 1590 2046 A—

926 2065 1017 2096 vieno
1034 2076 1158 2106 quoque
1182 2064 1402 2106 Descriptione
1419 2065 1512 2096 Orbis
1536 2076 1590 2107 ap-

926 2121 1013 2156 paret
1027 2115 1112 2146 hisce
1126 2115 1278 2146 versibus.
1296 2127 1326 2145 v.
1344 2116 1418 2145 658.

969 2166 1093 2205 Absyrti
1121 2172 1223 2195 cautes
1251 2171 1279 2196 et
1307 2166 1426 2195 crebras
1452 2166 1591 2204 protinus

1011 2225 1095 2244 arces

971 2263 1120 2294 Inveniet.
1146 2263 1269 2293 Colchos
1281 2263 1339 2292 hnc
1353 2263 1501 2302 qnondam
1516 2273 1591 2292 crim

1002 2314 1139 2353 fidesque

972 2363 1103 2398 Eitulit,
1117 2364 1251 2392 insanam
1267 2366 1412 2391 sectantes
1428 2361 1590 2391 AEfftinem.

1426 2409 1547 2439 Hnms.

975 2461 1046 2492 105.
1087 2459 1157 2490 Non
1184 2460 1289 2498 prohat
1316 2459 1467 2488 Alcimede
1496 2465 1593 2488 vatter

930 2511 1013 2550 luch]
1050 2510 1142 2540 Hanc
1158 2508 1304 2549 Hyginus
1319 2508 1396 2537 Fal).
1418 2507 1469 2537 14.
1516 2507 1591 2547 Cly-

928 2559 1011 2590 meni
1028 2557 1123 2588 flliam
1140 2557 1226 2587 facit.
1244 2555 1298 2586 alii
1314 2555 1471 2597 Autolyco
1488 2562 1592 2586 natam

930 2609 1050 2639 volunt.
1095 2607 1174 2636 Sunt
1201 2612 1306 2635 tamen
1332 2604 1384 2645 qui
1410 2603 1516 2634 Rhoeo
1543 2604 1592 2634 vel

930 2657 1125 2699 I‘olymelam
1139 2656 1158 2687 J
1163 2654 1249 2686 asoni
1265 2660 1395 2685 matrem
1412 2653 1591 2694 adsignent.

929 2705 1097 2748 suspendio
1112 2705 1208 2735 vitam
1224 2703 1323 2734 finivit
1338 2702 1466 2745 Apollo.
1485 2713 1517 2743 p.
1536 2702 1591 2732 37.

931 2756 1013 2787 Vide
1027 2755 1162 2785 Tzetzen
1180 2752 1318 2784 Chiliad.
1334 2751 1387 2782 vii.
1404 2750 1488 2781 Ilist.
1507 2749 1592 2781 xcvi.

930 2803 1080 2847 Sequenti
1104 2813 1194 2834 versu
1223 2801 1329 2832 malim
1355 2801 1419 2841 quis
1442 2801 1535 2834 venit,
1560 2803 1595 2829 ut
