1849 3198
215 173 300 214 358
567 214 569 216 ,
603 175 653 215 Ρ.
687 173 902 215 OVIDII
936 174 1219 215 NASONIS

222 288 496 351 Spectabat
519 298 723 342 terram;
764 297 943 336 terram
971 297 1199 353 spectare
1224 291 1452 337 decebat.

286 364 475 412 Moesta
498 373 603 412 erat
627 366 676 412 in
700 366 862 421 vultu;
903 373 1081 413 moesta
1104 367 1339 413 decenter
1364 374 1484 413 erat.

221 440 362 487 Sicut
386 450 540 499 erant,
568 444 642 504 (et
667 450 806 490 erant
827 443 970 504 culti)
996 444 1180 490 laniare
1206 444 1428 507 capillos,
1546 446 1609 490 45

286 516 351 565 Et
375 518 466 566 fuit
490 521 539 566 in
564 527 758 567 teneras
784 521 1000 583 impetus
1027 521 1096 567 ire
1122 537 1293 583 genas.

219 593 289 640 Ut
313 595 488 642 faciem
514 597 628 651 vidi,
657 597 806 644 fortes
832 598 1058 644 cecidere
1083 597 1279 644 lacerti:

284 671 504 720 Defensa
529 681 605 720 est
630 674 777 720 armis
804 681 973 721 nostra
996 674 1164 737 puella
1187 673 1306 720 suis.

215 747 310 801 Qui
338 751 483 796 modo
509 766 669 796 saevus
695 765 845 806 eram,
874 750 1087 814 supplex
1113 751 1342 812 ultroque
1367 751 1551 812 rogavi,

284 825 473 873 Oscula
496 844 558 874 ne
585 828 725 873 nobis
752 827 997 874 deteriora
1021 827 1178 874 daret.
1545 830 1609 874 50

216 902 347 950 Risit
372 911 421 950 et
447 920 509 950 ex
536 904 699 951 animo
724 905 864 951 dedit
888 904 1100 967 optima:
1141 903 1309 967 qualia
1334 911 1542 968 possent

282 979 532 1027 Excutere
557 981 680 1027 irato
705 982 805 1028 tela
828 981 1033 1027 trisulca
1055 980 1085 1026 J
1091 981 1184 1027 ovi.

214 1056 468 1119 Torqueor
493 1057 681 1114 infelix,
710 1074 770 1104 ne
792 1065 894 1104 tam
920 1058 1053 1104 bona
1077 1057 1309 1104 sumserit
1334 1058 1479 1105 alter:

281 1133 345 1180 Et
369 1134 479 1181 volo
504 1151 601 1180 non
628 1150 691 1180 ex
717 1135 809 1181 hac
836 1134 918 1180 illa
942 1134 1095 1181 fuisse
1120 1142 1252 1181 nota.

213 1208 336 1257 Haec
363 1227 583 1274 quoque,
612 1227 763 1273 quam
789 1211 952 1266 docui,
980 1211 1135 1257 multo
1160 1211 1366 1257 meliora
1383 1210 1603 1266 fuerunt;

278 1287 342 1334 Et
368 1288 608 1351 quiddam
633 1289 737 1335 visa
762 1296 839 1336 est
863 1288 1163 1335 addidicisse
1189 1288 1319 1334 novi.
1541 1291 1604 1334 56

212 1363 358 1418 Quod
385 1365 590 1412 nimium
615 1367 864 1429 placuere,
892 1367 1077 1413 malum
1102 1373 1200 1413 est:
1241 1366 1376 1428 quod
1405 1372 1511 1412 tota
1535 1366 1603 1412 la-

278 1441 470 1504 Lingua
484 1450 571 1490 tua
584 1451 661 1490 est
676 1444 872 1498 nostris,
891 1450 1062 1490 nostra
1075 1449 1277 1506 recepta
1290 1442 1404 1488 tuis.
1437 1442 1605 1503 [bellis

215 1517 319 1564 Nec
347 1526 513 1566 tamen
540 1521 634 1566 hoc
660 1537 813 1566 unum
838 1521 1006 1567 doleo:
1047 1537 1145 1567 non
1169 1519 1342 1566 oscula
1364 1526 1558 1565 tantum

274 1594 303 1640 J
310 1603 460 1643 uncta
501 1612 702 1659 queror3
762 1597 988 1659 quamvis
1036 1597 1141 1643 haec
1185 1611 1386 1659 quoque
1427 1596 1605 1658 juncta

210 1671 317 1727 Illa,
336 1673 426 1719 nisi
445 1673 493 1719 in
510 1673 654 1729 lecto,
673 1690 920 1737 nusquam
936 1682 1142 1737 potuere
1160 1673 1343 1720 doceri.
1374 1674 1601 1735 [queror:

276 1748 460 1798 Nescio
486 1750 597 1814 quis
623 1752 838 1814 pretium
864 1753 1050 1816 grande
1070 1752 1305 1814 magister
1329 1751 1499 1798 habet.

687 1968 987 2016 ELEGIA
1043 1969 1133 2016 VI.

209 2050 476 2110 Psittacus,
505 2054 624 2102 Eois
650 2057 888 2104 imitatrix
915 2058 1017 2105 ales
1044 2059 1105 2105 ab
1134 2057 1287 2112 Indis,

272 2129 489 2178 Occidit.
528 2134 794 2196 exsequias
820 2136 887 2183 ite
913 2135 1213 2199 frequenter,
1241 2152 1372 2182 aves,

245 2252 296 2280 54.
324 2251 361 2281 Et
380 2254 513 2283 rolonon
536 2265 568 2284 ex
592 2256 646 2285 hac
669 2257 755 2296 illm]
793 2258 864 2291 Vel,
934 2257 1048 2299 scripto
1059 2257 1229 2299 exemplari
1243 2257 1365 2297 legitur,
1378 2268 1538 2297 nusquam:
1564 2264 1599 2289 ut

202 2300 303 2329 vellem
319 2311 399 2331 unus
413 2302 541 2332 Moreti.
558 2304 658 2344 Lege:
933 2307 973 2337 sit
1001 2306 1073 2343 loci,
1102 2316 1163 2337 non
1191 2307 1347 2347 temporis,
1373 2306 1456 2347 quod
1493 2308 1596 2338 sensui

248 2348 285 2377 Et
305 2350 404 2380 vellem.
420 2362 453 2381 er
468 2352 523 2381 hac
540 2364 597 2382 non
612 2353 770 2395 illafuisse
783 2362 863 2385 nota.
933 2355 1128 2397 aptissimum
1153 2354 1287 2386 videtur.
1326 2356 1479 2385 Munus.
1512 2355 1594 2386 Nus—

203 2397 274 2432 Vel,
301 2399 403 2439 Deque
427 2402 517 2431 velim
544 2413 601 2431 non
626 2403 680 2433 hac
697 2404 750 2433 illu
764 2403 865 2444 sitisse
932 2415 1017 2443 quam
1035 2404 1213 2434 Puteaneus
1228 2409 1258 2434 et
1274 2403 1327 2434 alii
1339 2403 1596 2435 nonnulli.recte.

202 2452 281 2476 nota.
308 2447 481 2479 mesuvs.
518 2450 558 2480 Ea
587 2458 654 2480 nota
679 2452 863 2483 mutandum
933 2453 1107 2484 mesws.

200 2506 260 2525 non
277 2502 342 2534 est3
368 2496 412 2528 ita
436 2498 599 2529 Petronius
623 2507 654 2530 et
679 2500 732 2531 alii
757 2501 863 2532 locuti.

199 2543 270 2574 vide
287 2556 357 2586 quae
373 2547 549 2578 notavimus
570 2548 608 2578 ad
633 2550 769 2580 Petronii
792 2561 863 2591 cap.
980 2551 1007 2580 1.
1029 2550 1178 2580 Psittacus
1196 2551 1264 2580 Eois
1280 2551 1340 2580 ales
1355 2552 1426 2580 mihi
1444 2552 1544 2580 missus
1558 2553 1595 2581 ab

198 2592 320 2624 lxxxiii.
368 2606 463 2637 quare
506 2597 619 2628 rectius
659 2599 862 2640 rescripsisset
932 2598 1018 2628 Indis
1035 2599 1181 2640 Occidit]
1216 2599 1306 2630 Hanc
1331 2598 1473 2640 Elegiam
1491 2598 1593 2630 imita-

198 2641 358 2679 Heinsius,
376 2644 458 2685 Eque
474 2653 544 2676 nota
559 2658 615 2676 non
633 2648 686 2677 lim·
703 2649 863 2689 illusuisse
931 2653 980 2678 tus
1001 2648 1123 2678 videtur
1145 2648 1263 2679 Statius
1288 2648 1322 2679 in
1343 2654 1439 2678 morte
1462 2647 1592 2678 Psittaci

200 2692 294 2726 velim,
310 2699 343 2722 ut
361 2693 508 2724 Francius
524 2695 659 2726 volebat.
931 2696 1083 2727 Melioris.
1109 2697 1163 2727 lib.
1188 2697 1221 2727 ii.
1245 2697 1322 2728 Silv.
1342 2698 1373 2727 4.
1407 2696 1590 2727 Cim-”Anus-

239 2741 289 2771 61.
312 2741 507 2783 Numquam]
538 2744 575 2774 In
592 2744 727 2784 quodam
753 2757 859 2777 manu-
934 2746 1080 2777 [miratrii
1107 2748 1165 2777 ale>
1190 2749 1225 2777 ab
1251 2746 1336 2777 Indis
1356 2747 1449 2789 probe
1474 2746 1587 2777 Putea-
