1849 3198
551 201 739 243 ARTIS
772 201 1129 244 AMATORIAE
1162 202 1283 244 LIB.
1317 204 1354 244 I.

1566 208 1652 250 475

252 315 468 379 Jamque
489 318 668 365 iterum
688 318 903 393 tunderis
919 318 1211 366 mollissima
1231 327 1436 383 pectora
1450 322 1646 385 palmis,

319 394 550 442 Perfidus
575 395 657 442 ille
682 395 993 464 abiit-,zft'quid
1019 395 1139 442 mihi
1164 396 1282 444 fiet?
1320 397 1403 444 ait.

1551 402 1646 447 536

254 470 388 525 Quid
408 472 529 519 mihi
554 472 673 536 fiet?
711 468 800 519 ait.s
822 465 1107 519 sonuerunt
1131 475 1365 537 cymbala
1388 482 1493 522 toto

322 548 502 605 Litore,
521 537 582 597 et
606 550 817 597 attonita
843 557 1085 614 tympana
1109 551 1254 614 pulsa
1278 568 1445 600 manu.

254 625 459 673 Excidit
483 622 567 674 illa
590 634 743 683 metu,
771 628 1007 691 rupitque
1032 629 1301 676 novissima
1323 632 1502 678 verba:

250 721 253 723 ’
320 703 501 751 Nullus
526 705 575 751 in
602 705 819 751 exanimi
845 721 1052 770 corpore
1079 707 1280 769 sanguis
1306 715 1428 755 erat.
1552 711 1650 756 540

254 780 388 829 Ecce
413 781 785 830 Mimallonides
812 783 997 846 sparsis
1023 783 1073 829 in
1097 790 1239 846 terga
1263 785 1486 848 capillis:

321 859 456 906 Ecce
480 859 614 907 leves
642 859 826 923 Satyri,
853 859 1037 922 praevia
1059 860 1207 906 turba
1232 859 1357 908 Dei:

253 935 434 984 Ebrius
461 953 579 985 ecce
604 953 760 1000 senex
785 938 950 1001 pando
978 937 1177 985 Silenus
1205 938 1357 985 asello

319 1013 417 1061 Vix
443 1006 636 1072 sedetgs'
653 1022 703 1062 et
726 1030 924 1078 pressas
950 1014 1174 1061 continet
1198 1022 1302 1062 arte
1321 1016 1489 1078 jubas.

254 1091 388 1139 Dum
423 1079 649 1156 sequitur
690 1092 936 1147 Bacchas,
974 1092 1190 1140 Bacchae
1228 1092 1526 1156 fugiuntque
1562 1111 1648 1158 pe·

450 1176 663 1233 tuntque
679 1187 687 1217 :

1551 1175 1648 1219 545

325 1247 716 1311 Quadrupedem
741 1246 898 1295 serula
923 1249 1042 1295 dum
1068 1249 1229 1296 malus
1255 1256 1435 1311 urguet
1460 1265 1645 1313 eques;

253 1324 311 1371 ln
337 1332 489 1388 caput
514 1325 672 1372 aurito
699 1326 882 1373 cecidit
905 1327 1142 1390 delapsus
1168 1327 1338 1374 asello.

322 1402 616 1449 Clamarunt
642 1402 825 1466 Satyri,
856 1403 1034 1466 Surge,
1063 1419 1172 1465 age,
1201 1419 1363 1465 surge,
1396 1403 1560 1450 Pater.

249 1479 278 1525 J
285 1496 364 1526 am
392 1479 530 1526 Deus
557 1495 583 1526 e
609 1495 773 1535 curru,
802 1496 953 1543 quem
979 1496 1228 1527 summum
1253 1487 1449 1527 texerat
1473 1480 1597 1536 uvis,

316 1556 548 1619 Tigribus
574 1557 823 1619 adjunctis
850 1573 1000 1604 aurea
1023 1558 1127 1604 lora
1150 1557 1319 1604 dabat.

1549 1558 1647 1604 550

252 1635 318 1682 Et
341 1635 492 1690 color,
520 1642 571 1682 et
594 1634 837 1690 Theseus,
865 1642 916 1682 et
938 1650 1035 1681 vox
1061 1634 1224 1682 abiere
1249 1633 1459 1697 puellae:

316 1711 513 1775 Terque
538 1711 708 1774 fugam
732 1712 905 1775 petiit:
944 1719 1121 1774 terque
1146 1718 1341 1758 retenta
1365 1718 1519 1758 metu.

251 1788 472 1846 Horruit,
499 1796 554 1836 ut
579 1789 788 1844 sterileS,
817 1788 974 1851 agitat
998 1804 1124 1850 quas
1149 1795 1342 1843 ventus,
1371 1787 1564 1834 aristae:

318 1864 389 1913 Ut
412 1866 533 1913 levis
560 1865 609 1912 in
634 1865 835 1912 madida
858 1881 1020 1912 canna
1042 1865 1225 1928 palude
1249 1864 1433 1911 tremit.

292 2039 366 2070 539.
392 2038 513 2069 Excidit
542 2040 597 2069 illa
628 2045 720 2073 metu,
747 2039 826 2079 δια]
862 2039 912 2069 De

250 2094 352 2119 mente
372 2088 623 2129 intelligendum.
638 2087 703 2118 vid.
718 2087 758 2118 ad
778 2087 913 2118 Remed.

197 2132 203 2137 ’
249 2139 322 2169 348.
339 2137 514 2179 sequentia,
527 2139 666 2178 rupitque
682 2139 836 2168 novissima
850 2148 913 2167 ver—

249 2189 296 2221 Ιιιι,
315 2197 487 2217 sermonem
502 2186 709 2228 interruptum
725 2191 845 2217 notant.

291 2237 366 2267 541.
394 2237 470 2267 Ecce
498 2236 722 2266 Mimallonides
751 2238 858 2275 sparsis
882 2238 913 2266 in

249 2293 334 2326 terga
349 2286 498 2326 capillis]
522 2286 596 2315 Mim
610 2286 722 2321 illunes,
739 2295 757 2315 a
773 2296 833 2326 quo
851 2286 913 2315 Mi-

249 2337 432 2371 mallonides,
441 2346 460 2365 a
472 2334 627 2365 Mimante
640 2335 733 2376 vulgo
747 2334 848 2365 dictas
861 2345 912 2364 vo-

178 2384 185 2392 ‘
249 2384 334 2414 lunt:
360 2384 443 2425 quod
458 2384 491 2414 in
512 2395 548 2414 eo
563 2389 668 2413 monte
688 2393 777 2414 sacra
793 2383 912 2414 Bacchi

248 2433 406 2465 celebrata
427 2432 552 2464 suerint.
600 2433 713 2463 Suidas
739 2438 856 2468 autem,
882 2439 913 2462 et

249 2482 353 2513 (iraeci
369 2481 434 2517 alii,
451 2481 522 2513 α’πὸ
536 2485 598 2520 τῆς
619 2481 780 2523 μιμήσεως
801 2491 912 2511 nomen

248 2531 305 2562 hoc
321 2531 492 2562 deductum
508 2531 645 2566 tradunt,
660 2541 695 2560 eo
711 2529 793 2571 quod
809 2529 912 2560 [031111-

250 2592 296 2611 nae
326 2580 392 2611 istae
428 2580 561 2611 virorum
589 2580 672 2610 sacta
705 2578 911 2609 imitarentur.

252 2630 447 2671 Easdcmque
484 2636 577 2660 antea
613 2629 707 2659 etiam
741 2626 913 2665 κλαῖὠνας

248 2679 350 2709 dictas
372 2679 479 2719 ajunt:
507 2684 582 2720 puta
607 2677 689 2719 quod
712 2687 823 2711 ramos,
849 2676 912 2706 sive

249 2727 368 2767 thyrsos
386 2732 553 2768 gestarent.
602 2727 728 2757 Mirm„

1024 2039 1100 2070 546.
1129 2038 1209 2067 Dum
1232 2038 1329 2068 malus
1344 2036 1465 2077 urget]
1495 2036 1578 2066 Male
1600 2047 1646 2067 se—

980 2089 1026 2119 dit
1042 2086 1182 2128 Regiusj,
1206 2087 1296 2122 forte,
1313 2096 1368 2127 pro
1383 2087 1465 2116 sedat
1489 2095 1507 2115 a
1529 2087 1646 2116 sedare.

981 2137 1122 2166 chatus
1145 2135 1228 2166 enim
1254 2145 1269 2165 a
1286 2134 1423 2165 Bacchis
1439 2140 1470 2164 ct
1495 2144 1591 2164 senex
1614 2140 1646 2165 et

981 2185 1097 2221 asinus,
1119 2184 1171 2226 qui
1197 2183 1298 2214 cauda
1322 2189 1353 2213 et
1370 2183 1456 2224 jubis
1476 2182 1648 2224 prehensus

981 2234 1154 2269 exultabat,
1165 2238 1197 2263 et
1212 2232 1293 2263 male
1310 2232 1479 2262 sedabatur
1495 2241 1514 2261 a
1528 2231 1645 2262 Sileno.

981 2283 1087 2313 omnia
1112 2281 1195 2313 enim
1220 2281 1260 2311 de
1284 2281 1370 2316 ludo,
1392 2291 1486 2322 quem
1509 2280 1646 2310 Baccha)

981 2332 1140 2363 faciebant
1153 2331 1269 2367 Sileno,
1285 2330 1440 2372 capienda
1455 2342 1460 2359 :
1479 2329 1528 2359 vel
1548 2335 1647 2369 urget,

981 2387 1028 2411 est
1053 2380 1199 2422 impellit,
1229 2385 1264 2410 ut
1285 2378 1498 2421 progrediatur
1521 2377 1646 2408 tardum

982 2429 1109 2465 animal,
1125 2435 1157 2459 et
1178 2427 1308 2469 effugiat
1329 2427 1495 2458 mulierum
1521 2436 1647 2456 manus.

983 2480 1100 2509 Brun.

1025 2529 1100 2559 554.
1127 2527 1163 2557 In
1182 2526 1333 2566 madida]
1354 2525 1486 2555 Nullum
1503 2523 1647 2560 dubium,

982 2577 1057 2617 quin
1081 2576 1182 2607 omnis
1207 2576 1298 2617 palus
1324 2574 1363 2605 sit
1384 2575 1517 2608 madida,
1540 2573 1647 2614 itaque

982 2625 1112 2656 otiosum
1138 2624 1298 2666 epitheton
1323 2623 1421 2653 xidei’i
1438 2622 1507 2663 jure
1532 2627 1647 2663 potest.

984 2672 1207 2704 Ambrosianus
1245 2679 1274 2703 et
1313 2671 1498 2706 Vossianus,
1538 2672 1651 2702 media.

985 2725 1101 2754 Brun.
