1849 3198
174 161 260 203 352
563 160 613 199 P.
648 156 861 200 OVIDII
895 157 1177 199 NASONIS

177 275 440 340 Adspiciat
463 273 676 321 dominae
702 274 959 331 lacrimas3
1000 272 1215 337 plorabit
1239 278 1288 318 et
1313 271 1449 335 ipse:

246 353 312 399 Et
336 353 484 407 dicet,
513 351 696 398 Poenas
723 352 946 414 garrulus
972 352 1066 398 iste
1092 349 1247 396 dabit.
1507 351 1571 395 60

179 430 344 485 Quam
368 429 536 493 dispar
561 435 813 475 certamen
838 428 957 474 inis!
997 427 1087 474 tibi
1112 427 1318 473 verbera
1341 425 1471 472 victo

246 506 472 553 Adsunt:
513 507 562 552 in
588 505 775 567 gremio
794 504 979 567 judicis
1005 504 1089 550 illa
1113 504 1271 551 sedet.

182 583 297 630 Non
323 583 484 629 scelus
511 583 856 644 adgredimur:
897 598 994 628 non
1015 582 1077 628 ad
1103 580 1359 628 miscenda
1383 580 1573 626 coimus

247 660 463 707 Toxica:
504 677 602 707 non
628 660 798 706 stricto
822 659 1050 705 fulminat
1075 674 1193 705 ense
1218 673 1411 704 manus.

181 736 478 792 Quaerimus,
509 744 562 783 ut
585 744 692 783 tuto
718 752 806 799 per
830 743 879 782 te
905 735 1154 798 possimus
1181 750 1362 782 amare.
1513 735 1576 778 65

248 813 382 867 Quid
407 813 638 877 precibus
665 814 844 860 nostris
871 813 1067 860 mollius
1093 828 1204 859 esse
1229 811 1428 876 potest?

653 1071 953 1118 ELEGIA
1011 1071 1111 1118 ΙΙΙ.

188 1189 285 1237 Hei
310 1189 446 1244 mihi,
471 1188 608 1251 quod.
633 1188 901 1243 dominam,
930 1203 1019 1234 nec
1048 1187 1119 1233 vir
1144 1202 1235 1233 nec
1261 1186 1459 1241 femina,
1481 1201 1580 1232 ser·

255 1267 436 1313 Mutua
460 1282 551 1312 nec
576 1265 786 1312 Veneris
813 1265 994 1328 gaudia
1019 1279 1166 1310 nosse
1190 1263 1355 1326 potes!
1447 1263 1577 1324 [vas3

189 1344 286 1398 Qui
313 1343 500 1406 primus
527 1342 693 1406 pueris
719 1342 955 1404 genitalia
979 1341 1204 1388 membra
1227 1339 1429 1395 recidit3

254 1421 490 1475 Vulnera,
519 1436 630 1482 quae
657 1420 790 1475 fecit,
818 1419 992 1466 debuit
1016 1419 1124 1481 ipse
1149 1417 1270 1480 pati.

190 1498 361 1544 Mollis
387 1498 435 1544 in
461 1497 778 1559 obsequium,
806 1495 1068 1557 facilisque
1093 1493 1381 1555 rogantibus
1407 1508 1568 1548 esses3
1625 1492 1628 1495 ⁴

259 1575 312 1621 Si
337 1582 452 1622 tuus
478 1575 527 1620 in
553 1574 730 1636 quavis
756 1572 1107 1637 praetepuisset
1131 1586 1282 1618 amor.
1555 1571 1584 1615 6

192 1651 307 1699 Νο11
331 1659 385 1698 tu
410 1658 556 1698 natus
582 1667 729 1713 equo,
758 1667 856 1698 non
880 1650 1087 1696 fortibus
1111 1648 1244 1695 utilis
1271 1647 1447 1694 armis:

260 1728 452 1775 Bellica
476 1744 574 1774 11011
599 1728 787 1774 dextrae
814 1727 1044 1774 convenit
1068 1726 1211 1772 hasta
1234 1731 1350 1771 tuae.

193 1805 297 1852 Ista
320 1821 481 1851 mares
507 1811 748 1851 tractent:
788 1811 843 1850 tu
872 1820 987 1867 spes
1013 1803 1209 1865 depone
1233 1801 1414 1847 viriles.

259 1882 369 1927 Sint
393 1881 482 1928 tibi
509 1897 623 1927 cum
649 1881 852 1927 domina
880 1881 1022 1941 signa
1045 1879 1250 1926 ferenda
1275 1879 1380 1924 tua.
1526 1880 1583 1922 lo

194 1959 338 2006 Hanc
365 1959 517 2021 imple
542 1958 729 2005 meritis
750 1975 758 2005 :
798 1959 946 2020 hujus
971 1957 1061 2004 tibi
1083 1956 1242 2019 gratia
1264 1955 1435 2019 prosit.

263 2037 317 2082 Si
343 2051 512 2082 careas
538 2036 640 2091 illa,
669 2036 781 2098 quis
807 2042 921 2081 tuus
947 2051 1067 2081 usus
1094 2033 1219 2081 erit?

197 2112 289 2160 Est
314 2113 463 2159 etiam
489 2112 656 2167 facies,
685 2121 801 2159 sunt
825 2112 928 2175 apti
949 2112 1141 2158 lusibus
1168 2110 1298 2157 anni.

264 2188 478 2251 Indigna
502 2196 579 2235 est
602 2189 742 2252 pigro
767 2188 924 2236 forma
947 2188 1106 2252 perire
1133 2187 1247 2233 situ.

238 2312 290 2342 61.
318 2311 412 2345 Quam
425 2312 526 2350 dispar
536 2316 685 2340 certamen
700 2312 767 2346 inis,
780 2311 857 2351 ἂψ]
929 2316 983 2341 aut
997 2309 1165 2344 Thlibiam,
1190 2319 1250 2338 uon
1275 2307 1451 2349 Spadonem
1476 2307 1591 2337 intelli-

195 2359 295 2390 Simili
324 2359 448 2389 omnino
471 2358 737 2399 argumentatione
763 2358 860 2389 utitur
927 2359 985 2400 git.
1032 2360 1082 2390 De
1109 2358 1156 2388 his
1181 2362 1286 2388 autem
1312 2356 1450 2387 omnium
1474 2356 1591 2398 optime

197 2407 370 2443 Palaesuio,
385 2407 466 2449 apud
491 2407 595 2437 Plauti
615 2406 753 2437 Militem
770 2408 859 2438 Glor.
928 2407 1051 2439 disserit
1066 2407 1259 2449 Theophilus
1275 2406 1332 2437 lib.
1348 2405 1372 2437 i.
1389 2406 1528 2437 Institut.
1544 2406 1592 2436 tit.

197 2458 272 2488 Act.
290 2457 322 2487 ii.
345 2458 397 2487 Sc.
423 2456 467 2486 iii.
483 2457 535 2486 22.
561 2462 596 2486 ut
615 2457 654 2486 ab
677 2456 859 2487 insimulan-
930 2457 971 2487 xi.
987 2457 1025 2487 de
1042 2455 1272 2498 adoptionibus.
1320 2455 1413 2486 Cxor.

197 2507 236 2537 do
255 2506 466 2536 Philocomasio
491 2505 671 2536 Sceledrum
694 2506 860 2537 deterreat.
973 2507 1004 2536 3.
1033 2506 1093 2540 Qui
1105 2507 1219 2544 primus
1230 2506 1332 2544 pueris
1345 2505 1490 2546 genilm'ia
1506 2514 1594 2534 memu

199 2556 318 2585 Amu.
930 2557 982 2585 bra
1007 2554 1145 2594 recidit]
1180 2553 1368 2584 Semiramis.
1416 2552 1497 2584 'Vide
1522 2563 1591 2594 quae

490 2621 575 2625 ---
932 2603 1035 2635 notavi
1058 2603 1115 2634 lib.
1143 2603 1185 2634 iv.
1213 2603 1425 2644 Metamorph.
1472 2602 1590 2633 Cmm-

246 2653 272 2681 l.
312 2651 371 2681 Hei
408 2652 491 2687 mihi,
519 2653 595 2691 quod
626 2652 771 2681 dominam
811 2663 864 2681 uec
934 2664 1007 2683 Nus.
1053 2652 1129 2682 Tale
1146 2651 1500 2693 Panioniisupplicium
1523 2661 1591 2681 nar-

203 2703 257 2737 vir,
289 2712 339 2731 nec
358 2701 478 2742 flemina
506 2700 632 2740 servas.]
675 2701 864 2736 Casu-atum,
934 2707 977 2731 rat
996 2700 1216 2732 He1·0dot.lib.
1234 2700 1298 2731 viii.
1315 2711 1342 2731 c.
1364 2701 1433 2731 105.
1451 2706 1481 2731 ct
1496 2710 1542 2739 sq.
