<?xml version="1.0" encoding="UTF-8"?>
<!DOCTYPE html PUBLIC "-//W3C//DTD XHTML 1.0 Transitional//EN"
    "http://www.w3.org/TR/xhtml1/DTD/xhtml1-transitional.dtd">
<html xmlns="http://www.w3.org/1999/xhtml" xml:lang="en" lang="en">
 <head>
  <title>
</title>
<meta http-equiv="Content-Type" content="text/html;charset=utf-8" />
  <meta name='ocr-system' content='tesseract 3.04.00' />
  <meta name='ocr-capabilities' content='ocr_page ocr_carea ocr_par ocr_line ocrx_word'/>
</head>
<body>
  <div class='ocr_page' id='page_1' title='image "./povidiinasonisop01oviduoft_0555.png"; bbox 0 0 1849 3198; ppageno 0'>
   <div class='ocr_carea' id='block_1_1' title="bbox 524 197 1327 240">
    <p class='ocr_par' dir='ltr' id='par_1_1' title="bbox 524 197 1327 240">
     <span class='ocr_line' id='line_1_1' title="bbox 524 197 1327 240; baseline 0 -1"><span class='ocrx_word' id='word_1_1' title='bbox 524 197 713 239; x_wconf 87' lang='lat' dir='ltr'><strong>ARTIS</strong></span> <span class='ocrx_word' id='word_1_2' title='bbox 746 197 1104 239; x_wconf 85' lang='lat' dir='ltr'><strong>AMATORIAE</strong></span> <span class='ocrx_word' id='word_1_3' title='bbox 1137 199 1256 239; x_wconf 90' lang='lat' dir='ltr'><strong>LIB.</strong></span> <span class='ocrx_word' id='word_1_4' title='bbox 1291 199 1327 240; x_wconf 92' lang='grc' dir='ltr'>Ι.</span> 
     </span>
    </p>
   </div>
   <div class='ocr_carea' id='block_1_2' title="bbox 1551 204 1637 244">
    <p class='ocr_par' dir='ltr' id='par_1_2' title="bbox 1551 204 1637 244">
     <span class='ocr_line' id='line_1_2' title="bbox 1551 204 1637 244; baseline 0.012 -1"><span class='ocrx_word' id='word_1_5' title='bbox 1551 204 1637 244; x_wconf 87' lang='grc'>469</span> 
     </span>
    </p>
   </div>
   <div class='ocr_carea' id='block_1_3' title="bbox 233 312 1583 684">
    <p class='ocr_par' dir='ltr' id='par_1_3' title="bbox 233 312 1580 451">
     <span class='ocr_line' id='line_1_3' title="bbox 233 312 1580 377; baseline 0.004 -18"><span class='ocrx_word' id='word_1_6' title='bbox 233 312 373 360; x_wconf 89' lang='lat' dir='ltr'>Tunc</span> <span class='ocrx_word' id='word_1_7' title='bbox 398 313 527 361; x_wconf 91' lang='lat' dir='ltr'>bene</span> <span class='ocrx_word' id='word_1_8' title='bbox 551 313 815 360; x_wconf 79' lang='lat' dir='ltr'><strong>desinitur:</strong></span> <span class='ocrx_word' id='word_1_9' title='bbox 855 320 990 368; x_wconf 90' lang='lat' dir='ltr'>tunc,</span> <span class='ocrx_word' id='word_1_10' title='bbox 1020 313 1060 360; x_wconf 89' lang='lat' dir='ltr'>si</span> <span class='ocrx_word' id='word_1_11' title='bbox 1087 314 1200 377; x_wconf 90' lang='lat' dir='ltr'>quis</span> <span class='ocrx_word' id='word_1_12' title='bbox 1225 315 1442 362; x_wconf 91' lang='lat' dir='ltr'>creditur</span> <span class='ocrx_word' id='word_1_13' title='bbox 1466 318 1580 372; x_wconf 87' lang='lat' dir='ltr'>alto,</span> 
     </span>
     <span class='ocr_line' id='line_1_4' title="bbox 301 383 1457 451; baseline 0.004 -16"><span class='ocrx_word' id='word_1_14' title='bbox 301 389 400 436; x_wconf 89' lang='lat' dir='ltr'>Vix</span> <span class='ocrx_word' id='word_1_15' title='bbox 425 389 587 437; x_wconf 91' lang='lat' dir='ltr'>tenuit</span> <span class='ocrx_word' id='word_1_16' title='bbox 609 390 785 436; x_wconf 87' lang='lat' dir='ltr'>lacerae</span> <span class='ocrx_word' id='word_1_17' title='bbox 808 383 1050 451; x_wconf 84' lang='lat' dir='ltr'>naufraga</span> <span class='ocrx_word' id='word_1_18' title='bbox 1074 391 1298 438; x_wconf 88' lang='lat' dir='ltr'>membra</span> <span class='ocrx_word' id='word_1_19' title='bbox 1322 392 1457 440; x_wconf 87' lang='lat' dir='ltr'>ratis.</span> 
     </span>
    </p>

    <p class='ocr_par' dir='ltr' id='par_1_4' title="bbox 234 465 1330 604">
     <span class='ocr_line' id='line_1_5' title="bbox 234 465 1330 530; baseline 0.004 -19"><span class='ocrx_word' id='word_1_20' title='bbox 234 465 310 512; x_wconf 92' lang='lat' dir='ltr'>Tu</span> <span class='ocrx_word' id='word_1_21' title='bbox 334 466 453 513; x_wconf 92' lang='lat' dir='ltr'>licet</span> <span class='ocrx_word' id='word_1_22' title='bbox 476 466 701 530; x_wconf 82' lang='lat' dir='ltr'>incipias,</span> <span class='ocrx_word' id='word_1_23' title='bbox 729 466 832 528; x_wconf 75' lang='lat' dir='ltr'>qua</span> <span class='ocrx_word' id='word_1_24' title='bbox 857 466 1037 513; x_wconf 88' lang='lat' dir='ltr'>flebilis</span> <span class='ocrx_word' id='word_1_25' title='bbox 1063 465 1195 513; x_wconf 91' lang='lat' dir='ltr'>Allia</span> <span class='ocrx_word' id='word_1_26' title='bbox 1218 468 1330 515; x_wconf 90' lang='lat' dir='ltr'>luce</span> 
     </span>
     <span class='ocr_line' id='line_1_6' title="bbox 298 538 1325 604; baseline 0.004 -16"><span class='ocrx_word' id='word_1_27' title='bbox 298 542 601 590; x_wconf 82' lang='lat' dir='ltr'>Vulneribus</span> <span class='ocrx_word' id='word_1_28' title='bbox 629 538 782 589; x_wconf 85' lang='lat' dir='ltr'>Latiis</span> <span class='ocrx_word' id='word_1_29' title='bbox 808 542 1189 604; x_wconf 86' lang='lat' dir='ltr'>sanguinolenta</span> <span class='ocrx_word' id='word_1_30' title='bbox 1210 543 1325 592; x_wconf 86' lang='lat' dir='ltr'>fuit:</span> 
     </span>
    </p>

    <p class='ocr_par' dir='ltr' id='par_1_5' title="bbox 235 619 1583 684">
     <span class='ocr_line' id='line_1_7' title="bbox 235 619 1583 684; baseline 0.002 -18"><span class='ocrx_word' id='word_1_31' title='bbox 235 619 449 684; x_wconf 69' lang='lat' dir='ltr'>Quaque</span> <span class='ocrx_word' id='word_1_32' title='bbox 474 621 554 667; x_wconf 93' lang='lat' dir='ltr'>die</span> <span class='ocrx_word' id='word_1_33' title='bbox 579 620 806 675; x_wconf 88' lang='lat' dir='ltr'>redeunt,</span> <span class='ocrx_word' id='word_1_34' title='bbox 834 620 981 666; x_wconf 89' lang='lat' dir='ltr'>rebus</span> <span class='ocrx_word' id='word_1_35' title='bbox 1007 620 1169 667; x_wconf 91' lang='lat' dir='ltr'>minus</span> <span class='ocrx_word' id='word_1_36' title='bbox 1195 628 1312 684; x_wconf 91' lang='lat' dir='ltr'>apta</span> <span class='ocrx_word' id='word_1_37' title='bbox 1336 623 1583 684; x_wconf 82' lang='lat' dir='ltr'>gerendis,</span> 
     </span>
    </p>
   </div>
   <div class='ocr_carea' id='block_1_4' title="bbox 303 697 1311 762">
    <p class='ocr_par' dir='ltr' id='par_1_6' title="bbox 303 697 1311 762">
     <span class='ocr_line' id='line_1_8' title="bbox 303 697 1311 762; baseline 0 -18"><span class='ocrx_word' id='word_1_38' title='bbox 303 697 455 744; x_wconf 90' lang='lat' dir='ltr'>Culta</span> <span class='ocrx_word' id='word_1_39' title='bbox 477 697 748 744; x_wconf 79' lang='lat' dir='ltr'>Palaestino</span> <span class='ocrx_word' id='word_1_40' title='bbox 773 697 987 760; x_wconf 88' lang='lat' dir='ltr'>septima</span> <span class='ocrx_word' id='word_1_41' title='bbox 1011 697 1140 744; x_wconf 86' lang='lat' dir='ltr'>festa</span> <span class='ocrx_word' id='word_1_42' title='bbox 1166 697 1311 762; x_wconf 87' lang='lat' dir='ltr'>Syro.</span> 
     </span>
    </p>
   </div>
   <div class='ocr_carea' id='block_1_5' title="bbox 234 773 1577 995">
    <p class='ocr_par' dir='ltr' id='par_1_7' title="bbox 234 773 1577 995">
     <span class='ocr_line' id='line_1_9' title="bbox 237 773 1372 838; baseline 0 -18"><span class='ocrx_word' id='word_1_43' title='bbox 237 773 427 837; x_wconf 85' lang='lat' dir='ltr'>Magna</span> <span class='ocrx_word' id='word_1_44' title='bbox 451 774 738 838; x_wconf 85' lang='lat' dir='ltr'>superstitio</span> <span class='ocrx_word' id='word_1_45' title='bbox 764 774 855 820; x_wconf 89' lang='lat' dir='ltr'>tibi</span> <span class='ocrx_word' id='word_1_46' title='bbox 881 774 945 821; x_wconf 89' lang='lat' dir='ltr'>sit</span> <span class='ocrx_word' id='word_1_47' title='bbox 970 775 1148 822; x_wconf 89' lang='lat' dir='ltr'>natalis</span> <span class='ocrx_word' id='word_1_48' title='bbox 1175 775 1372 822; x_wconf 87' lang='lat' dir='ltr'>amicae:</span> 
     </span>
     <span class='ocr_line' id='line_1_10' title="bbox 302 851 1575 914; baseline 0.002 -16"><span class='ocrx_word' id='word_1_49' title='bbox 302 851 519 914; x_wconf 68' lang='lat' dir='ltr'>Quaque</span> <span class='ocrx_word' id='word_1_50' title='bbox 544 851 733 914; x_wconf 90' lang='lat' dir='ltr'>aliquid</span> <span class='ocrx_word' id='word_1_51' title='bbox 758 851 979 898; x_wconf 90' lang='lat' dir='ltr'>dandum</span> <span class='ocrx_word' id='word_1_52' title='bbox 1005 859 1097 907; x_wconf 89' lang='lat' dir='ltr'>est,</span> <span class='ocrx_word' id='word_1_53' title='bbox 1125 852 1209 900; x_wconf 90' lang='lat' dir='ltr'>illa</span> <span class='ocrx_word' id='word_1_54' title='bbox 1232 853 1297 899; x_wconf 91' lang='lat' dir='ltr'>sit</span> <span class='ocrx_word' id='word_1_55' title='bbox 1322 860 1428 900; x_wconf 89' lang='lat' dir='ltr'>atra</span> <span class='ocrx_word' id='word_1_56' title='bbox 1450 853 1575 900; x_wconf 91' lang='lat' dir='ltr'>dies.</span> 
     </span>
     <span class='ocr_line' id='line_1_11' title="bbox 234 927 1577 995; baseline 0.001 -20"><span class='ocrx_word' id='word_1_57' title='bbox 234 928 366 975; x_wconf 88' lang='lat' dir='ltr'>Cum</span> <span class='ocrx_word' id='word_1_58' title='bbox 390 929 519 976; x_wconf 91' lang='lat' dir='ltr'>bene</span> <span class='ocrx_word' id='word_1_59' title='bbox 538 927 731 985; x_wconf 84' lang='lat' dir='ltr'>vitaris3</span> <span class='ocrx_word' id='word_1_60' title='bbox 771 935 940 975; x_wconf 89' lang='lat' dir='ltr'>tamen</span> <span class='ocrx_word' id='word_1_61' title='bbox 965 928 1191 995; x_wconf 49' lang='lat' dir='ltr'>auferet5f</span> <span class='ocrx_word' id='word_1_62' title='bbox 1210 929 1397 977; x_wconf 88' lang='lat' dir='ltr'>invenit</span> <span class='ocrx_word' id='word_1_63' title='bbox 1421 938 1577 977; x_wconf 90' lang='lat' dir='ltr'>artem</span> 
     </span>
    </p>
   </div>
   <div class='ocr_carea' id='block_1_6' title="bbox 301 999 1450 1070">
    <p class='ocr_par' dir='ltr' id='par_1_8' title="bbox 301 999 1450 1070">
     <span class='ocr_line' id='line_1_12' title="bbox 301 999 1450 1070; baseline 0.002 -18"><span class='ocrx_word' id='word_1_64' title='bbox 301 1005 521 1062; x_wconf 83' lang='lat' dir='ltr'>Femina,</span> <span class='ocrx_word' id='word_1_65' title='bbox 549 1007 651 1069; x_wconf 75' lang='lat' dir='ltr'>qua</span> <span class='ocrx_word' id='word_1_66' title='bbox 678 1005 847 1069; x_wconf 91' lang='lat' dir='ltr'>cupidi</span> <span class='ocrx_word' id='word_1_67' title='bbox 873 1013 1046 1070; x_wconf 91' lang='lat' dir='ltr'>carpat</span> <span class='ocrx_word' id='word_1_68' title='bbox 1071 999 1283 1054; x_wconf 85' lang='lat' dir='ltr'>amantis</span> <span class='ocrx_word' id='word_1_69' title='bbox 1310 1022 1450 1070; x_wconf 90' lang='lat' dir='ltr'>opes.</span> 
     </span>
    </p>
   </div>
   <div class='ocr_carea' id='block_1_7' title="bbox 1530 1011 1628 1054">
    <p class='ocr_par' dir='ltr' id='par_1_9' title="bbox 1530 1011 1628 1054">
     <span class='ocr_line' id='line_1_13' title="bbox 1530 1011 1628 1054; baseline 0.01 -1"><span class='ocrx_word' id='word_1_70' title='bbox 1530 1011 1628 1054; x_wconf 80' lang='lat'>420</span> 
     </span>
    </p>
   </div>
   <div class='ocr_carea' id='block_1_8' title="bbox 234 1081 1563 1379">
    <p class='ocr_par' dir='ltr' id='par_1_10' title="bbox 235 1081 1563 1224">
     <span class='ocr_line' id='line_1_14' title="bbox 235 1081 1563 1131; baseline 0.002 -2"><span class='ocrx_word' id='word_1_71' title='bbox 235 1081 437 1130; x_wconf 89' lang='lat' dir='ltr'>Institor</span> <span class='ocrx_word' id='word_1_72' title='bbox 461 1083 525 1130; x_wconf 89' lang='lat' dir='ltr'>ad</span> <span class='ocrx_word' id='word_1_73' title='bbox 549 1082 802 1130; x_wconf 88' lang='lat' dir='ltr'>dominam</span> <span class='ocrx_word' id='word_1_74' title='bbox 826 1083 992 1130; x_wconf 89' lang='lat' dir='ltr'>veniet</span> <span class='ocrx_word' id='word_1_75' title='bbox 1016 1083 1290 1131; x_wconf 88' lang='lat' dir='ltr'>discinctus</span> <span class='ocrx_word' id='word_1_76' title='bbox 1317 1100 1563 1131; x_wconf 84' lang='lat' dir='ltr'>emacem:</span> 
     </span>
     <span class='ocr_line' id='line_1_15' title="bbox 300 1158 1375 1224; baseline 0.003 -18"><span class='ocrx_word' id='word_1_77' title='bbox 300 1158 553 1224; x_wconf 87' lang='lat' dir='ltr'>Expediet</span> <span class='ocrx_word' id='word_1_78' title='bbox 577 1176 785 1217; x_wconf 90' lang='lat' dir='ltr'>merces,</span> <span class='ocrx_word' id='word_1_79' title='bbox 812 1167 965 1223; x_wconf 92' lang='lat' dir='ltr'>teque</span> <span class='ocrx_word' id='word_1_80' title='bbox 990 1161 1215 1217; x_wconf 88' lang='lat' dir='ltr'>sedente,</span> <span class='ocrx_word' id='word_1_81' title='bbox 1243 1178 1375 1209; x_wconf 90' lang='lat' dir='ltr'>suas.</span> 
     </span>
    </p>

    <p class='ocr_par' dir='ltr' id='par_1_11' title="bbox 234 1235 1537 1379">
     <span class='ocr_line' id='line_1_16' title="bbox 234 1235 1537 1301; baseline 0.002 -17"><span class='ocrx_word' id='word_1_82' title='bbox 234 1235 372 1290; x_wconf 84' lang='lat' dir='ltr'>Quas</span> <span class='ocrx_word' id='word_1_83' title='bbox 398 1238 496 1293; x_wconf 90' lang='lat' dir='ltr'>illa,</span> <span class='ocrx_word' id='word_1_84' title='bbox 524 1237 778 1301; x_wconf 84' lang='lat' dir='ltr'>inspicias,</span> <span class='ocrx_word' id='word_1_85' title='bbox 807 1254 982 1301; x_wconf 81' lang='lat' dir='ltr'>sapere</span> <span class='ocrx_word' id='word_1_86' title='bbox 1008 1245 1062 1285; x_wconf 88' lang='lat' dir='ltr'>ut</span> <span class='ocrx_word' id='word_1_87' title='bbox 1085 1239 1300 1294; x_wconf 87' lang='lat' dir='ltr'>videare,</span> <span class='ocrx_word' id='word_1_88' title='bbox 1329 1239 1537 1301; x_wconf 86' lang='lat' dir='ltr'>rogabit.</span> 
     </span>
     <span class='ocr_line' id='line_1_17' title="bbox 301 1314 1526 1379; baseline 0.001 -18"><span class='ocrx_word' id='word_1_89' title='bbox 301 1314 491 1362; x_wconf 87' lang='lat' dir='ltr'>Oscula</span> <span class='ocrx_word' id='word_1_90' title='bbox 514 1316 696 1364; x_wconf 88' lang='lat' dir='ltr'>deinde</span> <span class='ocrx_word' id='word_1_91' title='bbox 721 1316 884 1363; x_wconf 88' lang='lat' dir='ltr'>dabit:</span> <span class='ocrx_word' id='word_1_92' title='bbox 923 1316 1106 1363; x_wconf 92' lang='lat' dir='ltr'>deinde</span> <span class='ocrx_word' id='word_1_93' title='bbox 1132 1316 1344 1379; x_wconf 85' lang='lat' dir='ltr'>rogabit,</span> <span class='ocrx_word' id='word_1_94' title='bbox 1373 1332 1526 1363; x_wconf 89' lang='lat' dir='ltr'>emas.</span> 
     </span>
    </p>
   </div>
   <div class='ocr_carea' id='block_1_9' title="bbox 234 1391 1466 1456">
    <p class='ocr_par' dir='ltr' id='par_1_12' title="bbox 234 1391 1466 1456">
     <span class='ocr_line' id='line_1_18' title="bbox 234 1391 1466 1456; baseline 0 -17"><span class='ocrx_word' id='word_1_95' title='bbox 234 1391 344 1440; x_wconf 93' lang='lat' dir='ltr'>Hoc</span> <span class='ocrx_word' id='word_1_96' title='bbox 370 1392 472 1440; x_wconf 90' lang='lat' dir='ltr'>fore</span> <span class='ocrx_word' id='word_1_97' title='bbox 497 1401 783 1441; x_wconf 88' lang='lat' dir='ltr'>contentam</span> <span class='ocrx_word' id='word_1_98' title='bbox 804 1393 985 1440; x_wconf 89' lang='lat' dir='ltr'>multos</span> <span class='ocrx_word' id='word_1_99' title='bbox 1005 1393 1194 1456; x_wconf 84' lang='lat' dir='ltr'>jurabit</span> <span class='ocrx_word' id='word_1_100' title='bbox 1219 1394 1268 1439; x_wconf 90' lang='lat' dir='ltr'>in</span> <span class='ocrx_word' id='word_1_101' title='bbox 1295 1409 1466 1440; x_wconf 88' lang='lat' dir='ltr'>annos.</span> 
     </span>
    </p>
   </div>
   <div class='ocr_carea' id='block_1_10' title="bbox 1532 1396 1628 1440">
    <p class='ocr_par' dir='ltr' id='par_1_13' title="bbox 1532 1396 1628 1440">
     <span class='ocr_line' id='line_1_19' title="bbox 1532 1396 1628 1440; baseline 0.01 -1"><span class='ocrx_word' id='word_1_102' title='bbox 1532 1396 1628 1440; x_wconf 82' lang='lat'>425</span> 
     </span>
    </p>
   </div>
   <div class='ocr_carea' id='block_1_11' title="bbox 301 1469 1480 1535">
    <p class='ocr_par' dir='ltr' id='par_1_14' title="bbox 301 1469 1480 1535">
     <span class='ocr_line' id='line_1_20' title="bbox 301 1469 1480 1535; baseline -0.001 -19"><span class='ocrx_word' id='word_1_103' title='bbox 301 1469 348 1516; x_wconf 93' lang='lat' dir='ltr'>N</span> <span class='ocrx_word' id='word_1_104' title='bbox 354 1487 449 1517; x_wconf 92' lang='lat' dir='ltr'>unc</span> <span class='ocrx_word' id='word_1_105' title='bbox 476 1487 601 1535; x_wconf 90' lang='lat' dir='ltr'>opus</span> <span class='ocrx_word' id='word_1_106' title='bbox 623 1487 733 1518; x_wconf 90' lang='lat' dir='ltr'>esse</span> <span class='ocrx_word' id='word_1_107' title='bbox 759 1471 870 1526; x_wconf 89' lang='lat' dir='ltr'>sibi,</span> <span class='ocrx_word' id='word_1_108' title='bbox 898 1487 1028 1518; x_wconf 89' lang='lat' dir='ltr'>nunc</span> <span class='ocrx_word' id='word_1_109' title='bbox 1055 1471 1183 1518; x_wconf 90' lang='lat' dir='ltr'>bene</span> <span class='ocrx_word' id='word_1_110' title='bbox 1209 1470 1343 1518; x_wconf 90' lang='lat' dir='ltr'>dicet</span> <span class='ocrx_word' id='word_1_111' title='bbox 1367 1471 1480 1517; x_wconf 88' lang='lat' dir='ltr'>emi.</span> 
     </span>
    </p>
   </div>
   <div class='ocr_carea' id='block_1_12' title="bbox 230 1702 896 1831">
    <p class='ocr_par' dir='ltr' id='par_1_15' title="bbox 230 1702 896 1831">
     <span class='ocr_line' id='line_1_21' title="bbox 234 1702 896 1744; baseline 0.003 -12"><span class='ocrx_word' id='word_1_112' title='bbox 234 1708 305 1733; x_wconf 81' lang='lat' dir='ltr'>tunc</span> <span class='ocrx_word' id='word_1_113' title='bbox 333 1702 470 1733; x_wconf 77' lang='lat' dir='ltr'>Pleiades</span> <span class='ocrx_word' id='word_1_114' title='bbox 496 1703 643 1744; x_wconf 63' lang='lat' dir='ltr'>instant]</span> <span class='ocrx_word' id='word_1_115' title='bbox 685 1702 770 1733; x_wconf 87' lang='lat' dir='ltr'>Libri</span> <span class='ocrx_word' id='word_1_116' title='bbox 796 1708 896 1734; x_wconf 82' lang='lat' dir='ltr'>veter-</span> 
     </span>
     <span class='ocr_line' id='line_1_22' title="bbox 230 1751 896 1793; baseline 0.002 -12"><span class='ocrx_word' id='word_1_117' title='bbox 230 1751 310 1788; x_wconf 85' lang='lat' dir='ltr'>rimi,</span> <span class='ocrx_word' id='word_1_118' title='bbox 328 1751 461 1782; x_wconf 77' lang='lat' dir='ltr'>Pliades.</span> <span class='ocrx_word' id='word_1_119' title='bbox 496 1751 645 1782; x_wconf 84' lang='lat' dir='ltr'>Ceterum</span> <span class='ocrx_word' id='word_1_120' title='bbox 662 1751 831 1793; x_wconf 86' lang='lat' dir='ltr'>legendum</span> <span class='ocrx_word' id='word_1_121' title='bbox 851 1751 896 1782; x_wconf 86' lang='lat' dir='ltr'>vi-</span> 
     </span>
     <span class='ocr_line' id='line_1_23' title="bbox 233 1800 344 1831; baseline 0 -1"><span class='ocrx_word' id='word_1_122' title='bbox 233 1800 344 1831; x_wconf 86' lang='lat' dir='ltr'>detur:</span> 
     </span>
    </p>
   </div>
   <div class='ocr_carea' id='block_1_13' title="bbox 273 1867 358 1872">
    <p class='ocr_par' dir='ltr' id='par_1_16' title="bbox 273 1867 358 1872">
     <span class='ocr_line' id='line_1_24' title="bbox 273 1867 358 1872; baseline 0 0"><span class='ocrx_word' id='word_1_123' title='bbox 273 1867 358 1872; x_wconf 95' lang='lat' dir='ltr'> </span> 
     </span>
    </p>
   </div>
   <div class='ocr_carea' id='block_1_14' title="bbox 228 1849 901 2773">
    <p class='ocr_par' dir='ltr' id='par_1_17' title="bbox 228 1849 901 2773">
     <span class='ocr_line' id='line_1_25' title="bbox 360 1849 899 1891; baseline 0.002 -12"><span class='ocrx_word' id='word_1_124' title='bbox 360 1851 431 1880; x_wconf 80' lang='lat' dir='ltr'>dum</span> <span class='ocrx_word' id='word_1_125' title='bbox 452 1852 546 1881; x_wconf 83' lang='lat' dir='ltr'>tristis</span> <span class='ocrx_word' id='word_1_126' title='bbox 561 1851 671 1891; x_wconf 75' lang='lat' dir='ltr'>hyems,</span> <span class='ocrx_word' id='word_1_127' title='bbox 689 1852 760 1880; x_wconf 82' lang='lat' dir='ltr'>dum</span> <span class='ocrx_word' id='word_1_128' title='bbox 779 1849 899 1880; x_wconf 74' lang='lat' dir='ltr'>Pliades</span> 
     </span>
     <span class='ocr_line' id='line_1_26' title="bbox 315 1900 443 1934; baseline -0.008 -5"><span class='ocrx_word' id='word_1_129' title='bbox 315 1900 443 1934; x_wconf 84' lang='lat' dir='ltr'>instant,</span> 
     </span>
     <span class='ocr_line' id='line_1_27' title="bbox 276 1947 898 1989; baseline -0.002 -11"><span class='ocrx_word' id='word_1_130' title='bbox 276 1948 359 1978; x_wconf 74' lang='lat' dir='ltr'>Dum</span> <span class='ocrx_word' id='word_1_131' title='bbox 377 1954 460 1978; x_wconf 80' lang='lat' dir='ltr'>tener</span> <span class='ocrx_word' id='word_1_132' title='bbox 471 1958 603 1988; x_wconf 70' lang='lat' dir='ltr'>‹rquorea</span> <span class='ocrx_word' id='word_1_133' title='bbox 621 1949 771 1989; x_wconf 78' lang='lat' dir='ltr'>mergitur</span> <span class='ocrx_word' id='word_1_134' title='bbox 784 1947 898 1978; x_wconf 72' lang='lat' dir='ltr'>Hoedzts</span> 
     </span>
     <span class='ocr_line' id='line_1_28' title="bbox 318 2009 407 2037; baseline 0.022 -11"><span class='ocrx_word' id='word_1_135' title='bbox 318 2009 407 2037; x_wconf 79' lang='lat' dir='ltr'>aqua.</span> 
     </span>
     <span class='ocr_line' id='line_1_29' title="bbox 233 2044 898 2087; baseline -0.002 -12"><span class='ocrx_word' id='word_1_136' title='bbox 233 2045 276 2076; x_wconf 90' lang='lat' dir='ltr'>Ut</span> <span class='ocrx_word' id='word_1_137' title='bbox 292 2044 502 2087; x_wconf 86' lang='lat' dir='ltr'>metaphorice</span> <span class='ocrx_word' id='word_1_138' title='bbox 525 2045 591 2076; x_wconf 87' lang='lat' dir='ltr'>haec</span> <span class='ocrx_word' id='word_1_139' title='bbox 615 2045 721 2075; x_wconf 73' lang='lat' dir='ltr'>omnia</span> <span class='ocrx_word' id='word_1_140' title='bbox 743 2044 898 2075; x_wconf 87' lang='lat' dir='ltr'>dicantur.</span> 
     </span>
     <span class='ocr_line' id='line_1_30' title="bbox 230 2093 897 2125; baseline 0 -1"><span class='ocrx_word' id='word_1_141' title='bbox 230 2094 403 2125; x_wconf 64' lang='lat' dir='ltr'>Hssmsms.</span> <span class='ocrx_word' id='word_1_142' title='bbox 430 2093 515 2125; x_wconf 75' lang='lat' dir='ltr'>Tunc</span> <span class='ocrx_word' id='word_1_143' title='bbox 534 2094 655 2125; x_wconf 82' lang='lat' dir='ltr'>Pliades</span> <span class='ocrx_word' id='word_1_144' title='bbox 672 2096 802 2124; x_wconf 80' lang='lat' dir='ltr'>instant.</span> <span class='ocrx_word' id='word_1_145' title='bbox 819 2093 897 2124; x_wconf 88' lang='lat' dir='ltr'>Dic-</span> 
     </span>
     <span class='ocr_line' id='line_1_31' title="bbox 232 2143 896 2179; baseline 0 -6"><span class='ocrx_word' id='word_1_146' title='bbox 232 2148 272 2173; x_wconf 87' lang='lat' dir='ltr'>tae</span> <span class='ocrx_word' id='word_1_147' title='bbox 286 2143 330 2174; x_wconf 86' lang='lat' dir='ltr'>sic</span> <span class='ocrx_word' id='word_1_148' title='bbox 349 2143 470 2174; x_wconf 80' lang='lat' dir='ltr'>Pliades</span> <span class='ocrx_word' id='word_1_149' title='bbox 486 2154 505 2174; x_wconf 88' lang='lat' dir='ltr'>a</span> <span class='ocrx_word' id='word_1_150' title='bbox 520 2143 659 2179; x_wconf 84' lang='lat' dir='ltr'>Pleione,</span> <span class='ocrx_word' id='word_1_151' title='bbox 677 2154 740 2173; x_wconf 84' lang='lat' dir='ltr'>una</span> <span class='ocrx_word' id='word_1_152' title='bbox 755 2153 792 2173; x_wconf 87' lang='lat' dir='ltr'>ex</span> <span class='ocrx_word' id='word_1_153' title='bbox 814 2143 896 2173; x_wconf 87' lang='lat' dir='ltr'>Oce-</span> 
     </span>
     <span class='ocr_line' id='line_1_32' title="bbox 232 2191 896 2234; baseline -0.002 -12"><span class='ocrx_word' id='word_1_154' title='bbox 232 2191 412 2229; x_wconf 85' lang='lat' dir='ltr'>anitidibus,</span> <span class='ocrx_word' id='word_1_155' title='bbox 428 2203 498 2234; x_wconf 81' lang='lat' dir='ltr'>quae</span> <span class='ocrx_word' id='word_1_156' title='bbox 521 2203 558 2223; x_wconf 86' lang='lat' dir='ltr'>ex</span> <span class='ocrx_word' id='word_1_157' title='bbox 583 2192 726 2228; x_wconf 85' lang='lat' dir='ltr'>Atlante,</span> <span class='ocrx_word' id='word_1_158' title='bbox 742 2191 896 2222; x_wconf 79' lang='lat' dir='ltr'>Maurita-</span> 
     </span>
     <span class='ocr_line' id='line_1_33' title="bbox 232 2239 897 2283; baseline -0.002 -13"><span class='ocrx_word' id='word_1_159' title='bbox 232 2241 291 2271; x_wconf 85' lang='lat' dir='ltr'>niae</span> <span class='ocrx_word' id='word_1_160' title='bbox 318 2252 403 2283; x_wconf 86' lang='lat' dir='ltr'>rege,</span> <span class='ocrx_word' id='word_1_161' title='bbox 432 2240 512 2272; x_wconf 84' lang='lat' dir='ltr'>filias</span> <span class='ocrx_word' id='word_1_162' title='bbox 548 2240 687 2282; x_wconf 82' lang='lat' dir='ltr'>suscepit</span> <span class='ocrx_word' id='word_1_163' title='bbox 721 2239 897 2275; x_wconf 86' lang='lat' dir='ltr'>duodecim,</span> 
     </span>
     <span class='ocr_line' id='line_1_34' title="bbox 231 2289 899 2332; baseline -0.001 -12"><span class='ocrx_word' id='word_1_164' title='bbox 231 2301 363 2331; x_wconf 86' lang='lat' dir='ltr'>quarum</span> <span class='ocrx_word' id='word_1_165' title='bbox 392 2296 512 2332; x_wconf 83' lang='lat' dir='ltr'>septem</span> <span class='ocrx_word' id='word_1_166' title='bbox 552 2291 722 2326; x_wconf 78' lang='lat' dir='ltr'>Pleiadum,</span> <span class='ocrx_word' id='word_1_167' title='bbox 757 2289 899 2330; x_wconf 73' lang='lat' dir='ltr'>Hyadum</span> 
     </span>
     <span class='ocr_line' id='line_1_35' title="bbox 231 2339 900 2381; baseline -0.001 -11"><span class='ocrx_word' id='word_1_168' title='bbox 231 2339 370 2381; x_wconf 89' lang='lat' dir='ltr'>quinque</span> <span class='ocrx_word' id='word_1_169' title='bbox 398 2339 521 2370; x_wconf 87' lang='lat' dir='ltr'>nomine</span> <span class='ocrx_word' id='word_1_170' title='bbox 543 2340 751 2370; x_wconf 80' lang='lat' dir='ltr'>celebrantur.</span> <span class='ocrx_word' id='word_1_171' title='bbox 788 2339 900 2369; x_wconf 85' lang='lat' dir='ltr'>Dictas</span> 
     </span>
     <span class='ocr_line' id='line_1_36' title="bbox 231 2387 898 2430; baseline 0 -13"><span class='ocrx_word' id='word_1_172' title='bbox 231 2387 340 2418; x_wconf 89' lang='lat' dir='ltr'>volunt</span> <span class='ocrx_word' id='word_1_173' title='bbox 355 2389 407 2419; x_wconf 87' lang='lat' dir='ltr'>alii</span> <span class='ocrx_word' id='word_1_174' title='bbox 424 2399 443 2419; x_wconf 84' lang='lat' dir='ltr'>a</span> <span class='ocrx_word' id='word_1_175' title='bbox 459 2387 559 2424; x_wconf 79' lang='grc' dir='ltr'>πλέω,</span> <span class='ocrx_word' id='word_1_176' title='bbox 571 2390 699 2429; x_wconf 78' lang='lat' dir='ltr'>navig0,·</span> <span class='ocrx_word' id='word_1_177' title='bbox 725 2387 799 2430; x_wconf 79' lang='lat' dir='ltr'>quia</span> <span class='ocrx_word' id='word_1_178' title='bbox 812 2387 898 2417; x_wconf 83' lang='lat' dir='ltr'>navi-</span> 
     </span>
     <span class='ocr_line' id='line_1_37' title="bbox 230 2436 896 2479; baseline -0.002 -12"><span class='ocrx_word' id='word_1_179' title='bbox 230 2436 326 2478; x_wconf 88' lang='lat' dir='ltr'>gandi</span> <span class='ocrx_word' id='word_1_180' title='bbox 349 2444 472 2479; x_wconf 86' lang='lat' dir='ltr'>tempus</span> <span class='ocrx_word' id='word_1_181' title='bbox 493 2437 647 2473; x_wconf 83' lang='lat' dir='ltr'>indicant,</span> <span class='ocrx_word' id='word_1_182' title='bbox 673 2448 770 2478; x_wconf 89' lang='lat' dir='ltr'>quum</span> <span class='ocrx_word' id='word_1_183' title='bbox 794 2436 896 2467; x_wconf 80' lang='lat' dir='ltr'>orian-</span> 
     </span>
     <span class='ocr_line' id='line_1_38' title="bbox 230 2486 896 2528; baseline -0.003 -11"><span class='ocrx_word' id='word_1_184' title='bbox 230 2492 279 2517; x_wconf 88' lang='lat' dir='ltr'>tur</span> <span class='ocrx_word' id='word_1_185' title='bbox 294 2486 377 2517; x_wconf 84' lang='lat' dir='ltr'>circa</span> <span class='ocrx_word' id='word_1_186' title='bbox 392 2486 616 2528; x_wconf 63' lang='lat' dir='ltr'>aequinoctium</span> <span class='ocrx_word' id='word_1_187' title='bbox 640 2497 768 2517; x_wconf 83' lang='lat' dir='ltr'>vernum</span> <span class='ocrx_word' id='word_1_188' title='bbox 782 2497 790 2524; x_wconf 88' lang='lat'>;</span> <span class='ocrx_word' id='word_1_189' title='bbox 815 2486 896 2516; x_wconf 84' lang='lat' dir='ltr'>unde</span> 
     </span>
     <span class='ocr_line' id='line_1_39' title="bbox 231 2535 897 2578; baseline -0.002 -12"><span class='ocrx_word' id='word_1_190' title='bbox 231 2546 250 2566; x_wconf 74' lang='lat' dir='ltr'>a</span> <span class='ocrx_word' id='word_1_191' title='bbox 266 2535 385 2567; x_wconf 86' lang='lat' dir='ltr'>Latinis</span> <span class='ocrx_word' id='word_1_192' title='bbox 401 2537 539 2578; x_wconf 82' lang='lat' dir='ltr'>Vergiliae</span> <span class='ocrx_word' id='word_1_193' title='bbox 552 2535 763 2577; x_wconf 85' lang='lat' dir='ltr'>adpellantur.</span> <span class='ocrx_word' id='word_1_194' title='bbox 781 2535 897 2565; x_wconf 54' lang='lat' dir='ltr'>Amin.</span> 
     </span>
     <span class='ocr_line' id='line_1_40' title="bbox 276 2585 898 2627; baseline -0.002 -11"><span class='ocrx_word' id='word_1_195' title='bbox 276 2586 352 2616; x_wconf 83' lang='lat'>413.</span> <span class='ocrx_word' id='word_1_196' title='bbox 384 2586 452 2621; x_wconf 81' lang='lat' dir='ltr'>Qua</span> <span class='ocrx_word' id='word_1_197' title='bbox 467 2587 582 2627; x_wconf 87' lang='lat' dir='ltr'>flebilis</span> <span class='ocrx_word' id='word_1_198' title='bbox 607 2587 691 2616; x_wconf 72' lang='lat' dir='ltr'>Allia</span> <span class='ocrx_word' id='word_1_199' title='bbox 717 2586 794 2621; x_wconf 80' lang='lat' dir='ltr'>luce,</span> <span class='ocrx_word' id='word_1_200' title='bbox 824 2585 898 2625; x_wconf 60' lang='grc' dir='ltr'>δια]</span> 
     </span>
     <span class='ocr_line' id='line_1_41' title="bbox 236 2633 900 2671; baseline 0 -7"><span class='ocrx_word' id='word_1_201' title='bbox 236 2634 374 2665; x_wconf 73' lang='lat' dir='ltr'>Umbriae</span> <span class='ocrx_word' id='word_1_202' title='bbox 385 2634 498 2666; x_wconf 83' lang='lat' dir='ltr'>fluvius</span> <span class='ocrx_word' id='word_1_203' title='bbox 505 2634 603 2671; x_wconf 85' lang='lat' dir='ltr'>Allia,</span> <span class='ocrx_word' id='word_1_204' title='bbox 612 2634 643 2664; x_wconf 88' lang='lat' dir='ltr'>in</span> <span class='ocrx_word' id='word_1_205' title='bbox 652 2633 787 2669; x_wconf 83' lang='lat' dir='ltr'>Sabinis,</span> <span class='ocrx_word' id='word_1_206' title='bbox 800 2635 900 2671; x_wconf 87' lang='lat' dir='ltr'>(nunc</span> 
     </span>
     <span class='ocr_line' id='line_1_42' title="bbox 237 2683 901 2726; baseline 0 -13"><span class='ocrx_word' id='word_1_207' title='bbox 237 2683 294 2713; x_wconf 74' lang='lat' dir='ltr'>Rio</span> <span class='ocrx_word' id='word_1_208' title='bbox 309 2685 342 2714; x_wconf 85' lang='lat' dir='ltr'>di</span> <span class='ocrx_word' id='word_1_209' title='bbox 363 2684 491 2724; x_wconf 80' lang='lat' dir='ltr'>Mosso,)</span> <span class='ocrx_word' id='word_1_210' title='bbox 512 2683 544 2714; x_wconf 89' lang='lat' dir='ltr'>in</span> <span class='ocrx_word' id='word_1_211' title='bbox 564 2689 750 2726; x_wconf 82' lang='lat' dir='ltr'>perpetuum</span> <span class='ocrx_word' id='word_1_212' title='bbox 767 2683 901 2719; x_wconf 84' lang='lat' dir='ltr'>infamis,</span> 
     </span>
     <span class='ocr_line' id='line_1_43' title="bbox 228 2731 899 2773; baseline 0 -11"><span class='ocrx_word' id='word_1_213' title='bbox 228 2733 328 2772; x_wconf 80' lang='lat' dir='ltr'>flebili</span> <span class='ocrx_word' id='word_1_214' title='bbox 358 2731 570 2764; x_wconf 83' lang='lat' dir='ltr'>Romanorum</span> <span class='ocrx_word' id='word_1_215' title='bbox 601 2732 702 2769; x_wconf 82' lang='lat' dir='ltr'>clade,</span> <span class='ocrx_word' id='word_1_216' title='bbox 733 2732 786 2773; x_wconf 85' lang='lat' dir='ltr'>qui</span> <span class='ocrx_word' id='word_1_217' title='bbox 816 2732 858 2763; x_wconf 88' lang='lat' dir='ltr'>ibi</span> <span class='ocrx_word' id='word_1_218' title='bbox 885 2743 899 2762; x_wconf 80' lang='lat' dir='ltr'>a</span> 
     </span>
    </p>
   </div>
   <div class='ocr_carea' id='block_1_15' title="bbox 965 1702 1634 2725">
    <p class='ocr_par' dir='ltr' id='par_1_18' title="bbox 965 1702 1632 1881">
     <span class='ocr_line' id='line_1_44' title="bbox 967 1702 1631 1738; baseline -0.002 -4"><span class='ocrx_word' id='word_1_219' title='bbox 967 1702 1069 1734; x_wconf 82' lang='lat' dir='ltr'>Gallis</span> <span class='ocrx_word' id='word_1_220' title='bbox 1102 1703 1345 1738; x_wconf 80' lang='lat' dir='ltr'>Senonensibus,</span> <span class='ocrx_word' id='word_1_221' title='bbox 1379 1703 1503 1734; x_wconf 88' lang='lat' dir='ltr'>Brenno</span> <span class='ocrx_word' id='word_1_222' title='bbox 1540 1702 1631 1737; x_wconf 86' lang='lat' dir='ltr'>duce,</span> 
     </span>
     <span class='ocr_line' id='line_1_45' title="bbox 966 1752 1630 1794; baseline -0.003 -11"><span class='ocrx_word' id='word_1_223' title='bbox 966 1752 1025 1783; x_wconf 84' lang='lat' dir='ltr'>fusi</span> <span class='ocrx_word' id='word_1_224' title='bbox 1039 1752 1201 1794; x_wconf 80' lang='lat' dir='ltr'>fugatique</span> <span class='ocrx_word' id='word_1_225' title='bbox 1217 1752 1352 1788; x_wconf 87' lang='lat' dir='ltr'>fuerunt,</span> <span class='ocrx_word' id='word_1_226' title='bbox 1365 1752 1408 1782; x_wconf 88' lang='lat' dir='ltr'>A.</span> <span class='ocrx_word' id='word_1_227' title='bbox 1422 1753 1463 1783; x_wconf 78' lang='lat' dir='ltr'>U,</span> <span class='ocrx_word' id='word_1_228' title='bbox 1477 1761 1630 1782; x_wconf 81' lang='lat' dir='ltr'>cchvur.</span> 
     </span>
     <span class='ocr_line' id='line_1_46' title="bbox 965 1800 1632 1831; baseline -0.001 0"><span class='ocrx_word' id='word_1_229' title='bbox 965 1801 1030 1831; x_wconf 88' lang='lat' dir='ltr'>Tit.</span> <span class='ocrx_word' id='word_1_230' title='bbox 1046 1801 1116 1831; x_wconf 86' lang='lat' dir='ltr'>Liv.</span> <span class='ocrx_word' id='word_1_231' title='bbox 1132 1812 1163 1831; x_wconf 89' lang='lat' dir='ltr'>v.</span> <span class='ocrx_word' id='word_1_232' title='bbox 1181 1802 1235 1831; x_wconf 86' lang='lat'>38.</span> <span class='ocrx_word' id='word_1_233' title='bbox 1254 1801 1337 1831; x_wconf 87' lang='lat' dir='ltr'>Flor.</span> <span class='ocrx_word' id='word_1_234' title='bbox 1354 1801 1376 1831; x_wconf 92' lang='lat' dir='ltr'>i.</span> <span class='ocrx_word' id='word_1_235' title='bbox 1398 1802 1449 1831; x_wconf 88' lang='grc'>13.</span> <span class='ocrx_word' id='word_1_236' title='bbox 1470 1800 1632 1831; x_wconf 81' lang='lat' dir='ltr'>Plutarch.</span> 
     </span>
     <span class='ocr_line' id='line_1_47' title="bbox 967 1849 1293 1881; baseline 0 -2"><span class='ocrx_word' id='word_1_237' title='bbox 967 1849 999 1880; x_wconf 86' lang='lat' dir='ltr'>in</span> <span class='ocrx_word' id='word_1_238' title='bbox 1014 1849 1127 1881; x_wconf 84' lang='lat' dir='ltr'>Camil.</span> <span class='ocrx_word' id='word_1_239' title='bbox 1174 1849 1293 1880; x_wconf 64' lang='lat' dir='ltr'>Ama.</span> 
     </span>
    </p>

    <p class='ocr_par' dir='ltr' id='par_1_19' title="bbox 965 1898 1634 2187">
     <span class='ocr_line' id='line_1_48' title="bbox 1011 1898 1631 1938; baseline 0 -10"><span class='ocrx_word' id='word_1_240' title='bbox 1011 1899 1085 1929; x_wconf 81' lang='lat'>421.</span> <span class='ocrx_word' id='word_1_241' title='bbox 1096 1898 1222 1929; x_wconf 82' lang='lat' dir='ltr'>Institor</span> <span class='ocrx_word' id='word_1_242' title='bbox 1232 1900 1271 1928; x_wconf 75' lang='lat' dir='ltr'>acl</span> <span class='ocrx_word' id='word_1_243' title='bbox 1282 1900 1442 1933; x_wconf 77' lang='lat' dir='ltr'>dominam,</span> <span class='ocrx_word' id='word_1_244' title='bbox 1453 1898 1531 1938; x_wconf 53' lang='grc' dir='ltr'>δια]</span> <span class='ocrx_word' id='word_1_245' title='bbox 1546 1903 1563 1914; x_wconf 88' lang='grc'>“</span> <span class='ocrx_word' id='word_1_246' title='bbox 1580 1899 1631 1928; x_wconf 85' lang='lat' dir='ltr'>1n-</span> 
     </span>
     <span class='ocr_line' id='line_1_49' title="bbox 967 1947 1634 1989; baseline -0.001 -11"><span class='ocrx_word' id='word_1_247' title='bbox 967 1947 1054 1979; x_wconf 84' lang='lat' dir='ltr'>stitor</span> <span class='ocrx_word' id='word_1_248' title='bbox 1079 1953 1137 1983; x_wconf 76' lang='lat' dir='ltr'>est,</span> <span class='ocrx_word' id='word_1_249' title='bbox 1153 1947 1254 1989; x_wconf 84' lang='lat' dir='ltr'>inquit</span> <span class='ocrx_word' id='word_1_250' title='bbox 1279 1948 1409 1989; x_wconf 88' lang='lat' dir='ltr'>Ulpian.</span> <span class='ocrx_word' id='word_1_251' title='bbox 1431 1949 1478 1978; x_wconf 84' lang='lat'>18.</span> <span class='ocrx_word' id='word_1_252' title='bbox 1494 1947 1534 1977; x_wconf 87' lang='lat' dir='ltr'>de</span> <span class='ocrx_word' id='word_1_253' title='bbox 1558 1948 1634 1977; x_wconf 77' lang='lat' dir='ltr'>[nst.</span> 
     </span>
     <span class='ocr_line' id='line_1_50' title="bbox 965 1997 1632 2039; baseline -0.004 -10"><span class='ocrx_word' id='word_1_254' title='bbox 965 1998 1040 2029; x_wconf 79' lang='lat' dir='ltr'>Act.</span> <span class='ocrx_word' id='word_1_255' title='bbox 1069 1997 1123 2039; x_wconf 81' lang='lat' dir='ltr'>qui</span> <span class='ocrx_word' id='word_1_256' title='bbox 1151 1998 1301 2033; x_wconf 83' lang='lat' dir='ltr'>tabernae,</span> <span class='ocrx_word' id='word_1_257' title='bbox 1327 1998 1434 2028; x_wconf 87' lang='lat' dir='ltr'>locove</span> <span class='ocrx_word' id='word_1_258' title='bbox 1462 1997 1502 2027; x_wconf 80' lang='lat' dir='ltr'>ad</span> <span class='ocrx_word' id='word_1_259' title='bbox 1528 2007 1632 2027; x_wconf 82' lang='lat' dir='ltr'>emen—</span> 
     </span>
     <span class='ocr_line' id='line_1_51' title="bbox 965 2045 1633 2087; baseline -0.003 -10"><span class='ocrx_word' id='word_1_260' title='bbox 965 2048 1039 2078; x_wconf 86' lang='lat' dir='ltr'>dum</span> <span class='ocrx_word' id='word_1_261' title='bbox 1053 2046 1317 2087; x_wconf 85' lang='lat' dir='ltr'>vendendumque</span> <span class='ocrx_word' id='word_1_262' title='bbox 1331 2045 1539 2087; x_wconf 81' lang='lat' dir='ltr'>praeponitur;</span> <span class='ocrx_word' id='word_1_263' title='bbox 1564 2046 1633 2086; x_wconf 82' lang='lat' dir='ltr'>qui-</span> 
     </span>
     <span class='ocr_line' id='line_1_52' title="bbox 965 2095 1632 2138; baseline 0 -12"><span class='ocrx_word' id='word_1_264' title='bbox 965 2107 1026 2138; x_wconf 85' lang='lat' dir='ltr'>que</span> <span class='ocrx_word' id='word_1_265' title='bbox 1042 2095 1108 2126; x_wconf 77' lang='lat' dir='ltr'>sine</span> <span class='ocrx_word' id='word_1_266' title='bbox 1124 2095 1191 2125; x_wconf 90' lang='lat' dir='ltr'>loco</span> <span class='ocrx_word' id='word_1_267' title='bbox 1207 2095 1247 2125; x_wconf 86' lang='lat' dir='ltr'>ad</span> <span class='ocrx_word' id='word_1_268' title='bbox 1263 2095 1409 2125; x_wconf 86' lang='lat' dir='ltr'>eumdem</span> <span class='ocrx_word' id='word_1_269' title='bbox 1425 2101 1530 2125; x_wconf 80' lang='lat' dir='ltr'>actum</span> <span class='ocrx_word' id='word_1_270' title='bbox 1553 2105 1632 2135; x_wconf 62' lang='lat' dir='ltr'>pru:-</span> 
     </span>
     <span class='ocr_line' id='line_1_53' title="bbox 966 2144 1284 2187; baseline -0.003 -12"><span class='ocrx_word' id='word_1_271' title='bbox 966 2145 1120 2187; x_wconf 83' lang='lat' dir='ltr'>ponitur.‘’</span> <span class='ocrx_word' id='word_1_272' title='bbox 1167 2144 1284 2174; x_wconf 71' lang='lat' dir='ltr'><strong>AMAR.</strong></span> 
     </span>
    </p>

    <p class='ocr_par' dir='ltr' id='par_1_20' title="bbox 967 2190 1634 2472">
     <span class='ocr_line' id='line_1_54' title="bbox 1011 2190 1633 2233; baseline -0.006 -10"><span class='ocrx_word' id='word_1_273' title='bbox 1011 2195 1086 2224; x_wconf 79' lang='lat'>422.</span> <span class='ocrx_word' id='word_1_274' title='bbox 1107 2193 1276 2233; x_wconf 60' lang='lat' dir='ltr'>Expediet]</span> <span class='ocrx_word' id='word_1_275' title='bbox 1299 2193 1441 2233; x_wconf 84' lang='lat' dir='ltr'>Exponet</span> <span class='ocrx_word' id='word_1_276' title='bbox 1452 2190 1551 2222; x_wconf 81' lang='lat' dir='ltr'>oculis</span> <span class='ocrx_word' id='word_1_277' title='bbox 1563 2192 1633 2222; x_wconf 77' lang='lat' dir='ltr'>tuis.</span> 
     </span>
     <span class='ocr_line' id='line_1_55' title="bbox 968 2240 1634 2281; baseline -0.003 -9"><span class='ocrx_word' id='word_1_278' title='bbox 968 2243 1010 2274; x_wconf 82' lang='lat' dir='ltr'>ita</span> <span class='ocrx_word' id='word_1_279' title='bbox 1027 2241 1182 2279; x_wconf 80' lang='lat' dir='ltr'>Quinctil.</span> <span class='ocrx_word' id='word_1_280' title='bbox 1207 2241 1273 2271; x_wconf 92' lang='lat' dir='ltr'>viii.</span> <span class='ocrx_word' id='word_1_281' title='bbox 1297 2242 1328 2272; x_wconf 82' lang='lat'>3.</span> <span class='ocrx_word' id='word_1_282' title='bbox 1352 2240 1512 2281; x_wconf 81' lang='lat' dir='ltr'>eleganter</span> <span class='ocrx_word' id='word_1_283' title='bbox 1533 2246 1634 2270; x_wconf 57' lang='lat' dir='ltr'>orato&gt;</span> 
     </span>
     <span class='ocr_line' id='line_1_56' title="bbox 968 2290 1631 2328; baseline -0.005 -7"><span class='ocrx_word' id='word_1_284' title='bbox 968 2302 1042 2327; x_wconf 86' lang='lat' dir='ltr'>rem,</span> <span class='ocrx_word' id='word_1_285' title='bbox 1060 2291 1145 2321; x_wconf 86' lang='lat' dir='ltr'>velut</span> <span class='ocrx_word' id='word_1_286' title='bbox 1169 2292 1332 2319; x_wconf 74' lang='lat' dir='ltr'>institorem</span> <span class='ocrx_word' id='word_1_287' title='bbox 1348 2290 1532 2328; x_wconf 57' lang='lat' dir='ltr'>eloquentur,</span> <span class='ocrx_word' id='word_1_288' title='bbox 1547 2290 1631 2328; x_wconf 68' lang='lat' dir='ltr'>quisl-</span> 
     </span>
     <span class='ocr_line' id='line_1_57' title="bbox 967 2339 1632 2381; baseline -0.006 -11"><span class='ocrx_word' id='word_1_289' title='bbox 967 2343 1038 2381; x_wconf 69' lang='lat' dir='ltr'>quid</span> <span class='ocrx_word' id='word_1_290' title='bbox 1054 2342 1110 2369; x_wconf 78' lang='lat' dir='ltr'>erit</span> <span class='ocrx_word' id='word_1_291' title='bbox 1126 2341 1279 2369; x_wconf 78' lang='lat' dir='ltr'>sententiis</span> <span class='ocrx_word' id='word_1_292' title='bbox 1300 2339 1456 2378; x_wconf 70' lang='lat' dir='ltr'>populare,</span> <span class='ocrx_word' id='word_1_293' title='bbox 1475 2339 1566 2367; x_wconf 69' lang='lat' dir='ltr'>verbis</span> <span class='ocrx_word' id='word_1_294' title='bbox 1586 2340 1632 2367; x_wconf 79' lang='lat' dir='ltr'>ni-</span> 
     </span>
     <span class='ocr_line' id='line_1_58' title="bbox 969 2390 1632 2426; baseline -0.006 -6"><span class='ocrx_word' id='word_1_295' title='bbox 969 2392 1078 2425; x_wconf 76' lang='lat' dir='ltr'>tidum,</span> <span class='ocrx_word' id='word_1_296' title='bbox 1093 2390 1150 2419; x_wconf 62' lang='grc' dir='ltr'>ἃς.</span> <span class='ocrx_word' id='word_1_297' title='bbox 1167 2390 1345 2419; x_wconf 76' lang='lat' dir='ltr'>intuendum</span> <span class='ocrx_word' id='word_1_298' title='bbox 1361 2394 1388 2417; x_wconf 83' lang='lat' dir='ltr'>et</span> <span class='ocrx_word' id='word_1_299' title='bbox 1403 2398 1475 2426; x_wconf 75' lang='lat' dir='ltr'>pene</span> <span class='ocrx_word' id='word_1_300' title='bbox 1498 2395 1632 2425; x_wconf 72' lang='lat' dir='ltr'>pertrac-</span> 
     </span>
     <span class='ocr_line' id='line_1_59' title="bbox 967 2435 1536 2472; baseline -0.011 -3"><span class='ocrx_word' id='word_1_301' title='bbox 967 2441 1091 2469; x_wconf 74' lang='lat' dir='ltr'>emulum</span> <span class='ocrx_word' id='word_1_302' title='bbox 1108 2440 1265 2472; x_wconf 71' lang='lat' dir='ltr'>(laturum,</span> <span class='ocrx_word' id='word_1_303' title='bbox 1281 2435 1369 2466; x_wconf 87' lang='lat' dir='ltr'>dicit.</span> <span class='ocrx_word' id='word_1_304' title='bbox 1418 2436 1536 2465; x_wconf 75' lang='lat' dir='ltr'>Bunm.</span> 
     </span>
    </p>

    <p class='ocr_par' dir='ltr' id='par_1_21' title="bbox 966 2483 1634 2725">
     <span class='ocr_line' id='line_1_60' title="bbox 1009 2483 1633 2526; baseline -0.008 -9"><span class='ocrx_word' id='word_1_305' title='bbox 1009 2488 1082 2518; x_wconf 78' lang='lat'>423.</span> <span class='ocrx_word' id='word_1_306' title='bbox 1099 2487 1208 2526; x_wconf 75' lang='lat' dir='ltr'>Sapere</span> <span class='ocrx_word' id='word_1_307' title='bbox 1224 2485 1286 2525; x_wconf 87' lang='lat' dir='ltr'>ut.]</span> <span class='ocrx_word' id='word_1_308' title='bbox 1320 2485 1403 2514; x_wconf 80' lang='lat' dir='ltr'>Scire</span> <span class='ocrx_word' id='word_1_309' title='bbox 1426 2491 1459 2514; x_wconf 79' lang='lat' dir='ltr'>ut</span> <span class='ocrx_word' id='word_1_310' title='bbox 1485 2483 1633 2524; x_wconf 72' lang='lat' dir='ltr'>Neapoli-</span> 
     </span>
     <span class='ocr_line' id='line_1_61' title="bbox 966 2532 1633 2574; baseline -0.009 -7"><span class='ocrx_word' id='word_1_311' title='bbox 966 2543 1070 2567; x_wconf 77' lang='lat' dir='ltr'>tanus.</span> <span class='ocrx_word' id='word_1_312' title='bbox 1093 2535 1147 2566; x_wconf 74' lang='lat' dir='ltr'>sed</span> <span class='ocrx_word' id='word_1_313' title='bbox 1171 2546 1270 2574; x_wconf 74' lang='lat' dir='ltr'>sapere</span> <span class='ocrx_word' id='word_1_314' title='bbox 1293 2533 1426 2564; x_wconf 84' lang='lat' dir='ltr'>retineo:</span> <span class='ocrx_word' id='word_1_315' title='bbox 1454 2532 1536 2562; x_wconf 75' lang='lat' dir='ltr'>&#39;ulem</span> <span class='ocrx_word' id='word_1_316' title='bbox 1562 2543 1633 2561; x_wconf 75' lang='lat' dir='ltr'>vero</span> 
     </span>
     <span class='ocr_line' id='line_1_62' title="bbox 969 2582 1634 2625; baseline -0.011 -9"><span class='ocrx_word' id='word_1_317' title='bbox 969 2585 1018 2616; x_wconf 83' lang='lat' dir='ltr'>hic</span> <span class='ocrx_word' id='word_1_318' title='bbox 1044 2591 1102 2620; x_wconf 83' lang='lat' dir='ltr'>est,</span> <span class='ocrx_word' id='word_1_319' title='bbox 1129 2584 1213 2625; x_wconf 82' lang='lat' dir='ltr'>quod</span> <span class='ocrx_word' id='word_1_320' title='bbox 1241 2583 1293 2613; x_wconf 79' lang='lat' dir='ltr'>alii</span> <span class='ocrx_word' id='word_1_321' title='bbox 1319 2582 1427 2612; x_wconf 74' lang='lat' dir='ltr'>dieunt</span> <span class='ocrx_word' id='word_1_322' title='bbox 1455 2583 1634 2621; x_wconf 67' lang='lat' dir='ltr'>intelligere,</span> 
     </span>
     <span class='ocr_line' id='line_1_63' title="bbox 969 2630 1634 2676; baseline -0.006 -13"><span class='ocrx_word' id='word_1_323' title='bbox 969 2634 1103 2676; x_wconf 81' lang='lat' dir='ltr'>peritum</span> <span class='ocrx_word' id='word_1_324' title='bbox 1119 2644 1185 2663; x_wconf 84' lang='lat' dir='ltr'>esse</span> <span class='ocrx_word' id='word_1_325' title='bbox 1201 2632 1359 2663; x_wconf 83' lang='lat' dir='ltr'>mercium.</span> <span class='ocrx_word' id='word_1_326' title='bbox 1375 2631 1437 2661; x_wconf 85' lang='lat' dir='ltr'>vid.</span> <span class='ocrx_word' id='word_1_327' title='bbox 1454 2630 1492 2661; x_wconf 79' lang='lat' dir='ltr'>ad</span> <span class='ocrx_word' id='word_1_328' title='bbox 1509 2631 1634 2660; x_wconf 55' lang='lat' dir='ltr'>l&#39;ctron,</span> 
     </span>
     <span class='ocr_line' id='line_1_64' title="bbox 970 2680 1587 2725; baseline -0.005 -13"><span class='ocrx_word' id='word_1_329' title='bbox 970 2694 1039 2725; x_wconf 74' lang='lat' dir='ltr'>cap.</span> <span class='ocrx_word' id='word_1_330' title='bbox 1053 2683 1099 2713; x_wconf 87' lang='lat' dir='ltr'>lii.</span> <span class='ocrx_word' id='word_1_331' title='bbox 1118 2694 1222 2721; x_wconf 72' lang='lat' dir='ltr'>capere</span> <span class='ocrx_word' id='word_1_332' title='bbox 1241 2681 1420 2711; x_wconf 79' lang='lat' dir='ltr'>Bcrncnsis.</span> <span class='ocrx_word' id='word_1_333' title='bbox 1470 2680 1587 2710; x_wconf 71' lang='lat' dir='ltr'>Brum.</span> 
     </span>
    </p>
   </div>
   <div class='ocr_carea' id='block_1_16' title="bbox 1052 2786 1151 2815">
    <p class='ocr_par' dir='ltr' id='par_1_22' title="bbox 1052 2786 1151 2815">
     <span class='ocr_line' id='line_1_65' title="bbox 1052 2786 1151 2815; baseline -0.01 0"><span class='ocrx_word' id='word_1_334' title='bbox 1052 2786 1151 2815; x_wconf 64' lang='lat' dir='ltr'>Hbs</span> 
     </span>
    </p>
   </div>
   <div class='ocr_carea' id='block_1_17' title="bbox 1533 703 1691 747">
    <p class='ocr_par' dir='ltr' id='par_1_23' title="bbox 1533 703 1691 747">
     <span class='ocr_line' id='line_1_66' title="bbox 1533 703 1691 747; baseline 0.006 -1"><span class='ocrx_word' id='word_1_335' title='bbox 1533 703 1629 747; x_wconf 74' lang='lat'>416</span> <span class='ocrx_word' id='word_1_336' title='bbox 1688 705 1691 708; x_wconf 79' lang='grc'><strong>’</strong></span> 
     </span>
    </p>
   </div>
  </div>
 </body>
</html>
