1849 3198
617 219 914 262 AMORUM.
959 219 1079 262 LIB.
1114 220 1177 262 II.
1210 222 1250 262 4.
1546 222 1631 262 353

236 336 426 383 Fallere
451 343 500 383 te
525 336 703 400 potuit,
732 336 958 398 quamvis
984 336 1198 384 habeare
1224 337 1489 385 molestus:
1571 340 1626 383 15

301 413 415 460 Non
441 421 578 461 caret
602 414 800 469 effectu,
828 413 964 475 quod
988 414 1186 461 voluere
1210 415 1326 461 duo.

234 490 413 554 Aptius
439 498 493 537 ut
515 490 662 537 fuerit
684 490 916 553 precibus
941 496 1181 546 tentasse,
1210 507 1468 553 rogamus:

300 568 431 617 Dum
458 569 585 617 bene
611 568 826 634 ponendi
853 583 1060 615 munera
1083 574 1282 631 tempus
1308 569 1478 615 habes.

711 877 1012 925 ELEGIA
1058 877 1148 925 IV.

234 988 347 1034 Non
373 1005 465 1050 ego
491 989 758 1035 mendosos
784 989 943 1036 ausim
968 989 1235 1037 defendere
1261 1004 1449 1043 mores;

301 1065 547 1128 Falsaque
574 1082 661 1129 pro
686 1066 816 1112 vitiis
843 1082 980 1113 arma
1004 1082 1200 1113 movere
1222 1066 1363 1112 meis.

233 1142 515 1199 Confiteor3
557 1143 597 1189 si
623 1143 744 1206 quid
770 1144 974 1207 prodest
998 1144 1182 1191 delicta
1206 1143 1374 1191 fateri:

302 1218 359 1265 In
386 1236 497 1266 mea
521 1236 652 1266 nunc
678 1220 884 1267 demens
911 1221 1132 1277 crimina,
1160 1221 1338 1276 fassus,
1366 1237 1441 1268 eo.

233 1295 361 1343 Odi:
403 1313 493 1343 nec
520 1313 725 1360 possum
750 1297 956 1361 cupiens
983 1314 1081 1345 non
1106 1314 1233 1353 esse,
1262 1298 1398 1360 quod
1422 1297 1520 1344 odi.
1599 1315 1627 1344 ε)

1606 1300 1625 1309 n

300 1371 413 1420 Heu
434 1389 601 1436 quam,
625 1390 736 1436 quae
762 1374 965 1422 studeas
991 1391 1190 1438 ponere,
1213 1375 1338 1422 ferre
1364 1390 1511 1437 grave
1530 1374 1628 1422 est!

235 1449 364 1495 Nam
390 1450 574 1497 desunt
596 1450 723 1497 vires
751 1452 813 1498 ad
839 1467 918 1498 me
944 1452 1061 1498 mihi
1082 1453 1268 1515 jusque
1294 1452 1581 1513 regendum,

301 1526 526 1583 Auferor,
555 1534 608 1574 ut
632 1528 805 1592 rapida
832 1529 1028 1575 concita
1053 1530 1237 1593 puppis
1264 1530 1414 1592 aqua.

235 1602 351 1649 Non
377 1611 453 1650 est
477 1611 615 1651 certa
638 1620 777 1651 meos
804 1621 916 1668 quae
943 1605 1100 1652 forma
1124 1606 1280 1652 irritet
1305 1622 1513 1653 amores.

301 1679 517 1728 Centum
544 1688 660 1728 sunt
684 1698 890 1737 eaussae,
919 1698 1006 1728 cur
1030 1698 1122 1744 ego
1149 1699 1346 1746 semper
1372 1698 1550 1730 amem.
1572 1686 1630 1730 10

190 1798 199 1801 ,
236 1756 349 1804 Sive
376 1758 544 1821 aliqua
569 1766 645 1805 est
670 1759 840 1805 oculos
867 1758 914 1805 in
942 1775 995 1806 se
1020 1760 1218 1823 dejecta
1242 1760 1519 1816 modestos;

302 1835 456 1883 Uror:
497 1844 546 1883 et
571 1836 762 1883 insidiae
789 1844 904 1884 sunt
928 1837 1087 1902 pudor
1109 1838 1190 1884 ille
1215 1853 1356 1884 meae.

280 2038 330 2068 18.
358 2036 438 2067 Bene
451 2038 612 2078 ponendi]
641 2037 723 2068 Bene
735 2040 901 2077 proeslandi

232 2086 456 2122 Scriverianus,
501 2087 583 2127 quod
619 2087 796 2128 glossatoris
833 2092 898 2117 est:

233 2135 349 2166 locutio
365 2135 447 2166 enim
464 2146 483 2166 a
498 2136 736 2166 foeneratoribus
745 2136 900 2172 desumta,

234 2185 288 2225 qui
300 2191 416 2224 ponunt
430 2187 589 2224 pecuniam
603 2196 614 2222 ‚²
630 2190 665 2215 ut
675 2185 786 2215 Horat.
800 2185 901 2226 Epod·

235 2233 270 2263 ii.
289 2244 368 2264 vers.
388 2233 447 2263 ult.
464 2239 496 2263 et
517 2234 646 2264 Terent.
663 2233 800 2275 Adelph.
817 2234 850 2264 ii.
868 2234 900 2264 2.

236 2282 394 2313 Foenerure
411 2282 500 2313 dixit.
525 2288 560 2313 ut
583 2289 687 2313 autem
712 2282 817 2313 onmia
843 2283 900 2313 hu—

229 2332 282 2373 jus
308 2331 434 2362 distichi
459 2333 600 2363 membra
627 2332 708 2362 inter
737 2343 769 2362 se
797 2332 899 2363 cohae-

235 2387 333 2417 ream,
356 2386 388 2411 et
409 2391 517 2412 sensus
543 2381 735 2416 commodus,
752 2391 844 2422 quem
868 2381 900 2411 in

236 2431 363 2471 vulgata
398 2430 531 2461 lectione
561 2430 612 2461 vix
643 2430 745 2465 video,
774 2430 899 2467 oriatur,

235 2481 363 2510 mallem
381 2480 411 2509 in
425 2480 517 2521 priori
534 2490 624 2510 versu
641 2480 744 2521 legere
759 2492 764 2509 :

279 2530 387 2568 Aptius
402 2529 542 2570 utsuerit
556 2531 652 2568 pretio
670 2535 797 2564 tentare,
813 2540 900 2569 ragu-

322 2589 399 2608 mus·

239 2627 324 2657 Licet
340 2627 417 2657 sorte
440 2626 563 2658 brevior
579 2626 629 2657 via
652 2632 683 2656 et
706 2626 804 2668 aptior
820 2632 901 2656 osset

236 2682 265 2705 te
284 2682 404 2707 tentare
419 2676 565 2718 pecunia,
577 2675 734 2706 malumus
749 2682 854 2706 tamen
870 2682 900 2706 te

237 2734 353 2763 rogare,
369 2723 443 2753 dum
458 2731 579 2765 tempus
603 2723 699 2754 habes
715 2723 900 2754 beneficium

239 2773 295 2800 hm·
311 2773 390 2802 bene
408 2773 554 2813 ponendi,
583 2779 750 2813 antequam
777 2779 805 2803 tf·
823 2783 898 2813 prep-

285 2825 382 2854 x‘oL.
404 2825 427 2854 1.

971 2038 1060 2068 terito
1077 2037 1183 2068 fallere
1201 2042 1231 2067 te
1257 2037 1402 2066 instituat
1420 2036 1547 2068 domina
1570 2042 1625 2068 tua

969 2097 1031 2128 quo
1047 2086 1139 2123 facto,
1156 2095 1214 2117 nec
1230 2086 1374 2126 gratiam,
1393 2096 1450 2116 nec
1466 2086 1632 2127 pecuniam

970 2137 1101 2167 auferes.
1149 2136 1286 2166 Pretium
1302 2145 1374 2165 vero
1385 2135 1417 2165 in
1432 2147 1530 2174 preces
1546 2142 1631 2166 tran-

969 2186 1021 2216 siit
1037 2197 1074 2216 ex
1092 2190 1241 2216 consueta
1255 2183 1311 2215 illa
1332 2184 1474 2221 formula,
1489 2187 1536 2216 vel
1547 2196 1635 2225 prece

970 2236 1016 2265 vel
1043 2236 1151 2275 pretio.
1178 2234 1243 2265 vid.
1275 2234 1388 2264 Horat.
1413 2234 1447 2265 ii.
1473 2235 1572 2277 Epist.
1598 2235 1633 2266 ii.

975 2286 1044 2315 173.
1073 2289 1105 2315 et
1135 2285 1283 2315 Nostrum
1308 2283 1364 2314 lib.
1392 2283 1424 2314 ii.
1448 2285 1532 2316 Fast.
1556 2286 1632 2316 806.

970 2334 1085 2364 Eoum.

1017 2431 1045 2460 l.
1070 2431 1203 2472 Ausim]
1231 2431 1290 2461 Pro
1313 2433 1454 2462 auderem
1469 2430 1632 2472 antiquum

969 2485 1026 2515 est,
1042 2479 1096 2509 sed
1112 2489 1173 2521 quo
1190 2486 1294 2510 tamen
1307 2479 1537 2520 elegantissime
1550 2491 1632 2510 nunc

970 2528 1096 2558 utimur.
1143 2529 1295 2560 MAmus.

1012 2578 1044 2608 8.
1070 2577 1230 2619 Auser-oin]
1251 2578 1377 2609 Scilicet
1393 2588 1411 2608 a
1423 2578 1504 2608 mala
1515 2584 1631 2608 mente.

970 2627 1050 2656 Flor.
1072 2626 1106 2656 ii.
1122 2628 1154 2657 6.
1203 2626 1241 2657 In
1256 2630 1402 2657 diversum
1428 2628 1630 2657 abstulerunt.

969 2675 1033 2705 vid.
1052 2675 1090 2705 ad
1109 2676 1206 2717 Epist.
1222 2676 1263 2706 vi.
1283 2677 1354 2706 131.

1018 2725 1066 2754 12.
1111 2723 1229 2754 Insidia-
1258 2724 1471 2763 sunt...mecr.]
1511 2723 1633 2760 Quibus

969 2775 1082 2814 capior.
1132 2772 1155 2802 Α
1165 2784 1247 2803 Min.

1169 2826 1187 2854 ’Χ
1214 2838 1229 2856 a
