1849 3198
655 201 999 256 HEROIDES.
1036 200 1125 241 ΕΡ.
1162 199 1279 242 XX.
1582 200 1666 241 273

277 320 408 367 Ante
433 326 545 366 tuos
571 319 773 366 flentem
799 317 945 364 liceat
969 316 1241 363 consistere
1266 315 1458 362 vultus:
1601 318 1662 362 75

343 396 410 443 Et
434 397 581 444 liceat
604 395 818 444 lacrimis
844 394 1027 441 addere
1051 393 1202 440 verba
1226 393 1344 440 suis.

279 474 449 537 thue
475 475 636 521 solent
659 471 845 527 famuli,
873 487 987 518 cum
1011 471 1218 518 verbera
1242 486 1373 517 saeva
1396 475 1639 524 verentur,

341 551 568 598 Tendere
593 549 868 597 submissas
894 548 957 595 ad
980 554 1067 595 tua
1091 563 1235 594 crura
1259 563 1451 594 manus.

276 627 481 690 Ignoras
506 635 591 674 tua
602 629 746 690 jura;
785 641 935 682 voca3
976 640 1064 671 cur
1089 640 1266 687 arguor
1284 624 1496 671 absens?

339 704 370 750 J
375 705 645 752 amdudum
671 703 883 750 dominae
909 717 1044 749 more
1069 701 1235 748 venire
1254 701 1395 764 jube.
1602 703 1664 745 80

274 781 392 845 Ipsa
416 798 553 829 meos
579 781 777 829 scindas
802 780 920 827 licet
944 778 1210 843 imperiosa
1229 778 1451 842 capillos,

341 859 544 922 Oraque
566 860 664 906 sint
683 858 852 921 digitis
876 857 1028 904 livida
1052 856 1184 904 facta
1207 856 1304 903 tuis
1327 873 1336 903 :

270 936 456 983 Omnia
479 936 756 1001 perpetiar:
796 943 989 983 tantum
1010 934 1220 982 fortasse
1239 933 1443 988 timebo,

339 1013 560 1077 Corpore
584 1014 792 1060 laedatur
817 1028 879 1059 ne
904 1028 1079 1060 manus
1104 1012 1200 1058 ista
1223 1027 1351 1059 meo.

273 1091 374 1138 Sed
396 1107 560 1154 neque
585 1090 931 1154 compedibus,
950 1105 1041 1136 nec
1062 1105 1141 1136 me
1161 1102 1425 1152 compesce
1444 1086 1658 1134 catenis:

339 1168 586 1215 Servabor
610 1167 750 1214 firmo
775 1168 969 1214 vinctus
996 1183 1163 1214 amore
1188 1166 1277 1213 tui.
1599 1165 1659 1210 86

270 1245 400 1292 Cum
420 1247 548 1293 bene
573 1261 645 1301 se,
673 1251 1019 1307 quantumque
1044 1244 1192 1299 volet,
1214 1241 1466 1290 satiaverit
1492 1241 1590 1297 ira3

337 1321 456 1386 Ipsa
479 1322 568 1370 tibi
595 1322 748 1378 dices,
778 1321 940 1375 Quam
965 1321 1212 1385 patienter
1237 1320 1395 1367 amat!

273 1399 390 1463 Ipsa
412 1400 502 1447 tibi
528 1399 682 1455 dices,
710 1398 794 1446 ubi
819 1398 1000 1446 videris
1026 1398 1191 1445 omnia
1215 1397 1369 1453 ferre3

335 1476 458 1524 Tam
485 1478 611 1524 bene
638 1477 723 1540 qui
750 1478 914 1532 servit,
942 1476 1122 1524 serviat
1147 1476 1240 1522 iste
1265 1475 1401 1521 mihi.
1598 1474 1661 1519 90

276 1553 420 1601 Nunc
447 1570 559 1601 reus
586 1553 756 1601 infelix
782 1555 962 1602 absens
989 1571 1108 1617 agor
1130 1571 1139 1602 :
1180 1561 1230 1601 et
1254 1568 1382 1609 mea,
1410 1567 1524 1598 cum
1550 1549 1614 1596 sit

337 1631 558 1696 Optima,
586 1648 683 1679 non
709 1632 808 1679 ullo
834 1647 1013 1679 caussa
1035 1638 1206 1678 tuente
1232 1630 1376 1694 perit.

272 1708 381 1757 Hoc
402 1725 622 1773 quoque,
641 1709 777 1771 quod
790 1710 874 1772 jus
890 1716 984 1765 est,
1009 1708 1073 1755 sit
1091 1707 1333 1771 scriptum
1349 1705 1527 1769 injuria
1552 1720 1662 1751 nos-

338 1786 485 1841 Quod
511 1787 572 1833 de
599 1803 677 1833 me
704 1787 808 1833 solo
834 1802 1013 1850 nempe
1040 1785 1279 1848 queraris,
1298 1784 1659 1844 habes.[trum:

274 1863 387 1910 Non
413 1864 593 1910 meruit
612 1863 713 1910 falli
738 1879 935 1910 mecum
963 1878 1165 1926 quoque
1193 1861 1353 1908 Delia.
1382 1860 1421 1907 si
1449 1876 1542 1906 non
1600 1861 1662 1904 95

336 1940 424 1986 Vis
450 1940 571 1986 mihi
597 1940 896 2003 promissum
923 1940 1146 1994 reddere,
1174 1938 1326 1985 redde
1354 1937 1491 1983 Deae.

273 2017 459 2073 Adfuit,
488 2024 537 2064 et
555 2017 692 2073 vidit,
721 2034 835 2064 cum
861 2025 915 2064 tu
941 2018 1155 2080 decepta
1181 2016 1425 2062 rubebas:

336 2093 402 2141 Et
425 2110 597 2141 vocem
624 2095 827 2141 memori
854 2095 1075 2141 condidit
1100 2109 1217 2141 aure
1242 2100 1395 2140 tuam.

266 2172 452 2218 Omina
477 2187 527 2218 re
553 2179 770 2219 careant.
810 2171 929 2218 nihil
957 2179 1034 2218 est
1058 2170 1320 2217 violentius
1346 2168 1449 2222 ill-21,

334 2248 464 2295 Cum
491 2264 596 2304 sua,
625 2249 759 2310 quod
786 2248 951 2303 nolim,
981 2247 1183 2294 numina
1207 2247 1326 2292 laesa
1350 2244 1498 2291 videt.
1568 2247 1659 2290 100

265 2325 454 2387 [Testis
480 2325 571 2372 erit
597 2325 873 2389 Calydonis
900 2341 1033 2389 aper.
1072 2340 1186 2371 nam
1213 2323 1416 2378 scimus,
1444 2328 1499 2368 ut
1525 2322 1608 2367 illo

336 2402 415 2448 Sit
438 2402 597 2464 magis
623 2403 672 2448 in
698 2410 869 2450 natum
895 2419 1026 2450 saeva
1051 2409 1246 2466 reperta
1269 2399 1491 2464 parens]

267 2510 429 2540 Puteaneo
453 2510 608 2548 placandi.
646 2516 741 2541 recte.
788 2510 929 2540 Alterum
1043 2511 1096 2540 78.
1125 2509 1256 2539 Tendere
1279 2510 1432 2538 submissas
1451 2510 1553 2538 intua
1568 2519 1658 2537 crura

268 2559 380 2590 Latine
398 2559 447 2589 vix
464 2558 588 2590 dicitur.
619 2559 792 2591 Ilmxsms.
836 2561 931 2589 Sanc—
1000 2557 1133 2598 manum]
1176 2559 1222 2588 Ad
1253 2564 1306 2587 tua
1340 2556 1493 2587 meliores.
1532 2557 1659 2598 quidam

267 2608 332 2638 tius
352 2607 410 2638 lib.
427 2607 470 2638 iii.
487 2608 603 2638 Miner.
620 2619 689 2649 cap.
703 2610 733 2639 8.
782 2609 931 2638 I'lacamli
999 2607 1106 2643 etiam,
1121 2609 1174 2637 sub
1190 2610 1340 2647 tuajura.
1388 2607 1504 2636 mes.

271 2659 316 2687 tui
342 2656 493 2687 defendit.
522 2657 576 2687 sed
607 2657 657 2688 Cl.
683 2657 782 2687 Periz.
814 2667 846 2687 n.
880 2658 930 2686 18.
1047 2657 1117 2687 101.
1136 2656 1227 2686 Testis
1241 2657 1298 2685 erit
1317 2656 1479 2695 Calydonis
1494 2666 1575 2694 aper.
1590 2666 1657 2684 nam

269 2712 436 2746 utrumque
452 2705 512 2735 dici
529 2717 617 2748 posse
633 2706 725 2736 docet
741 2712 771 2736 et
787 2706 826 2736 ad
842 2706 893 2736 lib.
911 2706 930 2735 i.
999 2707 1105 2735 scimus
1121 2712 1152 2735 nt
1171 2705 1253 2744 illm]
1280 2704 1362 2734 Mihi
1379 2710 1409 2734 et
1432 2704 1488 2733 lioc
1505 2703 1659 2733 distichon

270 2766 340 2795 cap.
357 2756 389 2783 2.
407 2765 439 2783 n.
457 2755 486 2784 7.
511 2756 630 2796 prznfcrt
647 2756 812 2794 plna-anda.
1001 2754 1207 2785 adulterinum
1225 2753 1356 2784 videtur.
1401 2753 1589 2783 Scholiastes
1606 2752 1661 2783 ali-

360 2808 456 2838 VOL.
484 2808 511 2838 Ι.
1118 2809 1143 2837 Τ
