1849 3198
231 182 314 224 >138

623 184 667 224 P.
702 184 915 225 OVIDII
950 184 1230 228 NASONIS

680 377 980 424 ELEGIA
1021 378 1172 425 XIII.

240 479 368 526 Cum
396 481 512 527 mihi
538 481 789 544 pomiferis
815 485 998 546 conjux
1023 483 1148 530 foret
1172 490 1278 530 orta
1303 483 1537 541 Faliscis;

305 555 494 604 Moenia
516 559 813 622 contigimus
838 561 983 616 victa,
1013 560 1241 616 Camille,
1264 561 1370 608 tibi.

241 632 395 680 Casta
418 635 702 683 sacerdotes
727 635 757 682 J
763 637 912 683 unoni
937 636 1065 684 festa
1089 638 1331 700 parabant

305 709 403 757 Per
427 711 649 759 celebres
674 713 835 770 ludos,
862 714 1250 777 indigenamque
1275 716 1473 762 bovem:

241 787 442 834 Grande
462 804 611 835 morae
637 790 867 853 pretium,
889 792 1010 838 ritus
1036 807 1361 855 cognoscere:
1402 792 1626 854 quamvis

306 863 533 912 Difficilis
559 866 696 913 clivis
721 867 818 914 huc
841 869 921 915 via
945 870 1137 931 praebet
1161 869 1269 915 iter.
1352 862 1354 865 ⁸
1582 870 1626 913 ,6

243 940 354 988 Stat
377 948 534 997 vetUS,
563 949 612 989 et
636 943 794 990 denset
820 945 1124 1007 praenubilus
1152 945 1326 991 arbore
1350 945 1508 990 lucus.

306 1017 553 1080 Adspice;
594 1021 839 1066 concedas
866 1037 1049 1067 numen
1075 1021 1237 1067 inesse
1261 1021 1386 1066 loco.

242 1094 441 1156 Accipit
465 1111 549 1141 ara
572 1111 763 1158 preces,
792 1097 1053 1159 votivaque
1079 1104 1189 1144 tura
1212 1097 1436 1160 piorum3

307 1171 410 1217 Ara
433 1188 521 1234 per
546 1172 776 1234 antiquas
801 1173 934 1220 facta
958 1173 1062 1220 sine
1090 1180 1193 1220 arte
1219 1188 1410 1219 manus.
1573 1175 1630 1217 lO

244 1245 374 1293 Hinc
401 1247 484 1293 ubi
510 1249 780 1310 praesonuit
805 1249 1029 1296 sollemni
1054 1250 1178 1296 tibia
1202 1255 1379 1303 cantu3

310 1321 357 1368 It
382 1339 470 1386 per
494 1323 679 1370 velatas
707 1341 869 1372 annua
894 1341 1079 1389 pompa
1098 1326 1217 1372 vias.

246 1399 509 1446 Ducuntur
533 1400 704 1455 niveae,
732 1402 917 1464 populo
946 1402 1231 1464 plaudente,
1252 1403 1496 1463 juvencae,

312 1474 448 1529 Quas
475 1476 595 1522 aluit
618 1477 808 1541 campis
831 1478 986 1524 herba
1012 1477 1206 1526 Falisca
1230 1477 1330 1523 suis
1351 1494 1359 1524 :

247 1551 312 1598 Et
335 1552 489 1607 vituli,
517 1553 737 1599 nondum
763 1555 1032 1601 metuenda
1058 1554 1217 1601 fronte
1242 1554 1485 1609 minaces3
1576 1554 1632 1598 15

312 1627 378 1674 Et
402 1629 561 1675 minor
584 1645 647 1676 ex
674 1630 844 1676 humili
871 1631 1071 1677 victima
1095 1646 1275 1694 porcus
1301 1631 1421 1676 harri
1441 1647 1450 1676 :

293 1742 318 1771 l.
362 1742 479 1782 Cmgjui¹
515 1750 581 1773 arta
620 1743 778 1784 Faliscis]
826 1745 903 1775 Eam

248 1790 375 1820 litruriae
389 1795 508 1831 partem
525 1791 703 1822 incolebant
715 1792 839 1829 Falisci,
852 1793 905 1834 qui

245 1838 368 1868 omnino
393 1838 507 1869 diversi
529 1850 546 1870 a
568 1839 746 1881 Tyrrhenis,
770 1840 906 1871 moribus

247 1893 277 1917 et
293 1887 359 1928 ipso
380 1897 532 1923 sermone,
548 1899 642 1930 quam
665 1888 843 1920 interiorem
859 1889 905 1920 di-

247 1935 370 1971 cebant,
386 1936 435 1966 vel
451 1935 727 1968 Mediterraneam.
774 1938 906 1969 Celebre

247 1982 330 2024 apud
354 1983 423 2014 illos
444 1984 577 2015 Junonis
591 1984 716 2026 Argivae
733 1986 882 2027 templum
898 1999 907 2024 ¹,

247 2038 278 2062 et
293 2032 366 2062 urbs
385 2032 529 2074 princeps
545 2033 721 2064 Falerinum
737 2041 790 2064 aut
809 2035 906 2065 Falis-

249 2091 331 2117 cum,
347 2091 418 2110 nam
434 2088 563 2122 utroque
586 2082 709 2113 nomine
725 2093 743 2113 a
757 2084 905 2114 Strabone

250 2140 278 2159 v.
297 2131 326 2160 8.
343 2129 542 2170 designatum
566 2131 649 2172 quod
666 2132 747 2162 male
759 2131 906 2173 interpre-

251 2184 332 2209 tatus
357 2178 456 2209 Solin.
484 2190 521 2210 ex
547 2191 609 2210 una
631 2180 804 2222 eademque
830 2181 909 2212 duas

251 2227 367 2257 effecit.
391 2228 504 2258 Narrat
517 2234 620 2259 autem
633 2229 712 2259 Cato
725 2229 806 2270 apud
828 2230 908 2260 Plin.

249 2276 294 2305 iii.
312 2278 343 2306 5.
370 2275 525 2306 conditam
549 2278 657 2308 urbem
679 2278 833 2309 Falerium
856 2286 910 2309 aut

253 2324 418 2360 Faliscum,
457 2326 494 2355 ab
525 2326 652 2362 Haleso,
683 2327 732 2357 vel
772 2327 909 2362 Hahsco,

253 2373 498 2414 Agamemnonis
512 2374 635 2410 comite,
646 2375 710 2416 qui,
723 2375 910 2407 adventante

252 2423 283 2452 in
313 2421 436 2452 Italiam
463 2423 574 2459 AEnea,
596 2434 650 2464 pro
674 2424 777 2454 Turno
802 2430 909 2455 contra

247 2471 398 2512 Trojanos
422 2471 518 2506 stetit.
547 2473 622 2502 [En.
648 2472 701 2503 vii.
730 2474 805 2503 723.
830 2479 862 2503 et
890 2484 907 2503 a

253 2519 398 2550 Pallante
422 2519 541 2550 occisus
568 2527 623 2556 est,
640 2520 754 2551 ibidem
784 2533 814 2551 x.
830 2523 905 2552 352.

254 2569 394 2609 Pelasgis
410 2568 545 2598 Faliscos
563 2569 709 2599 adscribit
729 2570 824 2600 Dion.
842 2571 906 2600 Hu-

250 2618 300 2648 lic.
317 2618 339 2647 i.
355 2619 408 2648 21.
453 2617 571 2647 Anmi.

294 2667 324 2696 2.
352 2666 462 2696 Moenia
477 2668 653 2706 contigimus
670 2669 756 2702 victu,
771 2668 906 2704 Camillr,

252 2715 331 2754 ribi]
359 2714 551 2756 Apostrophe
575 2715 613 2745 ad
638 2716 685 2746 M.
706 2715 830 2746 Furium
847 2716 906 2747 Ca-

974 1745 1108 1780 millum,
1125 1744 1178 1786 qui
1195 1745 1346 1786 Vejentes
1360 1742 1448 1774 vicit.
1495 1743 1587 1773 Cxor.

1020 1795 1071 1824 14.
1098 1793 1180 1827 Quas
1194 1794 1273 1823 aluit
1289 1794 1399 1831 campis
1413 1792 1501 1822 herba
1519 1790 1634 1821 Falisca

973 1843 1060 1883 sui-§.J
1091 1842 1211 1873 Plinius
1237 1841 1294 1872 lib.
1323 1841 1357 1872 ii.
1381 1851 1451 1882 cap.
1480 1841 1550 1870 103.
1596 1839 1633 1870 In

976 1892 1105 1927 Falisco,
1120 1890 1235 1932 inquit,
1254 1890 1403 1921 Clitumni
1424 1891 1519 1920 amnis
1531 1895 1634 1928 potata

974 1952 1062 1980 aqua,
1078 1941 1219 1970 candidos
1234 1941 1313 1970 boves
1326 1940 1422 1980 facit.
1469 1938 1550 1968 Cum
1573 1937 1631 1979 igi-

976 1994 1025 2018 tur
1040 1987 1170 2018 dixisset
1185 1988 1297 2018 Po'e'ta:

1019 2037 1185 2067 Ducuntur
1208 2037 1310 2071 niveae,
1335 2036 1443 2074 populo
1463 2035 1637 2073 plaudente,

1049 2088 1201 2124 juvencae.

974 2134 1085 2164 Statim
1101 2132 1280 2174 subjungit:

1022 2182 1104 2216 Quas
1118 2183 1197 2211 aluit
1209 2182 1318 2220 campis
1331 2180 1417 2210 herba
1430 2179 1548 2209 Falisca
1565 2181 1636 2209 suis.

978 2230 1110 2261 Perinde
1127 2241 1163 2260 ac
1177 2229 1201 2260 si
1216 2229 1314 2260 dicat:
1340 2228 1458 2264 Quales
1473 2225 1637 2269 peculiari-

978 2284 1023 2309 ter
1042 2279 1072 2309 in
1096 2289 1168 2320 agro
1190 2277 1310 2308 Falisco
1333 2277 1496 2312 habentur,
1515 2282 1639 2317 propter

980 2338 1101 2358 amnem
1118 2327 1324 2361 Clitumnum,
1348 2325 1436 2367 cujus
1459 2335 1541 2365 aqua
1563 2335 1637 2355 can-

979 2375 1068 2405 didas
1083 2374 1168 2406 facit.
1213 2375 1340 2404 M1cr1..

1022 2425 1074 2454 16.
1115 2424 1154 2453 Et
1184 2425 1281 2452 minor
1309 2434 1342 2453 er
1369 2423 1477 2452 humili
1504 2422 1638 2454 victima.

973 2472 1051 2513 ἂψ]
1071 2473 1150 2508 Quae
1164 2474 1287 2511 anjores
1301 2471 1446 2506 victimae,
1458 2481 1528 2511 quae
1542 2472 1636 2500 mino-

975 2532 1029 2557 res,
1044 2532 1060 2551 e
1077 2521 1163 2553 Livio
1188 2527 1218 2551 et
1240 2521 1308 2551 aliis
1333 2520 1363 2550 in
1388 2525 1532 2561 promptu
1548 2519 1637 2549 colli-

974 2580 1045 2609 gere
1061 2576 1118 2600 cst.
1172 2570 1310 2599 Γίιτεὶιιιιιε
1326 2574 1429 2599 autem
1454 2574 1522 2609 post
1538 2568 1635 2598 victo-

973 2617 1067 2655 riam;
1092 2618 1145 2648 sed
1161 2628 1256 2658 quum
1274 2617 1305 2647 in
1328 2617 1448 2647 hostem
1465 2616 1555 2651 irent,
1573 2618 1637 2646 hos-

976 2669 1030 2696 tias
1046 2667 1258 2702 immolabant,
1275 2665 1376 2707 inquit
1399 2666 1486 2695 Serv.
1504 2665 1542 2695 ad
1563 2665 1638 2695 AEn.

977 2716 996 2745 i.
1016 2717 1090 2746 ³338.
1136 2715 1279 2751 Rectius,
1302 2715 1326 2744 si
1354 2716 1484 2744 viccinms
1509 2714 1547 2745 de
1572 2724 1637 2744 ma-
