1849 3198
227 254 314 296 176

618 253 668 293 Ρ.
701 250 916 293 OVIDII
949 250 1228 293 NASONIS

234 370 440 418 Femina
463 384 589 425 sum,
617 375 668 416 et
689 368 854 430 virg03
896 374 1070 416 natura
1093 368 1243 424 mitis,
1271 375 1322 416 et
1346 369 1502 416 annis.
1555 372 1617 417 55

300 448 415 495 Non
439 447 626 494 faciunt
648 445 821 492 molles
848 445 909 492 ad
935 445 1038 492 fera
1060 446 1161 493 tela
1186 462 1377 493 manus.

234 525 367 580 Quin
391 542 499 588 age,
527 525 746 587 dumque
767 525 919 586 jacet,
946 522 1095 569 sortes
1124 523 1316 571 imitare
1343 539 1549 570 sorores.

302 603 553 650 Credibile
579 608 655 649 est
679 616 834 647 caesos
861 599 1088 646 omnibus
1115 615 1225 647 esse
1250 601 1395 647 viros.

236 680 289 726 Si
313 697 488 728 manus
514 680 619 726 haec
645 678 863 741 aliquam
889 684 1060 740 posset
1080 678 1387 725 committere
1413 678 1617 733 caedem,

300 757 463 805 Morte
488 757 612 803 foret
635 755 846 802 dominae
873 754 1253 817 sanguinolenta
1277 772 1394 802 suae.

1556 758 1619 802 60

233 835 344 890 Quo
369 850 592 881 meruere
616 849 808 888 necem,
834 832 1078 896 patruelia
1101 849 1253 895 regna
1276 834 1507 889 tenendo,

300 913 422 967 Quae
447 919 613 958 tamen
639 909 855 957 externis
880 909 1046 957 danda
1069 909 1229 957 forent
1253 911 1481 973 generis?

234 991 389 1053 Finge
412 990 540 1036 viros
566 987 806 1034 meruisse
830 986 980 1034 mori:
1021 986 1142 1049 quid
1168 986 1375 1034 fecimus
1399 985 1555 1051 ipsae?

299 1068 410 1123 Quo
435 1066 555 1113 mihi
579 1065 843 1112 commisso
868 1081 966 1111 non
991 1065 1109 1112 licet
1133 1081 1243 1112 esse
1268 1065 1398 1129 piae?

233 1146 366 1201 Quid
389 1144 509 1191 mihi
533 1160 647 1190 cum
671 1143 830 1190 ferro?
869 1159 968 1206 quo
993 1142 1174 1189 bellica
1197 1143 1298 1190 tela
1322 1143 1533 1206 puellae?
1554 1145 1616 1190 65

296 1223 473 1286 Aptior
497 1229 573 1268 est
596 1220 763 1283 digitis
787 1221 902 1268 lana
925 1220 1165 1283 colusque
1191 1220 1330 1267 meis.
1361 1221 1617 1283 [quuntur,

231 1299 356 1347 Haec
382 1315 502 1362 ego:
542 1298 762 1360 dumque
788 1314 982 1361 queror,
1010 1297 1224 1344 lacrimae
1251 1313 1342 1344 sua
1365 1298 1516 1344 verba
1543 1313 1617 1344 se-

298 1377 478 1440 Deque
502 1376 625 1423 meis
651 1375 807 1422 oculis
833 1375 882 1421 in
906 1382 994 1422 tua
1017 1375 1242 1422 membra
1266 1375 1467 1421 cadunt.

272 1529 326 1558 55.
352 1527 434 1563 Sum,
460 1533 488 1557 et
511 1525 622 1567 virga]
651 1524 799 1566 Quinque
822 1524 892 1554 libri

229 1578 266 1608 τὸ
280 1584 307 1607 et
323 1587 384 1606 non
400 1581 581 1616 agnoscunt.
613 1580 754 1605 venuste.
786 1574 891 1604 Hem-

229 1638 308 1657 ειυς.
353 1625 415 1656 Sed
444 1636 501 1666 ego
525 1623 721 1655 retinendam
747 1623 892 1665 copulam

228 1682 313 1718 puto,
331 1680 364 1705 ut
387 1673 485 1715 Epist.
501 1673 554 1704 vii.
574 1674 644 1702 121.
691 1673 784 1703 Bellis
805 1684 889 1712 pere-

227 1727 319 1767 grina
335 1724 487 1765 effeminat
504 1729 611 1753 tentor.
650 1722 780 1759 Quinct.
795 1722 890 1753 Decl.

227 1773 416 1805 cccxxxviii.
444 1772 568 1802 Femina
579 1783 616 1807 es,
627 1778 654 1802 et
667 1783 754 1801 unus.
775 1772 891 1802 BL‘RM.

272 1824 325 1853 60.
353 1822 516 1862 Dormitum]
542 1820 668 1857 llloreti,
698 1822 810 1851 domini
832 1822 891 1851 sui.

229 1880 259 1904 et
276 1879 379 1914 posset
401 1872 439 1902 de
456 1872 568 1901 Danao
584 1870 665 1912 capi,
682 1870 735 1912 qui
751 1870 891 1901 tradide-

227 1928 274 1953 rat
291 1932 406 1952 ensem.
423 1931 508 1961 supr.
526 1930 605 1950 vers.
623 1921 674 1949 11,

272 1972 344 2012 62]
375 1971 447 2005 Qua·
464 1977 559 2000 mitten
585 1971 713 1999 eiternis
728 1969 891 2010 ‹Iandafo-

228 2028 296 2051 rent
320 2020 466 2062 generis]
496 2020 613 2050 Praeter
630 2029 746 2049 morem
762 2018 892 2049 Ovidia-

228 2082 303 2100 num
319 2076 376 2105 est,
392 2075 425 2099 ut
441 2069 473 2098 in
496 2068 692 2109 trisyllabum
711 2073 802 2098 exeat
816 2079 892 2109 pen-

228 2126 368 2150 tameter.
393 2119 481 2160 cujus
506 2118 652 2158 exempla
678 2117 798 2158 aliquot
822 2124 893 2148 sunt

228 2169 259 2199 in
286 2168 393 2199 ultimo
419 2168 485 2209 ejus
513 2168 692 2208 poematum
718 2172 810 2196 tomo.
837 2167 892 2197 sed

229 2218 327 2253 nulla,
344 2217 427 2258 quod
451 2216 557 2251 sciam,
574 2216 606 2246 in
630 2216 687 2246 hoc
706 2215 816 2257 primo,
833 2216 892 2247 nisi

229 2268 297 2304 hoc,
315 2273 345 2297 et
360 2267 461 2307 Epist.
479 2265 541 2295 xix.
559 2266 633 2296 204.
660 2276 728 2306 quae
743 2264 858 2295 Ovidio
874 2276 893 2296 a

229 2317 335 2347 multis
372 2314 580 2356 abjudicatur.
623 2314 678 2344 sed
715 2319 892 2356 corruptum

228 2377 294 2397 esse
311 2365 478 2396 ostendunt
487 2364 578 2394 variae
595 2363 758 2394 lectiones.
783 2363 815 2394 in
830 2364 892 2394 Pu-

228 2422 339 2446 teaneo
354 2425 458 2445 erasus
473 2420 565 2449 totus,
583 2413 635 2454 qui
659 2413 743 2454 prius
765 2414 891 2454 legeba-

228 2469 289 2499 tur,
319 2474 435 2499 versus,
466 2468 496 2492 et
532 2462 584 2492 ille
622 2461 808 2504 suppositus,
839 2463 892 2504 qui

229 2525 311 2544 nunc
327 2513 452 2553 legitur.
471 2512 501 2542 in
518 2511 716 2542 Gronoviano
731 2517 795 2541 est:
820 2512 892 2546 Quae

229 2569 326 2592 tamen
341 2574 369 2592 ei
377 2563 469 2591 ternis
484 2572 576 2601 regnu
592 2561 841 2601 remmia-finem.
859 2562 891 2592 in

228 2611 342 2642 Moreti
372 2616 403 2641 et
432 2611 552 2641 duobus
577 2610 665 2640 aliis:
694 2610 766 2644 Qum
794 2617 890 2642 lamen

226 2662 354 2692 externis
377 2661 549 2699 accipienda
570 2659 691 2700 forent.
724 2660 806 2700 quod
830 2672 891 2692 non

227 2709 383 2751 displicet,
397 2714 428 2739 et
439 2718 546 2739 vocem
561 2710 676 2749 generis
692 2719 710 2738 a
722 2708 889 2749 glossatore

227 2758 417 2800 adscriptum
440 2768 506 2787 esse
528 2764 614 2799 puto.
640 2757 692 2798 qui
717 2757 794 2788 illud
817 2758 888 2789 Vir-

228 2807 294 2849 gilii
309 2808 341 2839 in
357 2807 459 2839 animo
473 2806 608 2838 habebat
623 2806 680 2838 lib.
697 2807 750 2838 vii.
765 2808 819 2838 98.

1006 1525 1133 1555 Esterni
1149 1526 1274 1555 veniunt
1288 1526 1402 1566 generi.

961 1574 1110 1605 Francius
1125 1575 1259 1610 volebat,
1277 1575 1406 1604 eiternis
1424 1573 1626 1614 dmzdafuere

959 1625 1042 1654 viris.
1066 1623 1126 1659 vel,
1153 1623 1293 1653 Externis
1314 1624 1432 1664 generis
1457 1634 1519 1662 quat
1541 1624 1624 1653 modo

959 1673 1187 1714 dandaforent.
1214 1673 1330 1703 BURM.

1003 1722 1055 1752 64.
1081 1722 1145 1756 Quo
1158 1723 1229 1752 mihi
1245 1723 1390 1752 commisso
1403 1733 1459 1751 ηοη
1481 1722 1549 1751 licet
1566 1732 1625 1751 esse

957 1772 1037 1810 piam
1056 1771 1069 1811 ]
1103 1771 1173 1802 Esse
1197 1773 1253 1811 piae
1279 1771 1470 1802 Puteaneus.
1495 1770 1623 1812 optime.

961 1821 1091 1851 alterum
1118 1821 1221 1852 minus
1250 1821 1389 1862 elegans,
1417 1826 1449 1851 et
1471 1831 1531 1861 quo
1554 1831 1626 1862 per-

961 1880 1055 1910 quam
1070 1870 1130 1900 rari
1142 1870 1266 1913 optimae
1282 1869 1447 1900 latinitatis
1461 1869 1626 1912 scriptores

960 1919 1007 1949 usi
1021 1919 1092 1950 sint.
1118 1919 1223 1950 Caesar
1238 1919 1294 1950 lib.
1310 1919 1352 1949 vi.
1367 1919 1449 1949 Bell.
1463 1919 1550 1950 Gall.
1568 1920 1622 1950 35.

963 1968 1045 2002 Quid
1061 1980 1107 1999 vos
1122 1970 1198 1999 hanc
1213 1971 1359 2004 miseram,
1375 1980 1410 1999 ac
1434 1975 1548 1999 tenuem
1564 1980 1625 2000 sec-

961 2019 1067 2048 tamini
1086 2020 1229 2057 praedam,
1250 2019 1353 2058 quibus
1372 2019 1439 2048 licet
1456 2017 1624 2059 essefortu-

960 2070 1128 2098 notissimis.
1153 2067 1236 2109 apud
1252 2068 1415 2098 Maronem
1440 2073 1546 2098 tamen
1569 2067 1625 2098 lib.

960 2127 991 2146 x.
1014 2122 1193 2147 constanter
1215 2116 1284 2146 libri
1302 2122 1433 2152 veteres,
1462 2117 1551 2147 liceat
1574 2128 1624 2147 su-

957 2177 1068 2205 peresse
1084 2172 1208 2205 nepotes,
1227 2165 1280 2207 qui
1296 2171 1327 2196 et
1343 2166 1421 2196 libro
1434 2177 1467 2195 x.

1102 2215 1191 2244 Hanc
1206 2214 1467 2255 genetrirfltciem
1481 2215 1624 2246 miserata

1045 2264 1162 2306 rejecit,

1005 2315 1045 2344 Et
1061 2317 1144 2345 dedit
1160 2325 1215 2344 esse
1233 2314 1321 2344 Deus.

960 2363 1021 2394 Sed
1038 2364 1152 2394 Claud.
1178 2363 1232 2393 lib.
1248 2363 1270 2393 i.
1296 2363 1327 2393 in
1342 2362 1451 2392 Rufin.
1500 2362 1624 2394 Natura

960 2415 1050 2444 beatis
1070 2414 1210 2444 Omnibus
1233 2424 1289 2443 esse
1313 2414 1406 2443 dedit.
1451 2411 1545 2444 Silius
1568 2412 1623 2444 lib.

960 2463 1014 2494 vii.

1003 2512 1035 2542 Si
1051 2513 1125 2542 lucis
1136 2513 1230 2553 piget,
1247 2517 1273 2541 et
1289 2512 1432 2550 supremis
1444 2521 1499 2541 esse
1515 2511 1622 2550 cupido

1045 2567 1098 2590 est.

958 2609 1107 2640 Horatius
1122 2607 1178 2638 lib.
1196 2607 1218 2638 i.
1235 2608 1299 2639 Sat.
1315 2608 1358 2639 iv.
1375 2608 1427 2638 38.

1003 2659 1140 2688 Primum
1152 2668 1203 2699 ego
1215 2669 1259 2687 me
1272 2658 1402 2691 iilorzim,
1412 2658 1540 2687 dederim
1551 2657 1617 2697 qui-

1044 2710 1094 2738 bus
1109 2719 1165 2737 esse
1176 2709 1279 2747 po'e'tiS,

1002 2758 1155 2797 Excipiam.
1170 2767 1301 2787 nurnero.
1329 2756 1446 2787 Hzms.
