1849 3198
656 248 998 291 HEROIDES.
1032 249 1124 290 ΕΡ.
1158 249 1222 290 X.
1548 251 1628 292 131

253 362 533 413 Occurrunt
556 364 718 412 animo
743 363 981 428 pereundi
1007 363 1140 411 mille
1164 363 1362 426 figurae:

316 440 556 505 Morsque
571 441 732 488 minus
747 457 922 504 poenae,
941 455 1091 503 quam
1106 456 1244 488 mora
1256 441 1442 497 mortis,
1460 441 1625 490 habet.

248 517 279 564 J
284 534 362 565 am
381 521 485 582 jam
507 525 738 566 venturos
764 526 848 565 aut
872 518 981 573 hac,
1010 525 1094 565 aut
1119 518 1343 581 suspicor
1367 519 1494 576 illae,

318 595 415 651 Qui
440 597 626 644 lanient
649 596 789 643 avido
813 596 1005 643 viscera
1027 596 1193 652 dente,
1219 595 1379 659 lupos.

251 673 474 721 Forsitan
499 682 549 722 et
571 674 730 721 fulvos
755 674 902 722 tellus
929 674 1029 721 alat
1053 674 1149 720 ista
1171 674 1356 721 leones.
1566 676 1627 721 85

316 749 439 804 Quis
465 752 573 807 scit,
602 767 662 798 an
688 752 793 798 haec
820 767 974 798 saevas
999 750 1203 813 tigridas
1229 750 1389 796 insula
1412 750 1594 797 habet?

249 825 315 875 Et
338 827 462 876 freta
485 829 716 876 dicuntur
740 844 945 891 magnas
971 828 1223 891 expellere
1247 828 1452 891 phocas.

316 904 448 959 Quid
471 913 606 953 vetat
630 913 679 953 et
704 906 894 968 gladios
919 921 1008 968 per
1031 905 1160 952 latus
1186 905 1255 951 ire
1281 904 1480 952 meum?

247 981 460 1030 Tantum
485 999 546 1030 ne
570 983 747 1046 religer
771 981 893 1030 dura
917 981 1114 1045 captiva
1137 981 1339 1038 catena3

315 1059 453 1107 Neve
476 1061 668 1108 traham
694 1060 833 1108 serva
857 1060 1063 1123 grandia
1086 1075 1242 1123 pensa
1265 1074 1414 1106 manu
1433 1075 1442 1105 :
1566 1060 1628 1103 90

248 1135 343 1183 Cui
368 1145 509 1200 pater
533 1145 609 1185 est
634 1137 816 1193 Minos,
844 1138 923 1184 cui
948 1145 1106 1185 mater
1129 1137 1231 1184 filia
1255 1136 1430 1183 Phoebi
1453 1153 1462 1183 :

314 1213 561 1277 Quodque
585 1216 742 1278 magis
768 1216 986 1271 memini,
1015 1231 1126 1279 quae
1151 1215 1241 1262 tibi
1265 1221 1413 1278 pacta
1434 1212 1520 1260 fui.

250 1290 303 1337 Si
328 1308 477 1347 mare,
506 1292 546 1338 si
571 1299 742 1348 terraS,
770 1299 1097 1356 porrectaque
1121 1292 1265 1339 litora
1288 1290 1414 1347 vidi3

313 1367 476 1415 Multa
499 1369 617 1415 mihi
642 1376 802 1426 terrae,
830 1370 986 1416 multa
1009 1369 1257 1416 minantur
1281 1383 1439 1431 aquae.

247 1443 444 1491 Coelum
468 1447 702 1494 restabat.
740 1448 891 1494 timeo
917 1447 1180 1495 simulacra
1204 1446 1440 1494 Deorum.
1565 1445 1628 1490 90

1603 1445 1625 1467 s.

314 1522 569 1570 Destituor
593 1525 775 1588 rapidis
802 1525 970 1588 praeda
994 1525 1237 1588 cibusque
1262 1522 1394 1571 feris.

242 1721 313 1745 ante
327 1716 425 1746 oculos
438 1716 622 1752 obsidionem,
628 1715 745 1758 famem
757 1724 785 1747 et
799 1727 900 1757 super-

243 1764 320 1795 biam
342 1767 537 1806 victoremque
562 1767 669 1797 hostem
690 1773 882 1807 proponentes
890 1779 900 1803 ‚-

233 1814 303 1852 jam
318 1815 439 1845 ruinam
454 1816 537 1845 urbis
558 1821 586 1845 et
600 1817 823 1856 incendia‚jam
840 1827 900 1846 om-

243 1864 328 1893 nium
342 1865 541 1903 captivitatem
558 1871 586 1894 et
603 1866 798 1895 miserrimam
812 1867 902 1896 servi-

245 1918 339 1942 tutem
358 1914 556 1943 recordantes.
589 1919 620 1943 et
643 1912 727 1943 idem
749 1924 786 1944 eo
811 1924 902 1945 sensu

243 1960 340 1992 utitur
354 1962 446 1992 verbo
462 1964 634 1992 meminisse.
650 1961 707 1993 lib.
720 1962 763 1993 xi.
777 1965 809 1994 5.
840 1964 902 1994 Nec

242 2011 312 2040 belli
345 2012 613 2051 periculorumque,
642 2014 691 2042 sed
725 2014 902 2043 divitiarum

243 2062 450 2091 meminerant.
496 2061 614 2091 BURM.

286 2110 339 2140 82.
359 2110 601 2150 Morsquemz'uus
609 2121 711 2150 poenae,
721 2121 809 2150 quam
821 2121 902 2140 mora

242 2161 343 2189 mortis
358 2159 469 2199 habet]
499 2160 601 2190 Caesar
617 2159 700 2201 apud
722 2158 903 2190 Sallustium

241 2207 274 2239 in
302 2208 458 2250 conjurat:
493 2208 531 2239 In
561 2210 646 2239 luctu
668 2215 756 2249 atque
780 2210 904 2239 miseriis

242 2264 363 2288 mortem
378 2269 580 2289 (erumnarum
602 2260 741 2298 requiem,
757 2269 814 2288 ποη
831 2269 901 2288 cru-

241 2308 355 2337 ciatum
370 2318 438 2337 esse.
485 2307 579 2338 C1or.

285 2356 337 2386 87.
370 2356 523 2397 Magnos]
555 2356 606 2386 Ita
629 2355 754 2397 plurimi
780 2355 903 2386 codices

243 2409 274 2435 et
297 2403 459 2435 editiones.
484 2404 539 2435 sed
564 2404 679 2435 Manil.
696 2404 753 2435 lib.
770 2415 800 2435 v.
824 2405 900 2435 661.

243 2453 368 2484 Securus
389 2455 493 2492 phocas
507 2453 585 2484 dixit
601 2459 631 2484 et
647 2453 758 2495 Virgil.
781 2453 837 2484 lib.
855 2453 900 2485 iii.

243 2502 359 2544 Georg.
376 2504 452 2534 547.
485 2503 626 2534 Insolitas
637 2504 756 2543 phocas.
782 2503 901 2534 I-Imxs.

286 2553 340 2583 90.
376 2552 543 2593 Grandia]
580 2552 692 2588 Recte,
722 2563 790 2594 quae
818 2552 902 2582 duri-

242 2600 318 2632 tiam
341 2601 485 2637 dominae,
502 2601 551 2632 eui
575 2601 756 2632 servituram
781 2612 812 2632 se
838 2611 902 2631 me-

244 2650 314 2686 tuit,
346 2657 490 2692 arguunt.
524 2652 569 2681 ita
597 2653 701 2691 iniqua
730 2662 832 2691 pensa.
863 2650 902 2680 de

245 2699 357 2740 quibus
371 2700 436 2731 vid.
452 2700 509 2743 Ep.
525 2699 569 2731 ix.
587 2701 641 2731 78.
666 2700 781 2731 Bumu.

286 2749 340 2779 92.
367 2749 508 2789 Quodque
528 2751 620 2790 magis
642 2749 792 2790 memini.]
820 2748 902 2778 Rec-

246 2796 306 2828 tius
333 2797 498 2839 legeretur‚
525 2799 647 2839 Quoque
671 2800 766 2840 magis
793 2799 902 2829 merui.

968 1716 1070 1757 majus
1084 1714 1228 1746 meritum
1245 1712 1321 1744 dicit
1329 1712 1450 1743 Theseo
1460 1721 1492 1741 se
1506 1716 1630 1753 pactam

969 1764 1074 1801 fuisse,
1090 1774 1185 1806 quam
1202 1773 1268 1794 esse
1283 1761 1400 1792 Minois
1416 1766 1448 1791 et
1462 1759 1633 1801 Pasiphaes

969 1813 1077 1845 filiam.
1101 1814 1135 1844 in
1148 1813 1248 1855 prima
1263 1811 1397 1842 editione
1419 1815 1497 1840 erat.
1521 1820 1632 1850 quoque

969 1865 1064 1905 magis
1078 1864 1210 1894 memini.
1254 1860 1358 1900 Nupta
1364 1860 1433 1902 fui.
1449 1859 1527 1890 Cod.
1543 1859 1631 1889 Dou-

970 1923 1026 1944 zae.
1051 1913 1169 1943 Burni.

1013 1963 1068 1993 95.
1094 1960 1256 2000 Deorum]
1285 1959 1431 1989 Ferarum
1455 1958 1488 1989 in
1509 1957 1631 1989 Grono-›

970 2011 1074 2042 viano.
1111 2009 1195 2051 quod
1224 2008 1277 2050 qui
1306 2007 1478 2049 supposuit,
1506 2012 1632 2048 praeter-

970 2070 1064 2102 quam
1080 2058 1163 2100 quod
1178 2064 1259 2089 astra
1274 2057 1331 2088 sub
1346 2056 1453 2098 figuris
1466 2055 1629 2098 serpentis,

970 2108 1119 2140 Centauri
1139 2108 1198 2138 &m
1218 2107 1292 2147 fingi
1315 2111 1456 2141 noverat,
1474 2105 1506 2136 in
1529 2105 1631 2135 animo

970 2157 1080 2189 habuit
1101 2157 1233 2187 alterum
1249 2155 1355 2187 Ovidii
1378 2155 1492 2191 locum,
1508 2154 1561 2196 qui
1586 2153 1630 2185 le-

970 2207 1052 2249 gitur
1066 2206 1101 2237 ii.
1118 2207 1200 2237 Met.
1219 2207 1272 2237 78.

1111 2267 1164 2297 per
1179 2257 1301 2286 insidias
1317 2256 1374 2285 iter
1388 2260 1441 2291 est,
1456 2253 1630 2296 formasque

1044 2306 1202 2347 serarum.

970 2355 1032 2386 Ubi
1053 2355 1084 2386 in
1100 2353 1301 2396 sequentibus
1316 2353 1419 2384 omnia
1434 2352 1496 2383 fere
1519 2351 1574 2382 illa
1589 2351 1629 2382 si-

969 2405 1107 2435 mulacra
1121 2410 1253 2435 enarrat.
1275 2403 1329 2434 sed
1345 2401 1449 2433 nescio
1465 2401 1539 2442 quid
1556 2411 1629 2443 spu-

968 2453 1004 2484 rii
1021 2460 1053 2484 et
1076 2464 1137 2484 non
1156 2452 1304 2484 Ovidiani
1329 2457 1418 2483 sonat
1443 2450 1494 2482 hic
1510 2461 1628 2487 versus,

970 2502 1023 2543 qui
1039 2502 1114 2533 forte
1130 2512 1148 2532 a
1172 2501 1266 2532 sciolo
1283 2501 1417 2543 quodam
1432 2511 1469 2531 ex
1491 2500 1630 2530 centoni-

970 2552 1027 2582 bus
1050 2551 1175 2582 aliunde
1191 2558 1338 2582 consutus
1356 2557 1414 2586 est,
1432 2556 1475 2586 et,
1493 2555 1527 2580 ut
1549 2559 1630 2591 saepe

970 2601 1057 2636 alibi,
1088 2601 1257 2631 confictus:
1292 2611 1363 2631 cum
1392 2599 1475 2630 enim
1505 2597 1631 2629 vidisset

969 2656 1057 2680 terrae
1073 2655 1105 2680 et
1120 2659 1209 2691 aquae
1224 2648 1413 2680 mentionem
1427 2648 1553 2683 factam,
1571 2646 1630 2677 sibi

970 2699 1131 2740 persuasit,
1147 2698 1263 2729 coelum
1278 2703 1404 2733 restare,
1417 2695 1525 2727 eodem
1540 2695 1630 2726 modo

970 2758 1006 2778 ac
1036 2747 1203 2778 Daedalum
1232 2745 1352 2778 inducit
1374 2745 1487 2776 Noster
1515 2743 1571 2774 lib.
1597 2742 1630 2773 ii.

971 2797 1041 2827 Art.
1069 2796 1143 2827 Am.
1170 2797 1224 2827 37.
1249 2796 1333 2827 unde
1359 2800 1390 2826 et
1411 2793 1511 2836 prima
1535 2793 1630 2823 verba

1014 2850 1079 2880 ΚΣ).
