1849 3198
665 201 963 245 AMORUM.
1010 201 1129 243 LIB.
1164 201 1228 242 11.
1260 202 1302 243 6.

268 322 360 378 Ite,
387 322 482 385 piae
504 320 745 373 volucres,
774 325 824 364 et
848 318 1068 381 plangite
1093 324 1297 380 pectora
1321 316 1521 379 pennis;

334 398 401 445 Et
424 397 582 460 rigido
606 404 802 443 teneras
827 411 992 457 ungue
1018 401 1188 440 notate
1213 409 1382 455 genas.

267 474 482 523 Horrida
504 490 592 538 pro
617 473 806 520 moestis
831 473 1042 519 lanietur
1067 471 1238 534 pluma
1262 470 1478 533 capillis:
1631 473 1659 516 5

333 552 432 599 Pro
456 552 605 614 longa
629 557 861 598 resonent
885 549 1106 597 carmina
1128 556 1293 594 vestra
1316 547 1457 594 tuba.

269 629 402 684 Quid
427 631 590 677 scelus
617 629 812 676 Ismarii
833 626 1072 690 quereris,
1096 624 1391 679 Philomela,
1417 623 1644 687 tyranni?

335 706 553 771 Expleta
576 713 653 754 est
677 705 818 753 annis
843 704 940 750 ista
964 702 1168 765 querela
1192 701 1312 747 suis.

269 783 415 831 Alitis
441 784 490 831 in
515 800 636 830 rarae
664 784 897 829 miserum
923 780 1164 828 devertite
1188 778 1353 825 funus.

335 861 538 924 Magna,
567 862 655 908 sed
681 860 889 922 antiqui,
917 873 1097 905 caussa
1120 855 1304 903 doloris
1332 854 1456 917 Itys.
1606 857 1663 900 10

269 939 475 994 Omnes,
503 954 614 1002 quae
638 938 828 1001 liquido
852 936 1042 983 libratis
1069 935 1119 980 in
1144 933 1255 979 a'ere
1281 947 1479 987 cursus;

336 1016 412 1063 Tu
437 1024 604 1063 tamen
629 1022 743 1062 ante
769 1014 905 1069 aliaS,
933 1020 1094 1059 turtur
1119 1010 1294 1065 amice,
1320 1008 1450 1055 dole.

272 1093 431 1140 Plena
454 1093 546 1140 fuit
569 1093 710 1140 vobis
735 1091 868 1138 omni
894 1087 1160 1136 concordia
1183 1086 1302 1141 vita,

339 1169 405 1217 Et
429 1170 568 1217 stetit
592 1170 653 1216 ad
679 1169 828 1215 finem
854 1167 1003 1227 longa
1026 1172 1281 1226 tenaxque
1305 1162 1445 1208 fides.

272 1390 359 1414 neus,
385 1386 416 1409 et
440 1381 570 1421 Regius,
597 1387 627 1411 et
649 1392 729 1412 unus
752 1380 880 1416 Mureti,
906 1387 937 1411 et

272 1434 334 1459 tres
350 1436 521 1470 quatuorve
541 1429 606 1466 alii,
626 1441 696 1461 cum
716 1429 937 1461 Arondeliano.

272 1478 355 1518 quod
372 1478 547 1510 Brissonius
561 1479 593 1510 in
606 1479 707 1510 addit.
725 1479 765 1510 ad
780 1478 939 1510 Formulas

273 1533 304 1557 et
320 1526 449 1557 Carrion
469 1527 527 1558 lib.
551 1528 572 1559 i.
597 1528 731 1558 Emend.
749 1529 781 1558 6.
800 1535 831 1559 et
848 1528 939 1558 Voss.

273 1576 311 1606 de
341 1576 498 1618 Analogia
528 1577 595 1618 jam
634 1583 832 1608 monuerunt.
870 1578 938 1608 Sta-

273 1632 349 1656 tius:

317 1675 467 1706 Humana·
503 1676 605 1706 sollers
641 1677 774 1705 imitator

362 1725 488 1766 linguae.

274 1774 438 1811 Ψιττιικὸς
453 1773 470 1805 ὀ
484 1773 685 1817 βροτόγηρυς
703 1773 733 1803 in
748 1773 941 1815 Anthologia

276 1821 333 1852 lib.
350 1821 373 1852 i.

318 1871 351 1901 2.
372 1870 519 1910 Esequias
531 1871 646 1913 ferte]
679 1871 789 1902 Minus
804 1870 861 1901 hoc
882 1871 936 1901 La-

275 1920 388 1950 tinum.
401 1931 580 1962 quanquam
594 1920 783 1951 Prudentius
798 1920 940 1962 passione

277 1969 409 2000 Eutaliae
423 1981 428 1999 :

320 2017 389 2058 Ipsa
406 2020 547 2049 elementa
558 2020 688 2058 jubente
707 2018 770 2048 Deo

322 2067 468 2108 Erequz'as
483 2069 549 2103 tibi,
567 2068 798 2109 virgaserunt.

278 2117 318 2147 Et
332 2127 406 2147 sane
422 2116 517 2147 iidem
534 2116 617 2152 libri,
635 2118 769 2158 exequias
787 2118 837 2146 ite.
859 2117 942 2158 quod

279 2176 384 2197 verum
399 2171 458 2196 est.
505 2166 624 2197 mes.

321 2216 354 2246 3.
382 2215 554 2257 Plangite]
605 2216 645 2245 Et
680 2217 773 2254 passis
807 2216 944 2255 plangite

275 2266 381 2303 pennis
404 2263 646 2299 Arondelianus,
672 2263 715 2294 sic
742 2275 832 2302 passm
859 2274 944 2293 comae

278 2312 460 2353 frequentur
475 2312 559 2354 apud
575 2313 734 2343 Nostrum.
780 2312 900 2342 mes.

322 2363 354 2392 5.
385 2362 520 2392 Horrida
542 2374 596 2401 pro
619 2361 824 2401 moestis,&c.]
872 2362 944 2397 Qua

279 2411 378 2451 figura
404 2413 498 2441 ma‘sti
521 2411 627 2453 capilli
656 2411 774 2452 possint
800 2410 849 2440 hic
871 2410 944 2444 dici,

281 2462 329 2490 ‘sir
359 2462 436 2490 videt
467 2461 639 2491 Burmann.
669 2467 699 2490 et
736 2461 812 2490 culti
847 2460 946 2496 malit,

279 2514 298 2525 ‘¹
316 2509 368 2551 qui
383 2508 554 2549 eleganter,
570 2508 682 2550 inquit,
695 2510 821 2539 horrida>
834 2510 942 2548 pluma·

279 2558 542 2601 opponerentur-'⁹
590 2560 703 2599 Figura
724 2558 822 2600 poetis
849 2558 942 2588 usita-

281 2608 399 2638 tissima
426 2610 516 2638 manui
544 2607 690 2638 (licuntur
717 2606 835 2647 capilli,
860 2607 944 2647 quia,

282 2667 376 2698 quum
402 2656 540 2692 incomti,
568 2656 801 2697 praesertimqne
827 2657 945 2690 laniati,

284 2706 365 2736 haud
382 2705 476 2736 (lubia
496 2707 635 2737 mastiticr
659 2705 746 2741 signa
771 2704 947 2746 prael‘erunt.

286 2754 399 2785 ᾹΜΑΠ.

813 1676 942 1706 Psittace

1049 1381 1081 1410 6.
1110 1380 1170 1408 Pro
1191 1379 1281 1418 longa
1311 1381 1442 1406 resonent
1459 1375 1593 1405 carmina
1611 1383 1668 1402 ces-

1007 1436 1054 1459 tra
1086 1427 1182 1467 tuba]
1237 1426 1361 1466 Longu:
1397 1429 1451 1454 aut
1478 1421 1596 1464 prolixe
1622 1431 1669 1451 so-

1008 1478 1105 1514 nanti,
1114 1484 1167 1508 ant
1181 1475 1281 1517 (quod
1293 1472 1393 1515 magis
1403 1471 1524 1514 placet)
1537 1470 1669 1501 directa.

1008 1528 1091 1558 Nam
1107 1534 1137 1557 et
1153 1524 1325 1557 cornicines
1345 1523 1377 1553 in
1401 1520 1560 1552 funeribus
1577 1519 1668 1550 adhi-

1007 1578 1173 1607 bebantur.
1190 1575 1343 1604 Murrus.
1361 1570 1505 1606 Mallem,
1519 1569 1672 1609 prolonga

1010 1632 1145 1655 resonent
1171 1625 1306 1654 carmina
1328 1627 1425 1651 rostra
1450 1620 1541 1654 tuba,·
1575 1623 1671 1647 rostra

1009 1675 1076 1705 loco
1092 1674 1174 1704 tubae
1190 1676 1335 1702 resonent
1349 1667 1496 1710 lugubria
1514 1665 1669 1697 carmina:

1009 1734 1146 1754 resonare
1171 1721 1254 1752 enim
1283 1730 1354 1750 cum
1384 1716 1562 1748 accusativo
1598 1725 1671 1746 casu

1009 1777 1201 1803 construunt.
1246 1770 1365 1800 Bumu.

1051 1823 1084 1852 9.
1114 1821 1260 1851 Miserum
1283 1814 1574 1858 divertitefan11s.]
1612 1814 1672 1843 De—

1010 1872 1115 1901 rertite
1128 1867 1248 1910 scripti.
1263 1868 1358 1907 Lege,
1373 1868 1533 1896 devertere.
1547 1863 1586 1893 ad
1599 1862 1672 1893 Phi-

1008 1919 1153 1950 lomelam
1183 1916 1267 1948 enim
1295 1925 1395 1946 sermo
1432 1919 1491 1944 est.
1522 1912 1606 1954 quod
1635 1922 1673 1942 ex

1009 1979 1099 1999 versu
1114 1967 1252 2009 proxime
1268 1963 1411 2006 sequenti
1434 1962 1508 1993 satis
1532 1967 1674 2004 apparet.

1010 2019 1185 2049 mesws.
1220 2016 1332 2046 Douza
1358 2013 1494 2054 legebat,
1524 2012 1675 2046 diver-tito,

1010 2067 1101 2098 male.
1128 2066 1198 2096 vide
1225 2075 1294 2106 quae
1324 2063 1398 2093 olim
1429 2060 1604 2092 notavimus
1635 2059 1675 2090 ad

1010 2116 1135 2146 Petron.
1153 2125 1221 2156 cap.
1238 2125 1271 2144 x.
1317 2113 1436 2142 Eunu.

1057 2166 1105 2195 12.
1133 2164 1250 2194 Turtur
1272 2163 1365 2192 amice
1388 2159 1481 2200 dola]
1515 2159 1570 2189 Est
1591 2157 1675 2189 enim

1012 2213 1162 2245 naturalis
1190 2211 1336 2254 quaedam
1365 2210 1446 2240 inter
1474 2214 1608 2239 turtures
1645 2214 1677 2238 et

1012 2265 1160 2306 psittacos
1184 2261 1331 2292 amicitia.
1359 2259 1441 2290 Plin.
1468 2258 1522 2288 lib.
1546 2269 1576 2288 x.
1602 2267 1674 2299 cap.

1014 2314 1065 2344 74.
1081 2313 1195 2343 Noster
1211 2310 1310 2353 Epist.
1326 2321 1377 2340 xv,
1392 2309 1446 2340 38.

1060 2362 1098 2392 Et
1112 2363 1199 2403 niger
1215 2373 1232 2391 a
1250 2361 1340 2390 viridi
1359 2365 1464 2389 turtur
1480 2363 1600 2401 uniatur
1612 2367 1676 2387 are.

1518 2407 1633 2437 Burni.

1060 2461 1110 2490 13.
1135 2459 1334 2501 Plenafuit.]
1353 2458 1498 2488 Imitatus
1510 2455 1676 2487 Claudian.

1012 2509 1093 2540 Bell.
1115 2508 1203 2540 Gild.
1219 2509 1251 2538 4.

1242 2558 1407 2587 Concordia
1423 2555 1565 2585 Fratrum

1060 2607 1152 2637 Plena
1169 2608 1257 2637 redit.

1017 2656 1104 2685 Omni
1131 2657 1195 2685 viar
1219 2655 1355 2685 habebat
1382 2654 1457 2684 alter
1487 2653 1675 2682 Puto-meus.

1018 2705 1134 2734 Brun.

1078 2807 1101 2835 A
1123 2807 1172 2835 214
