<?xml version="1.0" encoding="UTF-8"?>
<!DOCTYPE html PUBLIC "-//W3C//DTD XHTML 1.0 Transitional//EN"
    "http://www.w3.org/TR/xhtml1/DTD/xhtml1-transitional.dtd">
<html xmlns="http://www.w3.org/1999/xhtml" xml:lang="en" lang="en">
 <head>
  <title>
</title>
<meta http-equiv="Content-Type" content="text/html;charset=utf-8" />
  <meta name='ocr-system' content='tesseract 3.04.00' />
  <meta name='ocr-capabilities' content='ocr_page ocr_carea ocr_par ocr_line ocrx_word'/>
</head>
<body>
  <div class='ocr_page' id='page_1' title='image "./povidiinasonisop01oviduoft_0272.png"; bbox 0 0 1849 3198; ppageno 0'>
   <div class='ocr_carea' id='block_1_1' title="bbox 205 223 289 265">
    <p class='ocr_par' dir='ltr' id='par_1_1' title="bbox 205 223 289 265">
     <span class='ocr_line' id='line_1_1' title="bbox 205 223 289 265; baseline -0.012 0"><span class='ocrx_word' id='word_1_1' title='bbox 205 223 289 265; x_wconf 78' lang='lat'>188</span> 
     </span>
    </p>
   </div>
   <div class='ocr_carea' id='block_1_2' title="bbox 597 218 1197 261">
    <p class='ocr_par' dir='ltr' id='par_1_2' title="bbox 597 218 1197 261">
     <span class='ocr_line' id='line_1_2' title="bbox 597 218 1197 261; baseline 0.002 -1"><span class='ocrx_word' id='word_1_2' title='bbox 597 220 647 260; x_wconf 90' lang='lat' dir='ltr'>P.</span> <span class='ocrx_word' id='word_1_3' title='bbox 672 218 884 261; x_wconf 92' lang='lat' dir='ltr'>OVIDII</span> <span class='ocrx_word' id='word_1_4' title='bbox 918 218 1197 261; x_wconf 89' lang='lat' dir='ltr'><strong>NASONIS</strong></span> 
     </span>
    </p>
   </div>
   <div class='ocr_carea' id='block_1_3' title="bbox 207 334 1595 942">
    <p class='ocr_par' dir='ltr' id='par_1_3' title="bbox 207 334 1595 942">
     <span class='ocr_line' id='line_1_3' title="bbox 207 334 1437 399; baseline -0.002 -14"><span class='ocrx_word' id='word_1_5' title='bbox 207 339 302 385; x_wconf 87' lang='lat' dir='ltr'>Cui</span> <span class='ocrx_word' id='word_1_6' title='bbox 328 337 460 384; x_wconf 90' lang='lat' dir='ltr'>colar</span> <span class='ocrx_word' id='word_1_7' title='bbox 484 335 671 392; x_wconf 82' lang='lat' dir='ltr'>infelix,</span> <span class='ocrx_word' id='word_1_8' title='bbox 700 342 785 382; x_wconf 87' lang='lat' dir='ltr'>aut</span> <span class='ocrx_word' id='word_1_9' title='bbox 809 336 888 382; x_wconf 91' lang='lat' dir='ltr'>cui</span> <span class='ocrx_word' id='word_1_10' title='bbox 914 335 1162 399; x_wconf 81' lang='lat' dir='ltr'>placuisse</span> <span class='ocrx_word' id='word_1_11' title='bbox 1182 334 1437 383; x_wconf 77' lang='lat' dir='ltr'>laborem?</span> 
     </span>
     <span class='ocr_line' id='line_1_4' title="bbox 274 413 1261 461; baseline -0.002 0"><span class='ocrx_word' id='word_1_12' title='bbox 274 415 365 461; x_wconf 89' lang='lat' dir='ltr'>Ille</span> <span class='ocrx_word' id='word_1_13' title='bbox 391 413 489 460; x_wconf 89' lang='lat' dir='ltr'>mei</span> <span class='ocrx_word' id='word_1_14' title='bbox 513 413 677 460; x_wconf 88' lang='lat' dir='ltr'>cultus</span> <span class='ocrx_word' id='word_1_15' title='bbox 702 413 878 459; x_wconf 89' lang='lat' dir='ltr'>unicus</span> <span class='ocrx_word' id='word_1_16' title='bbox 904 419 1075 459; x_wconf 81' lang='lat' dir='ltr'>auctor</span> <span class='ocrx_word' id='word_1_17' title='bbox 1101 413 1261 459; x_wconf 82' lang='lat' dir='ltr'>abest.</span> 
     </span>
     <span class='ocr_line' id='line_1_5' title="bbox 207 489 1516 553; baseline -0.002 -14"><span class='ocrx_word' id='word_1_18' title='bbox 207 492 361 539; x_wconf 80' lang='lat' dir='ltr'>Molle</span> <span class='ocrx_word' id='word_1_19' title='bbox 386 508 568 547; x_wconf 88' lang='lat' dir='ltr'>meum,</span> <span class='ocrx_word' id='word_1_20' title='bbox 595 490 889 553; x_wconf 81' lang='lat' dir='ltr'>levibusque</span> <span class='ocrx_word' id='word_1_21' title='bbox 915 506 998 536; x_wconf 91' lang='lat' dir='ltr'>cor</span> <span class='ocrx_word' id='word_1_22' title='bbox 1024 496 1100 536; x_wconf 85' lang='lat' dir='ltr'>est</span> <span class='ocrx_word' id='word_1_23' title='bbox 1123 489 1352 536; x_wconf 76' lang='lat' dir='ltr'>violabile</span> <span class='ocrx_word' id='word_1_24' title='bbox 1377 489 1516 536; x_wconf 86' lang='lat' dir='ltr'>telis:</span> 
     </span>
     <span class='ocr_line' id='line_1_6' title="bbox 271 569 1595 633; baseline -0.003 -17"><span class='ocrx_word' id='word_1_25' title='bbox 271 570 337 616; x_wconf 85' lang='lat' dir='ltr'>Et</span> <span class='ocrx_word' id='word_1_26' title='bbox 355 585 551 633; x_wconf 84' lang='lat' dir='ltr'>semper</span> <span class='ocrx_word' id='word_1_27' title='bbox 576 585 754 616; x_wconf 79' lang='lat' dir='ltr'>caussa</span> <span class='ocrx_word' id='word_1_28' title='bbox 769 575 860 623; x_wconf 87' lang='lat' dir='ltr'>est,</span> <span class='ocrx_word' id='word_1_29' title='bbox 879 583 965 614; x_wconf 89' lang='lat' dir='ltr'>cur</span> <span class='ocrx_word' id='word_1_30' title='bbox 990 583 1082 629; x_wconf 81' lang='lat' dir='ltr'>ego</span> <span class='ocrx_word' id='word_1_31' title='bbox 1110 582 1307 630; x_wconf 86' lang='lat' dir='ltr'>semper</span> <span class='ocrx_word' id='word_1_32' title='bbox 1323 582 1501 613; x_wconf 88' lang='lat' dir='ltr'>amem.</span> <span class='ocrx_word' id='word_1_33' title='bbox 1531 569 1595 612; x_wconf 77' lang='lat'>80</span> 
     </span>
     <span class='ocr_line' id='line_1_7' title="bbox 209 645 1294 708; baseline -0.004 -14"><span class='ocrx_word' id='word_1_34' title='bbox 209 647 323 694; x_wconf 85' lang='lat' dir='ltr'>Sive</span> <span class='ocrx_word' id='word_1_35' title='bbox 347 647 418 694; x_wconf 86' lang='lat' dir='ltr'>ita</span> <span class='ocrx_word' id='word_1_36' title='bbox 442 646 665 693; x_wconf 85' lang='lat' dir='ltr'>nascenti</span> <span class='ocrx_word' id='word_1_37' title='bbox 691 646 853 708; x_wconf 83' lang='lat' dir='ltr'>legem</span> <span class='ocrx_word' id='word_1_38' title='bbox 877 645 1049 691; x_wconf 81' lang='lat' dir='ltr'>dixere</span> <span class='ocrx_word' id='word_1_39' title='bbox 1075 660 1294 701; x_wconf 79' lang='lat' dir='ltr'>sorores3</span> 
     </span>
     <span class='ocr_line' id='line_1_8' title="bbox 273 722 1282 778; baseline -0.004 -6"><span class='ocrx_word' id='word_1_40' title='bbox 273 724 382 772; x_wconf 89' lang='lat' dir='ltr'>Nec</span> <span class='ocrx_word' id='word_1_41' title='bbox 408 725 525 771; x_wconf 87' lang='lat' dir='ltr'>data</span> <span class='ocrx_word' id='word_1_42' title='bbox 550 731 666 771; x_wconf 86' lang='lat' dir='ltr'>sunt</span> <span class='ocrx_word' id='word_1_43' title='bbox 689 724 802 770; x_wconf 86' lang='lat' dir='ltr'>vitae</span> <span class='ocrx_word' id='word_1_44' title='bbox 827 722 911 770; x_wconf 88' lang='lat' dir='ltr'>fila</span> <span class='ocrx_word' id='word_1_45' title='bbox 935 738 1106 770; x_wconf 88' lang='lat' dir='ltr'>severa</span> <span class='ocrx_word' id='word_1_46' title='bbox 1131 738 1282 778; x_wconf 78' lang='lat' dir='ltr'>meae3</span> 
     </span>
     <span class='ocr_line' id='line_1_9' title="bbox 210 798 1568 862; baseline -0.004 -12"><span class='ocrx_word' id='word_1_47' title='bbox 210 803 326 850; x_wconf 85' lang='lat' dir='ltr'>Sive</span> <span class='ocrx_word' id='word_1_48' title='bbox 352 804 538 850; x_wconf 89' lang='lat' dir='ltr'>abeunt</span> <span class='ocrx_word' id='word_1_49' title='bbox 561 802 727 849; x_wconf 88' lang='lat' dir='ltr'>studia</span> <span class='ocrx_word' id='word_1_50' title='bbox 750 802 801 848; x_wconf 91' lang='lat' dir='ltr'>in</span> <span class='ocrx_word' id='word_1_51' title='bbox 825 817 1005 857; x_wconf 81' lang='lat' dir='ltr'>moreS‚</span> <span class='ocrx_word' id='word_1_52' title='bbox 1033 806 1265 862; x_wconf 84' lang='lat' dir='ltr'>artesque</span> <span class='ocrx_word' id='word_1_53' title='bbox 1290 798 1568 861; x_wconf 79' lang='lat' dir='ltr'>magistrae3</span> 
     </span>
     <span class='ocr_line' id='line_1_10' title="bbox 275 876 1239 942; baseline -0.003 -16"><span class='ocrx_word' id='word_1_54' title='bbox 275 880 537 942; x_wconf 87' lang='lat' dir='ltr'>Ingenium</span> <span class='ocrx_word' id='word_1_55' title='bbox 563 879 707 927; x_wconf 89' lang='lat' dir='ltr'>nobis</span> <span class='ocrx_word' id='word_1_56' title='bbox 732 879 880 926; x_wconf 90' lang='lat' dir='ltr'>molle</span> <span class='ocrx_word' id='word_1_57' title='bbox 905 877 1082 925; x_wconf 86' lang='lat' dir='ltr'>Thalia</span> <span class='ocrx_word' id='word_1_58' title='bbox 1105 876 1239 924; x_wconf 88' lang='lat' dir='ltr'>facit.</span> 
     </span>
    </p>
   </div>
   <div class='ocr_carea' id='block_1_4' title="bbox 209 955 1352 1021">
    <p class='ocr_par' dir='ltr' id='par_1_4' title="bbox 209 955 1352 1021">
     <span class='ocr_line' id='line_1_11' title="bbox 209 955 1352 1021; baseline -0.004 -16"><span class='ocrx_word' id='word_1_59' title='bbox 209 958 342 1013; x_wconf 81' lang='lat' dir='ltr'>Quid</span> <span class='ocrx_word' id='word_1_60' title='bbox 367 958 562 1014; x_wconf 84' lang='lat' dir='ltr'>mirum,</span> <span class='ocrx_word' id='word_1_61' title='bbox 589 958 761 1021; x_wconf 87' lang='lat' dir='ltr'>primae</span> <span class='ocrx_word' id='word_1_62' title='bbox 788 958 828 1004; x_wconf 89' lang='lat' dir='ltr'>si</span> <span class='ocrx_word' id='word_1_63' title='bbox 854 973 933 1004; x_wconf 91' lang='lat' dir='ltr'>me</span> <span class='ocrx_word' id='word_1_64' title='bbox 958 955 1205 1018; x_wconf 80' lang='lat' dir='ltr'>lanuginis</span> <span class='ocrx_word' id='word_1_65' title='bbox 1231 960 1352 1001; x_wconf 86' lang='lat' dir='ltr'>aetas</span> 
     </span>
    </p>
   </div>
   <div class='ocr_carea' id='block_1_5' title="bbox 1535 954 1597 999">
    <p class='ocr_par' dir='ltr' id='par_1_5' title="bbox 1535 954 1597 999">
     <span class='ocr_line' id='line_1_12' title="bbox 1535 954 1597 999; baseline -0.016 0"><span class='ocrx_word' id='word_1_66' title='bbox 1535 954 1597 999; x_wconf 78' lang='lat'>85</span> 
     </span>
    </p>
   </div>
   <div class='ocr_carea' id='block_1_6' title="bbox 276 1030 1516 1098">
    <p class='ocr_par' dir='ltr' id='par_1_6' title="bbox 276 1030 1516 1098">
     <span class='ocr_line' id='line_1_13' title="bbox 276 1030 1516 1098; baseline -0.004 -17"><span class='ocrx_word' id='word_1_67' title='bbox 276 1035 514 1091; x_wconf 83' lang='lat' dir='ltr'>Abstulit,</span> <span class='ocrx_word' id='word_1_68' title='bbox 543 1042 695 1098; x_wconf 89' lang='lat' dir='ltr'>atque</span> <span class='ocrx_word' id='word_1_69' title='bbox 720 1035 851 1091; x_wconf 79' lang='lat' dir='ltr'>anni,</span> <span class='ocrx_word' id='word_1_70' title='bbox 879 1050 1004 1098; x_wconf 90' lang='lat' dir='ltr'>quos</span> <span class='ocrx_word' id='word_1_71' title='bbox 1029 1034 1101 1080; x_wconf 80' lang='lat' dir='ltr'>vir</span> <span class='ocrx_word' id='word_1_72' title='bbox 1126 1047 1291 1079; x_wconf 85' lang='lat' dir='ltr'>amare</span> <span class='ocrx_word' id='word_1_73' title='bbox 1316 1030 1516 1094; x_wconf 81' lang='lat' dir='ltr'>potest?</span> 
     </span>
    </p>
   </div>
   <div class='ocr_carea' id='block_1_7' title="bbox 209 1158 876 1988">
    <p class='ocr_par' dir='ltr' id='par_1_7' title="bbox 209 1158 873 1347">
     <span class='ocr_line' id='line_1_14' title="bbox 252 1158 871 1189; baseline 0 -1"><span class='ocrx_word' id='word_1_74' title='bbox 252 1159 303 1188; x_wconf 83' lang='lat'>79.</span> <span class='ocrx_word' id='word_1_75' title='bbox 329 1158 422 1188; x_wconf 81' lang='lat' dir='ltr'>Molle</span> <span class='ocrx_word' id='word_1_76' title='bbox 443 1170 540 1188; x_wconf 80' lang='lat' dir='ltr'>meum</span> <span class='ocrx_word' id='word_1_77' title='bbox 559 1159 670 1188; x_wconf 76' lang='lat' dir='ltr'>levibus</span> <span class='ocrx_word' id='word_1_78' title='bbox 685 1169 734 1189; x_wconf 83' lang='lat' dir='ltr'>cm·</span> <span class='ocrx_word' id='word_1_79' title='bbox 755 1164 795 1188; x_wconf 79' lang='lat' dir='ltr'>est</span> <span class='ocrx_word' id='word_1_80' title='bbox 811 1159 871 1188; x_wconf 77' lang='lat' dir='ltr'>vio-</span> 
     </span>
     <span class='ocr_line' id='line_1_15' title="bbox 209 1207 873 1249; baseline 0.002 -12"><span class='ocrx_word' id='word_1_81' title='bbox 209 1209 297 1238; x_wconf 75' lang='lat' dir='ltr'>labile</span> <span class='ocrx_word' id='word_1_82' title='bbox 313 1208 405 1248; x_wconf 80' lang='lat' dir='ltr'>telis.]</span> <span class='ocrx_word' id='word_1_83' title='bbox 433 1209 477 1238; x_wconf 91' lang='grc' dir='ltr'>Τὸ</span> <span class='ocrx_word' id='word_1_84' title='bbox 493 1219 543 1238; x_wconf 85' lang='lat' dir='ltr'>cor</span> <span class='ocrx_word' id='word_1_85' title='bbox 556 1207 749 1249; x_wconf 83' lang='lat' dir='ltr'>producitur,</span> <span class='ocrx_word' id='word_1_86' title='bbox 765 1213 873 1238; x_wconf 85' lang='lat' dir='ltr'>contra</span> 
     </span>
     <span class='ocr_line' id='line_1_16' title="bbox 209 1256 873 1298; baseline 0 -12"><span class='ocrx_word' id='word_1_87' title='bbox 209 1268 303 1298; x_wconf 84' lang='lat' dir='ltr'>quam</span> <span class='ocrx_word' id='word_1_88' title='bbox 320 1256 409 1287; x_wconf 83' lang='lat' dir='ltr'>solet.</span> <span class='ocrx_word' id='word_1_89' title='bbox 448 1257 541 1288; x_wconf 80' lang='lat' dir='ltr'>Certe</span> <span class='ocrx_word' id='word_1_90' title='bbox 557 1260 671 1289; x_wconf 82' lang='lat' dir='ltr'>Noster</span> <span class='ocrx_word' id='word_1_91' title='bbox 687 1257 780 1288; x_wconf 89' lang='lat' dir='ltr'>Trist.</span> <span class='ocrx_word' id='word_1_92' title='bbox 793 1256 873 1287; x_wconf 79' lang='lat' dir='ltr'>libro</span> 
     </span>
     <span class='ocr_line' id='line_1_17' title="bbox 210 1305 429 1347; baseline 0 -10"><span class='ocrx_word' id='word_1_93' title='bbox 210 1319 240 1337; x_wconf 85' lang='lat' dir='ltr'>v.</span> <span class='ocrx_word' id='word_1_94' title='bbox 257 1306 348 1347; x_wconf 81' lang='lat' dir='ltr'>Eleg.</span> <span class='ocrx_word' id='word_1_95' title='bbox 364 1305 429 1337; x_wconf 82' lang='lat' dir='ltr'>viii.</span> 
     </span>
    </p>

    <p class='ocr_par' dir='ltr' id='par_1_8' title="bbox 254 1356 874 1386">
     <span class='ocr_line' id='line_1_18' title="bbox 254 1356 874 1386; baseline 0 -1"><span class='ocrx_word' id='word_1_96' title='bbox 254 1356 346 1385; x_wconf 82' lang='lat' dir='ltr'>Molle</span> <span class='ocrx_word' id='word_1_97' title='bbox 369 1366 418 1385; x_wconf 86' lang='lat' dir='ltr'>cor</span> <span class='ocrx_word' id='word_1_98' title='bbox 442 1357 481 1386; x_wconf 84' lang='lat' dir='ltr'>ad</span> <span class='ocrx_word' id='word_1_99' title='bbox 505 1356 624 1386; x_wconf 80' lang='lat' dir='ltr'>timidas</span> <span class='ocrx_word' id='word_1_100' title='bbox 648 1357 688 1386; x_wconf 77' lang='lat' dir='ltr'>sic</span> <span class='ocrx_word' id='word_1_101' title='bbox 712 1356 798 1385; x_wconf 75' lang='lat' dir='ltr'>habet</span> <span class='ocrx_word' id='word_1_102' title='bbox 821 1356 874 1385; x_wconf 85' lang='lat' dir='ltr'>ille</span> 
     </span>
    </p>

    <p class='ocr_par' dir='ltr' id='par_1_9' title="bbox 210 1416 874 1544">
     <span class='ocr_line' id='line_1_19' title="bbox 292 1416 406 1444; baseline 0.018 -11"><span class='ocrx_word' id='word_1_103' title='bbox 292 1416 406 1444; x_wconf 72' lang='lat' dir='ltr'>preces.</span> 
     </span>
     <span class='ocr_line' id='line_1_20' title="bbox 210 1453 874 1496; baseline -0.002 -12"><span class='ocrx_word' id='word_1_104' title='bbox 210 1455 294 1484; x_wconf 87' lang='lat' dir='ltr'>Nam</span> <span class='ocrx_word' id='word_1_105' title='bbox 308 1454 340 1484; x_wconf 93' lang='lat' dir='ltr'>in</span> <span class='ocrx_word' id='word_1_106' title='bbox 352 1453 407 1485; x_wconf 89' lang='lat' dir='ltr'>illo</span> <span class='ocrx_word' id='word_1_107' title='bbox 418 1453 558 1496; x_wconf 84' lang='lat' dir='ltr'>ejusdem</span> <span class='ocrx_word' id='word_1_108' title='bbox 568 1453 640 1484; x_wconf 88' lang='lat' dir='ltr'>libri</span> <span class='ocrx_word' id='word_1_109' title='bbox 652 1453 763 1494; x_wconf 83' lang='lat' dir='ltr'>Elegia</span> <span class='ocrx_word' id='word_1_110' title='bbox 774 1453 874 1495; x_wconf 86' lang='lat' dir='ltr'>prima</span> 
     </span>
     <span class='ocr_line' id='line_1_21' title="bbox 211 1502 570 1544; baseline 0 -11"><span class='ocrx_word' id='word_1_111' title='bbox 211 1514 327 1544; x_wconf 80' lang='lat' dir='ltr'>anceps</span> <span class='ocrx_word' id='word_1_112' title='bbox 342 1509 388 1533; x_wconf 84' lang='lat' dir='ltr'>est</span> <span class='ocrx_word' id='word_1_113' title='bbox 403 1502 570 1544; x_wconf 83' lang='lat' dir='ltr'>scriptura:</span> 
     </span>
    </p>

    <p class='ocr_par' dir='ltr' id='par_1_10' title="bbox 254 1552 874 1594">
     <span class='ocr_line' id='line_1_22' title="bbox 254 1552 874 1594; baseline -0.003 -12"><span class='ocrx_word' id='word_1_114' title='bbox 254 1552 434 1594; x_wconf 76' lang='lat' dir='ltr'>Slrangulat</span> <span class='ocrx_word' id='word_1_115' title='bbox 453 1553 586 1582; x_wconf 79' lang='lat' dir='ltr'>inclusus</span> <span class='ocrx_word' id='word_1_116' title='bbox 603 1552 697 1588; x_wconf 77' lang='lat' dir='ltr'>dolor,</span> <span class='ocrx_word' id='word_1_117' title='bbox 714 1558 802 1592; x_wconf 75' lang='lat' dir='ltr'>atque</span> <span class='ocrx_word' id='word_1_118' title='bbox 825 1563 874 1582; x_wconf 82' lang='lat' dir='ltr'>cor</span> 
     </span>
    </p>

    <p class='ocr_par' dir='ltr' id='par_1_11' title="bbox 212 1603 876 1988">
     <span class='ocr_line' id='line_1_23' title="bbox 298 1603 516 1632; baseline 0.005 -1"><span class='ocrx_word' id='word_1_119' title='bbox 298 1608 405 1631; x_wconf 68' lang='lat' dir='ltr'>trstzuzt</span> <span class='ocrx_word' id='word_1_120' title='bbox 422 1603 516 1632; x_wconf 76' lang='lat' dir='ltr'>intus.</span> 
     </span>
     <span class='ocr_line' id='line_1_24' title="bbox 213 1649 874 1692; baseline -0.003 -12"><span class='ocrx_word' id='word_1_121' title='bbox 213 1651 294 1681; x_wconf 92' lang='lat' dir='ltr'>Cum</span> <span class='ocrx_word' id='word_1_122' title='bbox 309 1650 341 1680; x_wconf 91' lang='lat' dir='ltr'>in</span> <span class='ocrx_word' id='word_1_123' title='bbox 356 1650 527 1692; x_wconf 86' lang='lat' dir='ltr'>potioribus</span> <span class='ocrx_word' id='word_1_124' title='bbox 550 1649 739 1680; x_wconf 80' lang='lat' dir='ltr'>membranis</span> <span class='ocrx_word' id='word_1_125' title='bbox 762 1649 811 1684; x_wconf 88' lang='lat' dir='ltr'>sit,</span> <span class='ocrx_word' id='word_1_126' title='bbox 827 1655 874 1678; x_wconf 83' lang='lat' dir='ltr'>at-</span> 
     </span>
     <span class='ocr_line' id='line_1_25' title="bbox 212 1698 873 1740; baseline -0.003 -10"><span class='ocrx_word' id='word_1_127' title='bbox 212 1711 267 1740; x_wconf 74' lang='lat' dir='ltr'>que</span> <span class='ocrx_word' id='word_1_128' title='bbox 282 1706 421 1730; x_wconf 60' lang='lat' dir='ltr'>earrstuat</span> <span class='ocrx_word' id='word_1_129' title='bbox 437 1701 530 1729; x_wconf 74' lang='lat' dir='ltr'>intus.</span> <span class='ocrx_word' id='word_1_130' title='bbox 549 1699 604 1729; x_wconf 83' lang='lat' dir='ltr'>sed</span> <span class='ocrx_word' id='word_1_131' title='bbox 620 1698 782 1740; x_wconf 88' lang='lat' dir='ltr'>corripitur</span> <span class='ocrx_word' id='word_1_132' title='bbox 798 1710 873 1739; x_wconf 91' lang='lat' dir='ltr'>quo—</span> 
     </span>
     <span class='ocr_line' id='line_1_26' title="bbox 213 1748 874 1790; baseline -0.003 -11"><span class='ocrx_word' id='word_1_133' title='bbox 213 1760 274 1790; x_wconf 89' lang='lat' dir='ltr'>que</span> <span class='ocrx_word' id='word_1_134' title='bbox 294 1750 387 1780; x_wconf 87' lang='lat' dir='ltr'>Pont.</span> <span class='ocrx_word' id='word_1_135' title='bbox 402 1748 481 1779; x_wconf 88' lang='lat' dir='ltr'>libro</span> <span class='ocrx_word' id='word_1_136' title='bbox 496 1748 518 1778; x_wconf 83' lang='lat' dir='ltr'>i.</span> <span class='ocrx_word' id='word_1_137' title='bbox 532 1749 582 1779; x_wconf 88' lang='lat' dir='ltr'>El.</span> <span class='ocrx_word' id='word_1_138' title='bbox 596 1748 639 1779; x_wconf 87' lang='lat' dir='ltr'>iv.</span> <span class='ocrx_word' id='word_1_139' title='bbox 657 1748 696 1778; x_wconf 84' lang='lat' dir='ltr'>ad</span> <span class='ocrx_word' id='word_1_140' title='bbox 713 1748 874 1783; x_wconf 84' lang='lat' dir='ltr'>Rufinum,</span> 
     </span>
     <span class='ocr_line' id='line_1_27' title="bbox 212 1796 875 1828; baseline -0.003 0"><span class='ocrx_word' id='word_1_141' title='bbox 212 1804 243 1828; x_wconf 89' lang='lat' dir='ltr'>et</span> <span class='ocrx_word' id='word_1_142' title='bbox 272 1798 350 1828; x_wconf 89' lang='lat' dir='ltr'>libro</span> <span class='ocrx_word' id='word_1_143' title='bbox 381 1810 412 1828; x_wconf 88' lang='lat' dir='ltr'>v.</span> <span class='ocrx_word' id='word_1_144' title='bbox 443 1799 523 1828; x_wconf 70' lang='lat' dir='ltr'>Met.</span> <span class='ocrx_word' id='word_1_145' title='bbox 548 1798 627 1827; x_wconf 86' lang='lat' dir='ltr'>Fal).</span> <span class='ocrx_word' id='word_1_146' title='bbox 653 1798 694 1827; x_wconf 87' lang='lat' dir='ltr'>vi.</span> <span class='ocrx_word' id='word_1_147' title='bbox 732 1796 875 1827; x_wconf 85' lang='lat' dir='ltr'>Ciceroni</span> 
     </span>
     <span class='ocr_line' id='line_1_28' title="bbox 213 1846 875 1886; baseline -0.003 -8"><span class='ocrx_word' id='word_1_148' title='bbox 213 1847 308 1878; x_wconf 84' lang='lat' dir='ltr'>etiam</span> <span class='ocrx_word' id='word_1_149' title='bbox 329 1847 362 1878; x_wconf 86' lang='lat' dir='ltr'>in</span> <span class='ocrx_word' id='word_1_150' title='bbox 386 1848 524 1878; x_wconf 74' lang='lat' dir='ltr'>versione</span> <span class='ocrx_word' id='word_1_151' title='bbox 545 1847 605 1877; x_wconf 83' lang='lat' dir='ltr'>loci</span> <span class='ocrx_word' id='word_1_152' title='bbox 622 1846 792 1883; x_wconf 82' lang='lat' dir='ltr'>Homerici,</span> <span class='ocrx_word' id='word_1_153' title='bbox 811 1846 875 1886; x_wconf 77' lang='lat' dir='ltr'>Ipse</span> 
     </span>
     <span class='ocr_line' id='line_1_29' title="bbox 530 1895 876 1927; baseline -0.006 0"><span class='ocrx_word' id='word_1_154' title='bbox 530 1896 673 1927; x_wconf 82' lang='lat' dir='ltr'>Martiali</span> <span class='ocrx_word' id='word_1_155' title='bbox 688 1896 781 1926; x_wconf 81' lang='lat' dir='ltr'>etiam</span> <span class='ocrx_word' id='word_1_156' title='bbox 798 1895 876 1926; x_wconf 88' lang='lat' dir='ltr'>libro</span> 
     </span>
     <span class='ocr_line' id='line_1_30' title="bbox 216 1946 875 1988; baseline 0 -12"><span class='ocrx_word' id='word_1_157' title='bbox 216 1958 245 1976; x_wconf 84' lang='lat' dir='ltr'>x.</span> <span class='ocrx_word' id='word_1_158' title='bbox 262 1947 322 1988; x_wconf 88' lang='lat' dir='ltr'>Ep.</span> <span class='ocrx_word' id='word_1_159' title='bbox 341 1959 393 1977; x_wconf 86' lang='lat' dir='ltr'>xv.</span> <span class='ocrx_word' id='word_1_160' title='bbox 411 1953 442 1977; x_wconf 84' lang='lat' dir='ltr'>et</span> <span class='ocrx_word' id='word_1_161' title='bbox 457 1946 597 1977; x_wconf 83' lang='lat' dir='ltr'>Ausonio</span> <span class='ocrx_word' id='word_1_162' title='bbox 620 1946 651 1976; x_wconf 92' lang='lat' dir='ltr'>in</span> <span class='ocrx_word' id='word_1_163' title='bbox 669 1946 875 1987; x_wconf 75' lang='lat' dir='ltr'>epigramina-</span> 
     </span>
    </p>
   </div>
   <div class='ocr_carea' id='block_1_8' title="bbox 212 1899 484 1927">
    <p class='ocr_par' dir='ltr' id='par_1_12' title="bbox 212 1899 484 1927">
     <span class='ocr_line' id='line_1_31' title="bbox 212 1899 484 1927; baseline 0 0"><span class='ocrx_word' id='word_1_164' title='bbox 212 1909 297 1927; x_wconf 77' lang='lat' dir='ltr'>suum</span> <span class='ocrx_word' id='word_1_165' title='bbox 315 1909 364 1927; x_wconf 78' lang='lat' dir='ltr'>cor</span> <span class='ocrx_word' id='word_1_166' title='bbox 387 1899 484 1927; x_wconf 70' lang='lat' dir='ltr'>edens.</span> 
     </span>
    </p>
   </div>
   <div class='ocr_carea' id='block_1_9' title="bbox 213 1994 883 2764">
    <p class='ocr_par' dir='ltr' id='par_1_13' title="bbox 213 1994 883 2764">
     <span class='ocr_line' id='line_1_32' title="bbox 214 1994 877 2035; baseline -0.002 -10"><span class='ocrx_word' id='word_1_167' title='bbox 214 1995 266 2025; x_wconf 82' lang='lat' dir='ltr'>tis.</span> <span class='ocrx_word' id='word_1_168' title='bbox 313 1996 418 2032; x_wconf 86' lang='lat' dir='ltr'>Quare</span> <span class='ocrx_word' id='word_1_169' title='bbox 445 2006 464 2026; x_wconf 88' lang='lat' dir='ltr'>a</span> <span class='ocrx_word' id='word_1_170' title='bbox 489 1995 627 2026; x_wconf 78' lang='lat' dir='ltr'>Nasonis</span> <span class='ocrx_word' id='word_1_171' title='bbox 653 2005 747 2025; x_wconf 86' lang='lat' dir='ltr'>manu</span> <span class='ocrx_word' id='word_1_172' title='bbox 769 1994 877 2035; x_wconf 89' lang='lat' dir='ltr'>opinor</span> 
     </span>
     <span class='ocr_line' id='line_1_33' title="bbox 213 2054 303 2074; baseline -0.011 0"><span class='ocrx_word' id='word_1_173' title='bbox 213 2054 281 2074; x_wconf 87' lang='lat' dir='ltr'>esse</span> <span class='ocrx_word' id='word_1_174' title='bbox 297 2056 303 2073; x_wconf 88' lang='lat'><strong>:</strong></span> 
     </span>
     <span class='ocr_line' id='line_1_34' title="bbox 261 2093 877 2133; baseline -0.002 -11"><span class='ocrx_word' id='word_1_175' title='bbox 261 2094 353 2123; x_wconf 80' lang='lat' dir='ltr'>Molle</span> <span class='ocrx_word' id='word_1_176' title='bbox 379 2094 460 2129; x_wconf 70' lang='lat' dir='ltr'>milti,</span> <span class='ocrx_word' id='word_1_177' title='bbox 478 2094 643 2133; x_wconf 70' lang='lat' dir='ltr'>levibusque</span> <span class='ocrx_word' id='word_1_178' title='bbox 666 2103 715 2123; x_wconf 73' lang='lat' dir='ltr'>cor</span> <span class='ocrx_word' id='word_1_179' title='bbox 728 2098 769 2122; x_wconf 74' lang='lat' dir='ltr'>est</span> <span class='ocrx_word' id='word_1_180' title='bbox 786 2093 877 2121; x_wconf 53' lang='lat' dir='ltr'>‘riolu-</span> 
     </span>
     <span class='ocr_line' id='line_1_35' title="bbox 302 2143 449 2172; baseline 0.007 -1"><span class='ocrx_word' id='word_1_181' title='bbox 302 2144 359 2171; x_wconf 74' lang='lat' dir='ltr'>bile</span> <span class='ocrx_word' id='word_1_182' title='bbox 375 2143 449 2172; x_wconf 72' lang='lat' dir='ltr'>telis.</span> 
     </span>
     <span class='ocr_line' id='line_1_36' title="bbox 219 2190 880 2231; baseline -0.002 -11"><span class='ocrx_word' id='word_1_183' title='bbox 219 2190 288 2220; x_wconf 67' lang='lat' dir='ltr'>Nisi</span> <span class='ocrx_word' id='word_1_184' title='bbox 319 2190 388 2231; x_wconf 82' lang='lat' dir='ltr'>quis</span> <span class='ocrx_word' id='word_1_185' title='bbox 415 2191 536 2221; x_wconf 76' lang='lat' dir='ltr'>mavult</span> <span class='ocrx_word' id='word_1_186' title='bbox 563 2190 713 2221; x_wconf 82' lang='lat' dir='ltr'>accedere</span> <span class='ocrx_word' id='word_1_187' title='bbox 747 2190 880 2231; x_wconf 62' lang='lat' dir='ltr'>Mycillo</span> 
     </span>
     <span class='ocr_line' id='line_1_37' title="bbox 219 2245 404 2279; baseline -0.011 -9"><span class='ocrx_word' id='word_1_188' title='bbox 219 2245 385 2279; x_wconf 76' lang='lat' dir='ltr'>castigantl</span> <span class='ocrx_word' id='word_1_189' title='bbox 399 2251 404 2268; x_wconf 91' lang='lat'>:</span> 
     </span>
     <span class='ocr_line' id='line_1_38' title="bbox 265 2288 878 2328; baseline 0 -11"><span class='ocrx_word' id='word_1_190' title='bbox 265 2288 357 2318; x_wconf 82' lang='lat' dir='ltr'>Molle</span> <span class='ocrx_word' id='word_1_191' title='bbox 373 2299 467 2318; x_wconf 82' lang='lat' dir='ltr'>meum</span> <span class='ocrx_word' id='word_1_192' title='bbox 484 2289 648 2328; x_wconf 68' lang='lat' dir='ltr'>levibusque</span> <span class='ocrx_word' id='word_1_193' title='bbox 664 2300 714 2318; x_wconf 73' lang='lat' dir='ltr'>cur</span> <span class='ocrx_word' id='word_1_194' title='bbox 729 2294 766 2318; x_wconf 67' lang='lat' dir='ltr'>es!</span> <span class='ocrx_word' id='word_1_195' title='bbox 788 2289 878 2317; x_wconf 67' lang='lat' dir='ltr'>siolu-</span> 
     </span>
     <span class='ocr_line' id='line_1_39' title="bbox 307 2338 835 2368; baseline 0 -1"><span class='ocrx_word' id='word_1_196' title='bbox 307 2340 363 2368; x_wconf 71' lang='lat' dir='ltr'>mle</span> <span class='ocrx_word' id='word_1_197' title='bbox 380 2339 457 2368; x_wconf 75' lang='lat' dir='ltr'>telis.</span> <span class='ocrx_word' id='word_1_198' title='bbox 717 2338 835 2367; x_wconf 59' lang='lat' dir='ltr'>Ihzms.</span> 
     </span>
     <span class='ocr_line' id='line_1_40' title="bbox 222 2386 881 2428; baseline -0.003 -10"><span class='ocrx_word' id='word_1_199' title='bbox 222 2388 283 2418; x_wconf 87' lang='lat' dir='ltr'>Ubi</span> <span class='ocrx_word' id='word_1_200' title='bbox 300 2387 450 2428; x_wconf 82' lang='lat' dir='ltr'>Micyllus</span> <span class='ocrx_word' id='word_1_201' title='bbox 466 2388 509 2417; x_wconf 86' lang='lat' dir='ltr'>ita</span> <span class='ocrx_word' id='word_1_202' title='bbox 529 2386 671 2427; x_wconf 67' lang='lat' dir='ltr'>castiget,</span> <span class='ocrx_word' id='word_1_203' title='bbox 688 2387 802 2417; x_wconf 67' lang='lat' dir='ltr'>nescio.</span> <span class='ocrx_word' id='word_1_204' title='bbox 827 2387 881 2417; x_wconf 72' lang='lat' dir='ltr'>sed</span> 
     </span>
     <span class='ocr_line' id='line_1_41' title="bbox 221 2436 633 2467; baseline -0.002 0"><span class='ocrx_word' id='word_1_205' title='bbox 221 2437 251 2467; x_wconf 86' lang='lat' dir='ltr'>in</span> <span class='ocrx_word' id='word_1_206' title='bbox 269 2437 412 2467; x_wconf 83' lang='lat' dir='ltr'>Francos.</span> <span class='ocrx_word' id='word_1_207' title='bbox 428 2436 535 2466; x_wconf 81' lang='lat' dir='ltr'>codice</span> <span class='ocrx_word' id='word_1_208' title='bbox 550 2442 633 2466; x_wconf 82' lang='lat' dir='ltr'>erat:</span> 
     </span>
     <span class='ocr_line' id='line_1_42' title="bbox 266 2486 880 2525; baseline -0.002 -9"><span class='ocrx_word' id='word_1_209' title='bbox 266 2486 358 2516; x_wconf 74' lang='lat' dir='ltr'>Molle</span> <span class='ocrx_word' id='word_1_210' title='bbox 374 2497 466 2515; x_wconf 81' lang='lat' dir='ltr'>meum</span> <span class='ocrx_word' id='word_1_211' title='bbox 489 2487 653 2525; x_wconf 61' lang='lat' dir='ltr'>levibusque</span> <span class='ocrx_word' id='word_1_212' title='bbox 668 2497 717 2515; x_wconf 77' lang='lat' dir='ltr'>cor</span> <span class='ocrx_word' id='word_1_213' title='bbox 734 2491 772 2515; x_wconf 72' lang='lat' dir='ltr'>esi</span> <span class='ocrx_word' id='word_1_214' title='bbox 793 2487 880 2515; x_wconf 72' lang='lat' dir='ltr'>riola-</span> 
     </span>
     <span class='ocr_line' id='line_1_43' title="bbox 308 2537 456 2566; baseline 0 -1"><span class='ocrx_word' id='word_1_215' title='bbox 308 2538 364 2566; x_wconf 62' lang='lat' dir='ltr'>Izile</span> <span class='ocrx_word' id='word_1_216' title='bbox 379 2537 456 2566; x_wconf 75' lang='lat' dir='ltr'>[elis.</span> 
     </span>
     <span class='ocr_line' id='line_1_44' title="bbox 224 2583 773 2626; baseline -0.004 -10"><span class='ocrx_word' id='word_1_217' title='bbox 224 2586 268 2616; x_wconf 93' lang='lat' dir='ltr'>Ut</span> <span class='ocrx_word' id='word_1_218' title='bbox 283 2596 337 2615; x_wconf 89' lang='lat' dir='ltr'>nos</span> <span class='ocrx_word' id='word_1_219' title='bbox 348 2585 414 2626; x_wconf 84' lang='lat' dir='ltr'>jam</span> <span class='ocrx_word' id='word_1_220' title='bbox 429 2584 502 2615; x_wconf 87' lang='lat' dir='ltr'>olim</span> <span class='ocrx_word' id='word_1_221' title='bbox 519 2583 568 2614; x_wconf 88' lang='lat' dir='ltr'>edi</span> <span class='ocrx_word' id='word_1_222' title='bbox 585 2584 773 2614; x_wconf 80' lang='lat' dir='ltr'>curavimus.</span> 
     </span>
     <span class='ocr_line' id='line_1_45' title="bbox 265 2634 880 2665; baseline -0.003 0"><span class='ocrx_word' id='word_1_223' title='bbox 265 2636 317 2665; x_wconf 88' lang='grc'>83.</span> <span class='ocrx_word' id='word_1_224' title='bbox 342 2634 408 2664; x_wconf 70' lang='lat' dir='ltr'>Sive</span> <span class='ocrx_word' id='word_1_225' title='bbox 424 2636 533 2664; x_wconf 71' lang='lat' dir='ltr'>abeunt</span> <span class='ocrx_word' id='word_1_226' title='bbox 555 2635 656 2664; x_wconf 77' lang='lat' dir='ltr'>studia</span> <span class='ocrx_word' id='word_1_227' title='bbox 677 2635 707 2663; x_wconf 80' lang='lat' dir='ltr'>in</span> <span class='ocrx_word' id='word_1_228' title='bbox 722 2645 814 2663; x_wconf 52' lang='lat' dir='ltr'>‘suares</span> <span class='ocrx_word' id='word_1_229' title='bbox 828 2645 880 2665; x_wconf 81' lang='lat' dir='ltr'>ur-</span> 
     </span>
     <span class='ocr_line' id='line_1_46' title="bbox 223 2683 883 2724; baseline 0 -10"><span class='ocrx_word' id='word_1_230' title='bbox 223 2691 318 2724; x_wconf 73' lang='lat' dir='ltr'>lesque</span> <span class='ocrx_word' id='word_1_231' title='bbox 346 2683 533 2724; x_wconf 61' lang='lat' dir='ltr'>magistras]</span> <span class='ocrx_word' id='word_1_232' title='bbox 574 2683 729 2723; x_wconf 66' lang='lat' dir='ltr'>Magistra?</span> <span class='ocrx_word' id='word_1_233' title='bbox 758 2683 883 2714; x_wconf 87' lang='lat' dir='ltr'>omnino</span> 
     </span>
     <span class='ocr_line' id='line_1_47' title="bbox 222 2731 882 2764; baseline 0 0"><span class='ocrx_word' id='word_1_234' title='bbox 222 2732 433 2764; x_wconf 85' lang='lat' dir='ltr'>scribendum.</span> <span class='ocrx_word' id='word_1_235' title='bbox 481 2732 556 2763; x_wconf 85' lang='lat' dir='ltr'>Arte</span> <span class='ocrx_word' id='word_1_236' title='bbox 573 2732 648 2764; x_wconf 84' lang='lat' dir='ltr'>Ain.</span> <span class='ocrx_word' id='word_1_237' title='bbox 664 2732 721 2764; x_wconf 91' lang='lat' dir='ltr'>lib.</span> <span class='ocrx_word' id='word_1_238' title='bbox 739 2731 784 2763; x_wconf 88' lang='lat' dir='ltr'>iii.</span> <span class='ocrx_word' id='word_1_239' title='bbox 802 2743 882 2764; x_wconf 83' lang='lat' dir='ltr'>vers.</span> 
     </span>
    </p>
   </div>
   <div class='ocr_carea' id='block_1_10' title="bbox 224 2781 577 2824">
    <p class='ocr_par' dir='ltr' id='par_1_14' title="bbox 224 2781 577 2824">
     <span class='ocr_line' id='line_1_48' title="bbox 224 2781 577 2824; baseline -0.003 -11"><span class='ocrx_word' id='word_1_240' title='bbox 224 2784 298 2815; x_wconf 83' lang='lat'><strong><em>545.</em></strong></span> <span class='ocrx_word' id='word_1_241' title='bbox 322 2782 353 2813; x_wconf 91' lang='lat' dir='ltr'>id</span> <span class='ocrx_word' id='word_1_242' title='bbox 367 2781 468 2824; x_wconf 87' lang='lat' dir='ltr'>ipsum</span> <span class='ocrx_word' id='word_1_243' title='bbox 484 2781 577 2812; x_wconf 81' lang='lat' dir='ltr'>dixit:</span> 
     </span>
    </p>
   </div>
   <div class='ocr_carea' id='block_1_11' title="bbox 938 1153 1606 1786">
    <p class='ocr_par' dir='ltr' id='par_1_15' title="bbox 984 1153 1602 1240">
     <span class='ocr_line' id='line_1_49' title="bbox 984 1153 1602 1197; baseline -0.008 -10"><span class='ocrx_word' id='word_1_244' title='bbox 984 1157 1103 1188; x_wconf 83' lang='lat' dir='ltr'>Scilicet</span> <span class='ocrx_word' id='word_1_245' title='bbox 1132 1156 1288 1197; x_wconf 80' lang='lat' dir='ltr'>ingenium</span> <span class='ocrx_word' id='word_1_246' title='bbox 1311 1155 1432 1192; x_wconf 78' lang='lat' dir='ltr'>placida</span> <span class='ocrx_word' id='word_1_247' title='bbox 1462 1153 1602 1182; x_wconf 84' lang='lat' dir='ltr'>molimur</span> 
     </span>
     <span class='ocr_line' id='line_1_50' title="bbox 1069 1206 1196 1240; baseline -0.008 -5"><span class='ocrx_word' id='word_1_248' title='bbox 1069 1206 1104 1235; x_wconf 78' lang='lat' dir='ltr'>ab</span> <span class='ocrx_word' id='word_1_249' title='bbox 1120 1211 1196 1240; x_wconf 85' lang='lat' dir='ltr'>arte,</span> 
     </span>
    </p>

    <p class='ocr_par' dir='ltr' id='par_1_16' title="bbox 938 1252 1606 1786">
     <span class='ocr_line' id='line_1_51' title="bbox 1028 1252 1603 1284; baseline -0.009 0"><span class='ocrx_word' id='word_1_250' title='bbox 1028 1255 1069 1284; x_wconf 77' lang='lat' dir='ltr'>Et</span> <span class='ocrx_word' id='word_1_251' title='bbox 1081 1256 1179 1284; x_wconf 78' lang='lat' dir='ltr'>studio</span> <span class='ocrx_word' id='word_1_252' title='bbox 1193 1263 1285 1283; x_wconf 81' lang='lat' dir='ltr'>mores</span> <span class='ocrx_word' id='word_1_253' title='bbox 1296 1252 1505 1282; x_wconf 74' lang='lat' dir='ltr'>convenienter</span> <span class='ocrx_word' id='word_1_254' title='bbox 1519 1256 1603 1280; x_wconf 81' lang='lat' dir='ltr'>eunt.</span> 
     </span>
     <span class='ocr_line' id='line_1_52' title="bbox 944 1301 1604 1343; baseline -0.009 -8"><span class='ocrx_word' id='word_1_255' title='bbox 944 1304 1054 1334; x_wconf 82' lang='lat' dir='ltr'>Posset</span> <span class='ocrx_word' id='word_1_256' title='bbox 1076 1309 1182 1334; x_wconf 84' lang='lat' dir='ltr'>tamen</span> <span class='ocrx_word' id='word_1_257' title='bbox 1197 1307 1229 1333; x_wconf 88' lang='lat' dir='ltr'>et</span> <span class='ocrx_word' id='word_1_258' title='bbox 1244 1301 1319 1343; x_wconf 81' lang='lat' dir='ltr'>legi,</span> <span class='ocrx_word' id='word_1_259' title='bbox 1343 1302 1474 1340; x_wconf 79' lang='lat' dir='ltr'>artisque</span> <span class='ocrx_word' id='word_1_260' title='bbox 1495 1301 1604 1341; x_wconf 75' lang='lat' dir='ltr'>magis-</span> 
     </span>
     <span class='ocr_line' id='line_1_53' title="bbox 942 1350 1603 1391; baseline -0.008 -6"><span class='ocrx_word' id='word_1_261' title='bbox 942 1361 1002 1391; x_wconf 82' lang='lat' dir='ltr'>tra,</span> <span class='ocrx_word' id='word_1_262' title='bbox 1027 1359 1062 1385; x_wconf 89' lang='lat' dir='ltr'>ut</span> <span class='ocrx_word' id='word_1_263' title='bbox 1085 1354 1125 1385; x_wconf 81' lang='lat' dir='ltr'>ad</span> <span class='ocrx_word' id='word_1_264' title='bbox 1145 1353 1289 1384; x_wconf 86' lang='lat' dir='ltr'>Thaliam</span> <span class='ocrx_word' id='word_1_265' title='bbox 1313 1352 1473 1383; x_wconf 80' lang='lat' dir='ltr'>referatur.</span> <span class='ocrx_word' id='word_1_266' title='bbox 1496 1350 1603 1380; x_wconf 66' lang='lat' dir='ltr'>Ham-</span> 
     </span>
     <span class='ocr_line' id='line_1_54' title="bbox 942 1401 1601 1441; baseline -0.009 -6"><span class='ocrx_word' id='word_1_267' title='bbox 942 1416 1024 1435; x_wconf 73' lang='lat' dir='ltr'>srus.</span> <span class='ocrx_word' id='word_1_268' title='bbox 1063 1401 1182 1434; x_wconf 87' lang='lat' dir='ltr'>Durius</span> <span class='ocrx_word' id='word_1_269' title='bbox 1195 1402 1275 1433; x_wconf 89' lang='lat' dir='ltr'>illud</span> <span class='ocrx_word' id='word_1_270' title='bbox 1289 1408 1424 1441; x_wconf 77' lang='lat' dir='ltr'>artesque</span> <span class='ocrx_word' id='word_1_271' title='bbox 1438 1401 1601 1441; x_wconf 61' lang='lat' dir='ltr'>magistrer,</span> 
     </span>
     <span class='ocr_line' id='line_1_55' title="bbox 940 1448 1601 1492; baseline -0.008 -8"><span class='ocrx_word' id='word_1_272' title='bbox 940 1453 1072 1489; x_wconf 85' lang='lat' dir='ltr'>scilicet,</span> <span class='ocrx_word' id='word_1_273' title='bbox 1088 1458 1169 1488; x_wconf 79' lang='lat' dir='ltr'>sunt,</span> <span class='ocrx_word' id='word_1_274' title='bbox 1186 1452 1235 1482; x_wconf 85' lang='lat' dir='ltr'>vel</span> <span class='ocrx_word' id='word_1_275' title='bbox 1251 1452 1359 1492; x_wconf 65' lang='lat' dir='ltr'>fimf,-</span> <span class='ocrx_word' id='word_1_276' title='bbox 1384 1460 1441 1480; x_wconf 79' lang='lat' dir='ltr'>nec</span> <span class='ocrx_word' id='word_1_277' title='bbox 1464 1448 1601 1485; x_wconf 60' lang='lat' dir='ltr'>molliuS„</span> 
     </span>
     <span class='ocr_line' id='line_1_56' title="bbox 942 1501 1603 1545; baseline -0.009 -11"><span class='ocrx_word' id='word_1_278' title='bbox 942 1503 1024 1544; x_wconf 83' lang='lat' dir='ltr'>quod</span> <span class='ocrx_word' id='word_1_279' title='bbox 1047 1501 1208 1545; x_wconf 80' lang='lat' dir='ltr'>Crispinus</span> <span class='ocrx_word' id='word_1_280' title='bbox 1235 1501 1359 1537; x_wconf 83' lang='lat' dir='ltr'>retinet,</span> <span class='ocrx_word' id='word_1_281' title='bbox 1381 1506 1516 1540; x_wconf 79' lang='lat' dir='ltr'>artesque</span> <span class='ocrx_word' id='word_1_282' title='bbox 1541 1510 1603 1528; x_wconf 85' lang='lat' dir='ltr'>ma-</span> 
     </span>
     <span class='ocr_line' id='line_1_57' title="bbox 939 1549 1603 1594; baseline -0.008 -11"><span class='ocrx_word' id='word_1_283' title='bbox 939 1555 1072 1594; x_wconf 76' lang='lat' dir='ltr'>gistrus;</span> <span class='ocrx_word' id='word_1_284' title='bbox 1098 1563 1138 1583; x_wconf 84' lang='lat' dir='ltr'>an</span> <span class='ocrx_word' id='word_1_285' title='bbox 1160 1553 1261 1582; x_wconf 79' lang='lat' dir='ltr'>studia</span> <span class='ocrx_word' id='word_1_286' title='bbox 1277 1552 1385 1581; x_wconf 75' lang='lat' dir='ltr'>abeunt</span> <span class='ocrx_word' id='word_1_287' title='bbox 1402 1549 1434 1580; x_wconf 86' lang='lat' dir='ltr'>in</span> <span class='ocrx_word' id='word_1_288' title='bbox 1449 1555 1528 1579; x_wconf 70' lang='lat' dir='ltr'>artes</span> <span class='ocrx_word' id='word_1_289' title='bbox 1542 1560 1603 1578; x_wconf 83' lang='lat' dir='ltr'>ma-</span> 
     </span>
     <span class='ocr_line' id='line_1_58' title="bbox 938 1599 1606 1643; baseline -0.006 -12"><span class='ocrx_word' id='word_1_290' title='bbox 938 1604 1061 1643; x_wconf 67' lang='lat' dir='ltr'>gistras,</span> <span class='ocrx_word' id='word_1_291' title='bbox 1088 1600 1121 1632; x_wconf 85' lang='lat' dir='ltr'>id</span> <span class='ocrx_word' id='word_1_292' title='bbox 1147 1606 1194 1631; x_wconf 87' lang='lat' dir='ltr'>est</span> <span class='ocrx_word' id='word_1_293' title='bbox 1219 1606 1300 1630; x_wconf 87' lang='lat' dir='ltr'>artes</span> <span class='ocrx_word' id='word_1_294' title='bbox 1315 1600 1431 1629; x_wconf 85' lang='lat' dir='ltr'>abeunt</span> <span class='ocrx_word' id='word_1_295' title='bbox 1452 1599 1484 1628; x_wconf 87' lang='lat' dir='ltr'>in</span> <span class='ocrx_word' id='word_1_296' title='bbox 1500 1599 1606 1628; x_wconf 83' lang='lat' dir='ltr'>artes?</span> 
     </span>
     <span class='ocr_line' id='line_1_59' title="bbox 942 1647 1605 1692; baseline -0.008 -11"><span class='ocrx_word' id='word_1_297' title='bbox 942 1651 989 1681; x_wconf 86' lang='lat' dir='ltr'>vel</span> <span class='ocrx_word' id='word_1_298' title='bbox 1007 1662 1069 1692; x_wconf 82' lang='lat' dir='ltr'>quo</span> <span class='ocrx_word' id='word_1_299' title='bbox 1091 1662 1183 1681; x_wconf 87' lang='lat' dir='ltr'>sensu</span> <span class='ocrx_word' id='word_1_300' title='bbox 1198 1649 1265 1679; x_wconf 74' lang='lat' dir='ltr'>haec</span> <span class='ocrx_word' id='word_1_301' title='bbox 1290 1648 1445 1690; x_wconf 83' lang='lat' dir='ltr'>capienda</span> <span class='ocrx_word' id='word_1_302' title='bbox 1459 1648 1520 1678; x_wconf 87' lang='lat' dir='ltr'>sint</span> <span class='ocrx_word' id='word_1_303' title='bbox 1540 1647 1605 1677; x_wconf 89' lang='lat' dir='ltr'>vel-</span> 
     </span>
     <span class='ocr_line' id='line_1_60' title="bbox 941 1696 1605 1738; baseline -0.005 -8"><span class='ocrx_word' id='word_1_304' title='bbox 941 1701 1003 1731; x_wconf 88' lang='lat' dir='ltr'>lem</span> <span class='ocrx_word' id='word_1_305' title='bbox 1021 1700 1198 1731; x_wconf 82' lang='lat' dir='ltr'>docuissent</span> <span class='ocrx_word' id='word_1_306' title='bbox 1212 1698 1269 1729; x_wconf 91' lang='lat' dir='ltr'>viri</span> <span class='ocrx_word' id='word_1_307' title='bbox 1294 1697 1391 1728; x_wconf 87' lang='lat' dir='ltr'>docti.</span> <span class='ocrx_word' id='word_1_308' title='bbox 1438 1698 1505 1738; x_wconf 82' lang='lat' dir='ltr'>Ego</span> <span class='ocrx_word' id='word_1_309' title='bbox 1527 1696 1605 1727; x_wconf 83' lang='lat' dir='ltr'>mal-</span> 
     </span>
     <span class='ocr_line' id='line_1_61' title="bbox 942 1750 1014 1786; baseline -0.014 -6"><span class='ocrx_word' id='word_1_310' title='bbox 942 1750 1014 1786; x_wconf 79' lang='lat' dir='ltr'>lem,</span> 
     </span>
    </p>
   </div>
   <div class='ocr_carea' id='block_1_12' title="bbox 1028 1816 1199 1820">
    <p class='ocr_par' dir='ltr' id='par_1_17' title="bbox 1028 1816 1199 1820">
     <span class='ocr_line' id='line_1_62' title="bbox 1028 1816 1199 1820; baseline 0 0"><span class='ocrx_word' id='word_1_311' title='bbox 1028 1816 1199 1820; x_wconf 95' lang='lat' dir='ltr'> </span> 
     </span>
    </p>
   </div>
   <div class='ocr_carea' id='block_1_13' title="bbox 945 1798 1609 2322">
    <p class='ocr_par' dir='ltr' id='par_1_18' title="bbox 945 1798 1608 2032">
     <span class='ocr_line' id='line_1_63' title="bbox 1202 1798 1498 1838; baseline -0.003 -11"><span class='ocrx_word' id='word_1_312' title='bbox 1202 1798 1340 1836; x_wconf 70' lang='lat' dir='ltr'>Artisque</span> <span class='ocrx_word' id='word_1_313' title='bbox 1354 1798 1498 1838; x_wconf 74' lang='lat' dir='ltr'>magistra</span> 
     </span>
     <span class='ocr_line' id='line_1_64' title="bbox 988 1845 1567 1889; baseline -0.005 -12"><span class='ocrx_word' id='word_1_314' title='bbox 988 1848 1149 1889; x_wconf 73' lang='lat' dir='ltr'>Iugenium</span> <span class='ocrx_word' id='word_1_315' title='bbox 1159 1848 1237 1877; x_wconf 79' lang='lat' dir='ltr'>uobis</span> <span class='ocrx_word' id='word_1_316' title='bbox 1252 1847 1338 1875; x_wconf 73' lang='lat' dir='ltr'>molle</span> <span class='ocrx_word' id='word_1_317' title='bbox 1357 1845 1461 1875; x_wconf 75' lang='lat' dir='ltr'>Thalia</span> <span class='ocrx_word' id='word_1_318' title='bbox 1469 1845 1567 1886; x_wconf 76' lang='lat' dir='ltr'>j&#39;czcit.</span> 
     </span>
     <span class='ocr_line' id='line_1_65' title="bbox 946 1895 1606 1937; baseline -0.006 -9"><span class='ocrx_word' id='word_1_319' title='bbox 946 1899 989 1929; x_wconf 91' lang='lat' dir='ltr'>Ut</span> <span class='ocrx_word' id='word_1_320' title='bbox 1003 1897 1146 1928; x_wconf 81' lang='lat' dir='ltr'>Thaliam</span> <span class='ocrx_word' id='word_1_321' title='bbox 1161 1896 1341 1937; x_wconf 83' lang='lat' dir='ltr'>magistram</span> <span class='ocrx_word' id='word_1_322' title='bbox 1361 1900 1463 1929; x_wconf 76' lang='lat' dir='ltr'>vocet,</span> <span class='ocrx_word' id='word_1_323' title='bbox 1481 1895 1606 1935; x_wconf 85' lang='lat' dir='ltr'>elegan-</span> 
     </span>
     <span class='ocr_line' id='line_1_66' title="bbox 945 1943 1602 1988; baseline -0.008 -10"><span class='ocrx_word' id='word_1_324' title='bbox 945 1947 1073 1983; x_wconf 80' lang='lat' dir='ltr'>tissime,</span> <span class='ocrx_word' id='word_1_325' title='bbox 1094 1957 1162 1988; x_wconf 81' lang='lat' dir='ltr'>quae</span> <span class='ocrx_word' id='word_1_326' title='bbox 1179 1957 1239 1976; x_wconf 91' lang='lat' dir='ltr'>non</span> <span class='ocrx_word' id='word_1_327' title='bbox 1259 1945 1350 1975; x_wconf 81' lang='lat' dir='ltr'>modo</span> <span class='ocrx_word' id='word_1_328' title='bbox 1374 1944 1534 1975; x_wconf 69' lang='lat' dir='ltr'>Poeticam</span> <span class='ocrx_word' id='word_1_329' title='bbox 1556 1943 1602 1985; x_wconf 89' lang='lat' dir='ltr'>ip—</span> 
     </span>
     <span class='ocr_line' id='line_1_67' title="bbox 945 1994 1608 2032; baseline -0.008 -4"><span class='ocrx_word' id='word_1_330' title='bbox 945 2008 1010 2028; x_wconf 84' lang='lat' dir='ltr'>sam</span> <span class='ocrx_word' id='word_1_331' title='bbox 1026 1996 1142 2032; x_wconf 84' lang='lat' dir='ltr'>docuit,</span> <span class='ocrx_word' id='word_1_332' title='bbox 1158 1995 1212 2026; x_wconf 87' lang='lat' dir='ltr'>sed</span> <span class='ocrx_word' id='word_1_333' title='bbox 1228 2001 1258 2025; x_wconf 84' lang='lat' dir='ltr'>et</span> <span class='ocrx_word' id='word_1_334' title='bbox 1279 1994 1421 2025; x_wconf 81' lang='lat' dir='ltr'>formavit</span> <span class='ocrx_word' id='word_1_335' title='bbox 1443 2003 1556 2024; x_wconf 83' lang='lat' dir='ltr'>mores.</span> <span class='ocrx_word' id='word_1_336' title='bbox 1572 1998 1608 2024; x_wconf 88' lang='lat' dir='ltr'>ut</span> 
     </span>
    </p>

    <p class='ocr_par' dir='ltr' id='par_1_19' title="bbox 946 2045 1609 2322">
     <span class='ocr_line' id='line_1_68' title="bbox 946 2045 1263 2076; baseline -0.006 0"><span class='ocrx_word' id='word_1_337' title='bbox 946 2046 990 2076; x_wconf 87' lang='lat' dir='ltr'>iii.</span> <span class='ocrx_word' id='word_1_338' title='bbox 1009 2046 1079 2076; x_wconf 70' lang='lat' dir='ltr'>Art.</span> <span class='ocrx_word' id='word_1_339' title='bbox 1095 2045 1169 2075; x_wconf 76' lang='lat' dir='ltr'>Am.</span> <span class='ocrx_word' id='word_1_340' title='bbox 1187 2045 1263 2075; x_wconf 82' lang='lat'>540.</span> 
     </span>
     <span class='ocr_line' id='line_1_69' title="bbox 992 2095 1609 2136; baseline -0.006 -11"><span class='ocrx_word' id='word_1_341' title='bbox 992 2095 1122 2136; x_wconf 71' lang='lat' dir='ltr'>Etfucit</span> <span class='ocrx_word' id='word_1_342' title='bbox 1138 2095 1177 2123; x_wconf 81' lang='lat' dir='ltr'>ad</span> <span class='ocrx_word' id='word_1_343' title='bbox 1199 2104 1291 2123; x_wconf 77' lang='lat' dir='ltr'>mores</span> <span class='ocrx_word' id='word_1_344' title='bbox 1313 2103 1362 2122; x_wconf 84' lang='lat' dir='ltr'>ars</span> <span class='ocrx_word' id='word_1_345' title='bbox 1381 2103 1492 2132; x_wconf 75' lang='lat' dir='ltr'>quoque</span> <span class='ocrx_word' id='word_1_346' title='bbox 1507 2097 1609 2121; x_wconf 73' lang='lat' dir='ltr'>nostra</span> 
     </span>
     <span class='ocr_line' id='line_1_70' title="bbox 1034 2155 1110 2174; baseline -0.013 0"><span class='ocrx_word' id='word_1_347' title='bbox 1034 2155 1110 2174; x_wconf 72' lang='lat' dir='ltr'><em>SUOS·</em></span> 
     </span>
     <span class='ocr_line' id='line_1_71' title="bbox 947 2191 1609 2233; baseline -0.008 -9"><span class='ocrx_word' id='word_1_348' title='bbox 947 2195 988 2224; x_wconf 82' lang='lat' dir='ltr'>Et</span> <span class='ocrx_word' id='word_1_349' title='bbox 1012 2204 1102 2233; x_wconf 83' lang='lat' dir='ltr'>seqq.</span> <span class='ocrx_word' id='word_1_350' title='bbox 1128 2192 1173 2222; x_wconf 84' lang='lat' dir='ltr'>ita</span> <span class='ocrx_word' id='word_1_351' title='bbox 1202 2192 1307 2221; x_wconf 68' lang='lat' dir='ltr'>Po&#39;ctae</span> <span class='ocrx_word' id='word_1_352' title='bbox 1333 2201 1416 2231; x_wconf 74' lang='lat' dir='ltr'>saepe</span> <span class='ocrx_word' id='word_1_353' title='bbox 1445 2191 1555 2220; x_wconf 85' lang='lat' dir='ltr'>Musas</span> <span class='ocrx_word' id='word_1_354' title='bbox 1578 2195 1609 2220; x_wconf 86' lang='lat' dir='ltr'>et</span> 
     </span>
     <span class='ocr_line' id='line_1_72' title="bbox 949 2240 1609 2280; baseline -0.009 -7"><span class='ocrx_word' id='word_1_355' title='bbox 949 2243 1026 2273; x_wconf 85' lang='lat' dir='ltr'>alios</span> <span class='ocrx_word' id='word_1_356' title='bbox 1050 2242 1134 2271; x_wconf 85' lang='lat' dir='ltr'>Deos</span> <span class='ocrx_word' id='word_1_357' title='bbox 1157 2240 1320 2280; x_wconf 82' lang='lat' dir='ltr'>magistros</span> <span class='ocrx_word' id='word_1_358' title='bbox 1341 2250 1411 2269; x_wconf 83' lang='lat' dir='ltr'>suos</span> <span class='ocrx_word' id='word_1_359' title='bbox 1433 2245 1558 2270; x_wconf 82' lang='lat' dir='ltr'>vocant.</span> <span class='ocrx_word' id='word_1_360' title='bbox 1577 2244 1609 2268; x_wconf 83' lang='lat' dir='ltr'>et</span> 
     </span>
     <span class='ocr_line' id='line_1_73' title="bbox 949 2288 1365 2322; baseline -0.007 -1"><span class='ocrx_word' id='word_1_361' title='bbox 949 2291 1019 2322; x_wconf 88' lang='lat' dir='ltr'>hinc</span> <span class='ocrx_word' id='word_1_362' title='bbox 1036 2290 1143 2320; x_wconf 82' lang='lat' dir='ltr'>Horat.</span> <span class='ocrx_word' id='word_1_363' title='bbox 1159 2289 1180 2319; x_wconf 92' lang='lat' dir='ltr'>i.</span> <span class='ocrx_word' id='word_1_364' title='bbox 1200 2289 1263 2319; x_wconf 86' lang='lat' dir='ltr'>Od.</span> <span class='ocrx_word' id='word_1_365' title='bbox 1281 2288 1365 2318; x_wconf 81' lang='lat' dir='ltr'>xxiv.</span> 
     </span>
    </p>
   </div>
   <div class='ocr_carea' id='block_1_14' title="bbox 1034 2356 1205 2362">
    <p class='ocr_par' dir='ltr' id='par_1_20' title="bbox 1034 2356 1205 2362">
     <span class='ocr_line' id='line_1_74' title="bbox 1034 2356 1205 2362; baseline 0 0"><span class='ocrx_word' id='word_1_366' title='bbox 1034 2356 1205 2362; x_wconf 95' lang='lat' dir='ltr'> </span> 
     </span>
    </p>
   </div>
   <div class='ocr_carea' id='block_1_15' title="bbox 950 2338 1610 2763">
    <p class='ocr_par' dir='ltr' id='par_1_21' title="bbox 995 2338 1497 2427">
     <span class='ocr_line' id='line_1_75' title="bbox 1210 2338 1497 2377; baseline -0.003 -10"><span class='ocrx_word' id='word_1_367' title='bbox 1210 2338 1341 2377; x_wconf 73' lang='lat' dir='ltr'>Praecipc</span> <span class='ocrx_word' id='word_1_368' title='bbox 1358 2338 1497 2377; x_wconf 65' lang='lat' dir='ltr'>lugubres</span> 
     </span>
     <span class='ocr_line' id='line_1_76' title="bbox 995 2388 1321 2427; baseline -0.006 -9"><span class='ocrx_word' id='word_1_369' title='bbox 995 2389 1110 2418; x_wconf 77' lang='lat' dir='ltr'>Cautus</span> <span class='ocrx_word' id='word_1_370' title='bbox 1127 2388 1321 2427; x_wconf 65' lang='lat' dir='ltr'>sslclpomeue.</span> 
     </span>
    </p>

    <p class='ocr_par' dir='ltr' id='par_1_22' title="bbox 951 2433 1610 2468">
     <span class='ocr_line' id='line_1_77' title="bbox 951 2433 1610 2468; baseline -0.005 -2"><span class='ocrx_word' id='word_1_371' title='bbox 951 2438 1001 2468; x_wconf 80' lang='lat' dir='ltr'>Ita</span> <span class='ocrx_word' id='word_1_372' title='bbox 1014 2437 1175 2467; x_wconf 79' lang='lat' dir='ltr'>Bacchum</span> <span class='ocrx_word' id='word_1_373' title='bbox 1190 2436 1353 2466; x_wconf 79' lang='lat' dir='ltr'>docentem</span> <span class='ocrx_word' id='word_1_374' title='bbox 1377 2435 1515 2465; x_wconf 77' lang='lat' dir='ltr'>carmina</span> <span class='ocrx_word' id='word_1_375' title='bbox 1533 2433 1610 2465; x_wconf 81' lang='lat' dir='ltr'>vidit</span> 
     </span>
    </p>

    <p class='ocr_par' dir='ltr' id='par_1_23' title="bbox 950 2484 1608 2517">
     <span class='ocr_line' id='line_1_78' title="bbox 950 2484 1608 2517; baseline -0.008 0"><span class='ocrx_word' id='word_1_376' title='bbox 950 2487 1034 2517; x_wconf 85' lang='lat' dir='ltr'>idem</span> <span class='ocrx_word' id='word_1_377' title='bbox 1050 2487 1147 2516; x_wconf 50' lang='lat' dir='ltr'>Poeta</span> <span class='ocrx_word' id='word_1_378' title='bbox 1162 2485 1193 2516; x_wconf 90' lang='lat' dir='ltr'>ii.</span> <span class='ocrx_word' id='word_1_379' title='bbox 1219 2485 1282 2515; x_wconf 81' lang='lat' dir='ltr'>Od.</span> <span class='ocrx_word' id='word_1_380' title='bbox 1296 2485 1358 2515; x_wconf 77' lang='lat' dir='ltr'>xix.</span> <span class='ocrx_word' id='word_1_381' title='bbox 1374 2489 1405 2514; x_wconf 77' lang='lat' dir='ltr'>et</span> <span class='ocrx_word' id='word_1_382' title='bbox 1420 2484 1533 2514; x_wconf 84' lang='lat' dir='ltr'>Noster</span> <span class='ocrx_word' id='word_1_383' title='bbox 1545 2485 1608 2513; x_wconf 78' lang='lat' dir='ltr'>‹lie-</span> 
     </span>
    </p>

    <p class='ocr_par' dir='ltr' id='par_1_24' title="bbox 951 2531 1609 2575">
     <span class='ocr_line' id='line_1_79' title="bbox 951 2531 1609 2575; baseline -0.008 -9"><span class='ocrx_word' id='word_1_384' title='bbox 951 2542 1063 2566; x_wconf 77' lang='lat' dir='ltr'>tautem</span> <span class='ocrx_word' id='word_1_385' title='bbox 1086 2537 1221 2565; x_wconf 74' lang='lat' dir='ltr'>carmina</span> <span class='ocrx_word' id='word_1_386' title='bbox 1247 2533 1435 2575; x_wconf 79' lang='lat' dir='ltr'>Cupidinem</span> <span class='ocrx_word' id='word_1_387' title='bbox 1458 2543 1539 2574; x_wconf 83' lang='lat' dir='ltr'>saepe</span> <span class='ocrx_word' id='word_1_388' title='bbox 1563 2531 1609 2562; x_wconf 88' lang='lat' dir='ltr'>in-</span> 
     </span>
    </p>

    <p class='ocr_par' dir='ltr' id='par_1_25' title="bbox 950 2581 1608 2674">
     <span class='ocr_line' id='line_1_80' title="bbox 950 2581 1557 2625; baseline -0.01 -9"><span class='ocrx_word' id='word_1_389' title='bbox 950 2585 1050 2616; x_wconf 88' lang='lat' dir='ltr'>ducit.</span> <span class='ocrx_word' id='word_1_390' title='bbox 1067 2589 1097 2615; x_wconf 86' lang='lat' dir='ltr'>et</span> <span class='ocrx_word' id='word_1_391' title='bbox 1112 2584 1217 2625; x_wconf 88' lang='lat' dir='ltr'>paullo</span> <span class='ocrx_word' id='word_1_392' title='bbox 1233 2588 1303 2613; x_wconf 86' lang='lat' dir='ltr'>ante</span> <span class='ocrx_word' id='word_1_393' title='bbox 1320 2582 1445 2624; x_wconf 84' lang='lat' dir='ltr'>Sappho</span> <span class='ocrx_word' id='word_1_394' title='bbox 1460 2581 1557 2611; x_wconf 85' lang='lat' dir='ltr'>dixit:</span> 
     </span>
     <span class='ocr_line' id='line_1_81' title="bbox 994 2633 1608 2674; baseline -0.01 -9"><span class='ocrx_word' id='word_1_395' title='bbox 994 2635 1035 2665; x_wconf 74' lang='lat' dir='ltr'>At</span> <span class='ocrx_word' id='word_1_396' title='bbox 1056 2635 1127 2664; x_wconf 77' lang='lat' dir='ltr'>mihi</span> <span class='ocrx_word' id='word_1_397' title='bbox 1155 2634 1314 2674; x_wconf 69' lang='lat' dir='ltr'>Pegasides</span> <span class='ocrx_word' id='word_1_398' title='bbox 1337 2633 1526 2663; x_wconf 79' lang='lat' dir='ltr'>blandissima</span> <span class='ocrx_word' id='word_1_399' title='bbox 1541 2641 1608 2661; x_wconf 76' lang='lat' dir='ltr'>cur-</span> 
     </span>
    </p>

    <p class='ocr_par' dir='ltr' id='par_1_26' title="bbox 951 2684 1352 2763">
     <span class='ocr_line' id='line_1_82' title="bbox 1037 2684 1261 2713; baseline -0.004 0"><span class='ocrx_word' id='word_1_400' title='bbox 1037 2684 1117 2713; x_wconf 77' lang='lat' dir='ltr'>minu</span> <span class='ocrx_word' id='word_1_401' title='bbox 1134 2684 1261 2713; x_wconf 77' lang='lat' dir='ltr'>dictant.</span> 
     </span>
     <span class='ocr_line' id='line_1_83' title="bbox 951 2731 1352 2763; baseline -0.007 0"><span class='ocrx_word' id='word_1_402' title='bbox 951 2732 992 2763; x_wconf 86' lang='lat' dir='ltr'>Et</span> <span class='ocrx_word' id='word_1_403' title='bbox 1007 2731 1050 2763; x_wconf 82' lang='lat' dir='ltr'>ita</span> <span class='ocrx_word' id='word_1_404' title='bbox 1066 2731 1188 2763; x_wconf 87' lang='lat' dir='ltr'>millies.</span> <span class='ocrx_word' id='word_1_405' title='bbox 1234 2731 1352 2762; x_wconf 63' lang='lat' dir='ltr'>Bonna.</span> 
     </span>
    </p>
   </div>
  </div>
 </body>
</html>
