1849 3198
668 189 1014 230 HEROIDES.
1049 189 1141 230 ΕΡ.
1176 189 1294 230 ΧΧ.

287 305 390 351 Cur
415 306 562 352 modo
588 313 636 352 te
661 305 865 351 dubiam
894 304 1059 366 pavidi
1084 304 1264 351 flevere
1290 313 1538 368 parentes,

353 381 558 443 Ignaros
584 383 742 445 culpae
769 398 894 444 quos
921 381 1040 427 facis
1067 397 1177 427 esse
1202 382 1336 428 tuae?

1577 386 1675 428 200

285 457 351 504 Et
376 474 463 505 cur
487 459 750 521 ignorent?
788 459 931 505 matri
957 459 1074 505 licet
1098 459 1264 505 onmia
1287 475 1482 515 narres3

353 534 438 581 Nil
461 542 562 590 tua,
593 535 844 598 Cydippe,
865 535 997 581 facta
1021 534 1213 580 ruboris
1239 535 1440 582 habent.

286 611 474 659 Ordine
499 612 576 659 fac
602 611 801 668 referas,
829 618 884 658 ut
909 612 976 658 sis
1002 611 1122 658 mihi
1148 612 1350 673 cognita
1373 612 1606 675 primum,

353 688 507 735 Sacra
531 689 828 752 pharetratae
853 689 972 735 dum
996 687 1118 734 facis
1143 688 1254 751 ipsa
1280 687 1418 735 Deae.

288 765 373 821 Ut,
399 774 450 813 te
475 767 764 830 conspecta,
793 766 959 813 subito
985 766 1049 828 (si
1074 764 1199 812 forte
1225 765 1430 825 notasti)

1579 767 1676 811 205

353 842 643 890 Restiterim
667 842 781 889 fixis
806 843 856 889 in
880 850 967 890 tua
990 843 1215 891 membra
1239 842 1408 904 genis:

288 918 373 974 Ut,
400 926 450 966 te
474 919 595 966 dum
619 920 827 967 nimium
851 920 1016 976 miror,
1044 921 1185 982 (nota
1209 926 1347 967 certa
1369 917 1570 979 furoris)

353 995 646 1044 Deciderint
669 997 874 1045 humero
899 997 1050 1060 pallia
1072 997 1214 1060 lapsa
1236 1012 1364 1043 meo.

285 1071 557 1121 Postmodo
583 1075 751 1122 nescio
778 1076 880 1138 qua
905 1074 1101 1122 venisse
1125 1074 1342 1121 volubile
1367 1072 1568 1127 malum,

353 1149 520 1198 Verba
543 1151 706 1199 ferens
731 1152 893 1199 doctis
919 1152 1156 1199 insidiosa
1180 1151 1326 1198 notis.

284 1299 469 1339 corrigebat,
485 1302 584 1331 Amin
598 1312 652 1340 pro
668 1303 729 1331 rita
744 1309 866 1341 pectora
882 1314 946 1332 uus-

285 1354 332 1378 tra
356 1354 419 1378 cua.
464 1349 543 1379 Sunt
558 1352 619 1380 vitu
640 1357 761 1389 pectora
779 1357 876 1381 nostra
895 1358 946 1381 ίιια

286 1396 447 1428 Leidensis
463 1405 494 1429 et
509 1399 687 1430 Bernensis,
711 1400 764 1431 sed
776 1402 867 1431 amia
883 1403 948 1432 rita’

284 1445 444 1487 eleganter
464 1447 590 1478 dicitur.
613 1447 657 1479 ita
677 1448 799 1480 Plinius
819 1449 876 1480 lib.
894 1461 946 1480 xv.

288 1496 338 1526 18.
385 1497 503 1527 Eunu.

334 1547 406 1577 199.
443 1547 482 1577 Te
507 1547 656 1588 dubiam]
701 1548 740 1578 Te
768 1549 852 1579 dubii
882 1548 948 1579 edi-

285 1594 384 1625 tiones
401 1595 523 1637 priscae.
543 1602 574 1627 et
598 1596 719 1637 Regius
743 1608 814 1628 cum
838 1608 948 1628 novem

285 1644 459 1676 codicibus.
485 1646 567 1676 male
592 1651 711 1676 tamen.
739 1649 847 1677 dubius
866 1658 950 1688 aeger

285 1693 409 1731 (licitur,
426 1695 501 1736 quia
523 1695 590 1737 ejus
614 1695 698 1726 salus
721 1696 753 1727 in
777 1696 871 1728 dubio
888 1703 947 1728 est.

286 1750 320 1774 ut
343 1744 443 1786 Epist.
466 1756 532 1786 seq.
548 1746 601 1775 31.
626 1747 744 1776 incerta
766 1747 885 1777 salutis.
901 1746 947 1776 iii.

286 1794 380 1824 Pont.
397 1794 438 1825 iv.
453 1796 485 1825 8.

329 1845 378 1873 Ad
405 1846 545 1874 medicum
575 1845 682 1874 dubius
707 1844 846 1886 confugit
872 1856 949 1885 teger

371 1903 462 1931 opem.

286 1940 326 1971 Et
341 1940 385 1971 ita
399 1942 494 1971 duhiae
510 1946 588 1970 rates
603 1940 728 1971 Nostro.
745 1940 778 1971 ii.
791 1941 860 1971 Art.
875 1942 948 1972 514.

287 1990 405 2021 Brun.

330 2040 405 2069 204.
442 2040 534 2070 Sacra
562 2039 743 2078 pharetram
773 2041 844 2069 dnm
863 2039 950 2080 fitcis

287 2090 348 2128 ipsa
377 2088 474 2128 Deae.]
502 2088 546 2118 Τὸ
574 2090 633 2126 ipsa
659 2087 790 2117 otiosum
815 2098 886 2118 cum
910 2089 951 2132 ³⁷³3

287 2136 345 2168 hoc
361 2137 440 2173 loco,
456 2137 507 2167 vix
531 2136 669 2167 dubitem
686 2136 836 2166 Ovidium
851 2137 946 2179 scrip-

285 2186 371 2222 sisse,
387 2188 447 2216 ‹fde
469 2186 551 2216 Deae.
576 2185 720 2226 cognatio
744 2185 887 2216 nimirum
912 2187 948 2217 li-

286 2241 420 2266 terarum
449 2236 481 2266 in
510 2241 641 2276 utraque
670 2245 745 2265 voce
772 2234 888 2269 effecit,
914 2243 949 2266 ut

286 2285 467 2315 alterutram
492 2284 659 2314 oscitantes
688 2284 805 2314 librarii
835 2284 945 2315 omise-

287 2333 358 2370 rint,
374 2333 456 2375 quod
473 2339 504 2363 et
520 2333 594 2363 alibi
610 2334 740 2363 factum.
772 2333 947 2364 Ilus-sris

288 2383 478 2424 Conjectura
500 2382 566 2413 haec
591 2382 687 2413 dubia
710 2381 786 2411 milri
812 2381 947 2413 videtur.

288 2432 428 2467 mallem,
453 2433 524 2461 dum
539 2431 623 2472 facit
649 2433 728 2470 ipsa:
753 2430 827 2460 dum
851 2438 950 2461 linter

288 2491 376 2511 sacra
392 2480 477 2515 facit,
490 2479 651 2521 conspexit
662 2480 827 2521 Cydippen
844 2479 949 2509 Acon-

287 2529 360 2565 tius,
375 2530 435 2560 ἃς.
460 2529 564 2559 confer
587 2529 688 2571 Epist.
704 2539 772 2569 seq.
799 2539 878 2559 vers.
894 2529 948 2558 93.

289 2578 370 2609 unde
395 2584 524 2620 apparet
549 2577 725 2619 Cydippen,
749 2577 823 2607 dum
852 2583 950 2607 mator

288 2627 453 2663 sacrificat,
481 2638 553 2657 curn
582 2627 701 2658 nutrice
733 2626 949 2657 obambulasse

289 2677 359 2707 loca
372 2687 472 2712 sacra,
491 2682 520 2706 ct
536 2682 610 2707 tunc
630 2676 726 2706 vis-ain
744 2676 781 2705 ab
799 2674 949 2708 Acontim

289 2726 449 2767 postmodo
465 2726 588 2756 demum
607 2735 676 2756 cuin
699 2736 819 2755 reversa
843 2725 947 2753 {uix-set

1582 1152 1680 1195 210

1016 1301 1047 1331 in
1080 1301 1179 1331 aedem
1219 1300 1343 1336 Dianae,
1382 1299 1503 1330 venisse
1539 1309 1679 1340 pomum.

1018 1351 1136 1381 ann.

1059 1401 1136 1430 208.
1158 1400 1335 1430 Deciderint
1353 1400 1473 1428 humero
1485 1398 1580 1437 pallia
1599 1397 1681 1436 lapsa

1018 1449 1105 1489 mem]
1136 1449 1315 1479 Deciderint
1344 1446 1420 1477 mihi
1450 1445 1680 1488 praeferendum

1017 1498 1151 1533 videtur,
1169 1498 1207 1528 ad
1232 1497 1327 1539 pedes
1347 1496 1429 1527 enim
1451 1494 1605 1525 decidisse
1626 1494 1681 1524 do-

1018 1552 1069 1577 cet
1092 1558 1151 1577 vox
1177 1546 1286 1577 addita
1310 1547 1403 1585 lapsa,
1426 1555 1480 1586 pro
1508 1554 1570 1585 quo
1598 1544 1681 1575 male

1017 1595 1146 1637 quidam
1158 1595 1283 1626 codices
1297 1596 1379 1625 laia.
1396 1594 1439 1624 sic
1452 1594 1580 1623 Sueton.
1594 1594 1680 1633 Aug.

1017 1645 1099 1676 xciv.
1127 1645 1243 1675 Tuniea
1261 1645 1415 1674 laticlavia
1430 1648 1528 1673 resuta
1545 1653 1579 1672 ex
1595 1649 1680 1672 utra-

1017 1705 1071 1734 que
1089 1701 1177 1733 purte
1194 1696 1233 1724 ud
1258 1695 1343 1733 pedes
1364 1694 1488 1723 decidit.
1535 1690 1680 1722 Recidere

1017 1749 1092 1784 puto
1108 1749 1237 1778 vestem,
1254 1753 1326 1773 cum
1344 1741 1375 1771 in
1392 1746 1512 1781 tergum
1528 1747 1609 1769 retro
1629 1750 1680 1769 ca-

1017 1792 1073 1828 dit,
1090 1794 1224 1822 decidere
1236 1802 1307 1822 cum
1324 1790 1363 1821 ad
1380 1790 1475 1831 pedes
1486 1788 1610 1819 labitur.
1627 1799 1679 1818 ea-

1017 1840 1089 1871 dem
1105 1839 1282 1871 differentia
1300 1839 1380 1869 inter
1395 1839 1522 1878 dejicere
1548 1843 1634 1867 vestes
1650 1842 1682 1867 et

1017 1892 1149 1930 rejicere,
1165 1901 1235 1930 quae
1252 1890 1348 1920 verba
1365 1887 1573 1918 confuderunt
1597 1897 1681 1929 saepe

1016 1939 1143 1974 librarii,
1159 1937 1353 1969 observanda
1367 1942 1427 1967 est.
1473 1936 1592 1966 Bmm.

1059 1989 1134 2018 '210-
1171 1987 1265 2017 Verba
1282 1986 1392 2028 ferens
1420 1986 1513 2015 doctis
1541 1986 1681 2014 insidiosa

1016 2037 1119 2077 notis]
1147 2036 1197 2067 Sic
1222 2041 1253 2067 et
1276 2035 1477 2069 rnembranae,
1495 2039 1648 2075 quotquot
1663 2044 1682 2064 a

1016 2098 1065 2117 me
1078 2086 1226 2128 inspecta:
1240 2091 1324 2116 sunt.
1349 2084 1455 2114 Scribe
1469 2082 1681 2119 nihilominus,

1016 2137 1115 2166 ductis
1143 2136 1228 2165 notis.
1261 2134 1437 2164 szrxsu‘s.
1483 2131 1566 2161 Mihi
1589 2133 1681 2162 (loclae

1017 2192 1090 2215 notor.
1120 2183 1282 2214 movendae
1311 2194 1374 2213 non
1397 2181 1562 2212 videntur:
1587 2181 1682 2211 nullis

1017 2234 1099 2265 enim
1120 2233 1199 2264 notis
1216 2232 1357 2275 Epistola
1376 2231 1468 2262 scribi
1490 2236 1604 2272 potest,
1622 2230 1681 2261 nisi

1017 2283 1132 2313 ductis.
1157 2282 1227 2313 vide
1258 2281 1297 2312 ad
1323 2280 1452 2318 Quinct.
1482 2280 1501 2310 i.
1532 2279 1637 2309 Instit.
1655 2278 1678 2309 i.

1017 2332 1070 2373 qui
1092 2334 1200 2362 ductus
1218 2331 1378 2361 literarum
1394 2329 1483 2359 dicit.
1508 2328 1563 2359 sed
1582 2330 1681 2358 doctas

1018 2388 1100 2411 notas
1124 2392 1209 2411 amor
1228 2380 1401 2411 dictaverat
1417 2377 1562 2414 Acontio,
1578 2377 1610 2407 id
1634 2383 1681 2408 est

1016 2429 1158 2465 callidas,
1175 2429 1288 2470 quibus
1302 2429 1419 2470 peritus
1435 2433 1466 2458 et
1487 2426 1574 2457 vafer
1595 2437 1680 2457 arna-

1017 2484 1062 2508 tor
1087 2478 1246 2519 deciperet
1271 2477 1424 2519 puellam.
1449 2476 1493 2506 sic
1517 2478 1602 2506 daem
1627 2475 1681 2505 illa

1018 2539 1067 2557 ‘roi
1087 2526 1218 2557 Caesaris
1234 2525 1317 2567 apud
1333 2525 1417 2556 Flor.
1429 2524 1471 2555 iv.
1489 2526 1520 2555 2.
1546 2524 1679 2565 ferisn-

1017 2577 1102 2610 ciem,
1121 2581 1168 2606 est
1190 2575 1289 2616 petita
1302 2585 1340 2605 cx
1364 2573 1500 2605 interiori
1516 2579 1580 2603 arte
1598 2572 1679 2602 mili-

1018 2623 1088 2659 tari,
1107 2629 1138 2654 et
1153 2622 1368 2655 callidissima.
1392 2628 1423 2653 et
1446 2622 1490 2652 ita
1513 2625 1615 2652 ‹loc-tus
1629 2623 1680 2650 da-

1019 2675 1074 2704 lns.
1100 2673 1206 2704 Plaut.
1228 2672 1302 2703 Mil.
1325 2672 1414 2703 Glor.
1432 2672 1465 2702 ii.
1492 2672 1542 2701 11.
1569 2671 1622 2701 93.
1649 2676 1679 2701 ct

1061 2776 1085 2804 '1‘
1102 2777 1118 2804 4
