1849 3198
251 224 336 268 118

634 223 685 264 Ρ.
719 221 932 265 OVIDII
964 220 1244 264 NASONIS

256 339 370 395 Qua
390 345 529 387 tanto
552 338 710 386 minor
733 354 803 394 es,
831 344 1017 401 quanto
1041 343 1091 384 te
1115 335 1330 384 maxime
1355 350 1532 391 rerum,

323 416 486 471 Quam
511 432 636 480 quos
659 415 836 470 vicisti,
860 415 1057 462 vincere
1080 415 1240 477 majus
1266 419 1385 461 erat.

257 492 335 540 Illi
358 493 583 557 procedit
605 508 767 540 rerum
792 507 1023 538 mensura
1045 498 1256 538 tuarum.

326 570 465 618 Cede
489 570 659 618 bonis:
698 570 840 617 heres
865 569 1023 616 laudis
1049 568 1208 616 amica
1230 575 1345 615 tuae.

1543 568 1635 612 110

259 645 358 694 Pro
382 647 566 711 pudor!
605 646 779 693 hirsuti
804 652 968 692 costas
994 652 1147 692 exuta
1169 645 1324 692 leonis

324 723 519 788 Aspera
535 729 772 771 texerunt
793 723 976 770 vellera
999 724 1145 771 molle
1169 723 1314 770 latus.

261 799 481 857 Falleris,
509 807 559 848 et
582 800 771 848 nescis:
811 815 910 846 non
935 807 1050 846 sunt
1074 799 1232 863 spolia
1254 799 1350 846 ista
1371 797 1545 853 leonis,

328 877 429 925 Sed
453 884 553 933 tua,
579 884 735 939 tuque
758 875 847 922 feri
870 876 1025 923 victor
1049 893 1129 933 es;
1170 876 1254 923 illa
1274 875 1363 922 tui.

261 954 466 1003 Femina
487 955 588 1002 tela
603 954 716 1002 tulit
741 953 955 1001 Lernaeis
981 961 1086 1001 atra
1108 953 1326 1008 venenis,

1546 953 1637 997 115

327 1032 475 1080 Ferre
499 1048 697 1095 gravem
720 1032 833 1079 lana
855 1032 936 1079 vix
961 1031 1080 1079 satis
1106 1037 1223 1095 apta
1246 1030 1408 1078 colum
1427 1045 1436 1076 :

259 1244 291 1270 et
307 1239 424 1270 Douzae
439 1239 550 1270 codex.
573 1239 629 1270 sed
643 1238 787 1270 desidero
810 1250 916 1270 exem-

258 1288 358 1330 plum,
383 1298 455 1320 cum
467 1288 572 1330 fortia
589 1288 682 1330 facta
707 1288 791 1330 apud
820 1299 916 1319 unum

259 1337 410 1368 Ovidium
425 1336 544 1368 centies
559 1342 733 1374 occurrant,
749 1342 781 1367 et
795 1336 840 1367 ita
843 1336 916 1378 fiir—

260 1387 331 1417 liter
348 1386 458 1428 facere
485 1385 518 1416 in
546 1385 828 1417 declamationibus
861 1386 916 1416 ob—

257 1434 356 1466 vium.
401 1436 520 1466 Bunm.

305 1484 378 1515 106.
405 1484 490 1518 Quod
510 1491 544 1514 tn
566 1482 656 1523 nom]
683 1483 777 1518 Quem
799 1483 916 1514 Putea-

259 1543 347 1564 neus.
384 1534 474 1564 Forte
489 1545 589 1574 quam.
613 1533 664 1564 vel
680 1538 714 1563 ut
728 1533 806 1564 alter
821 1534 915 1563 Men-

259 1583 413 1614 telianus:
441 1584 506 1617 Quo
530 1589 564 1613 ΐιι
590 1594 649 1612 non
674 1593 744 1613 esses
759 1585 835 1622 jure
859 1585 916 1619 vir,

259 1632 422 1674 illaforet.
446 1633 621 1663 HmNsws.
652 1632 719 1672 Ego
731 1631 808 1662 nihil
820 1637 917 1663 muto.

259 1680 316 1712 illa
338 1681 398 1712 fuit
420 1681 476 1717 vir,
500 1681 584 1722 quod
606 1685 640 1711 tu
660 1681 730 1722 jure
752 1686 784 1711 et
809 1680 918 1711 merito

260 1741 322 1761 non
337 1735 460 1773 poteras
475 1741 541 1761 esse
550 1743 558 1769 ;
581 1730 635 1761 sed
650 1730 766 1760 femina
780 1729 918 1760 debebas

262 1779 323 1811 dici
346 1786 470 1823 propter
493 1779 670 1811 mollitiam.
694 1778 740 1810 ita
761 1779 827 1810 viii.
859 1780 918 1821 Ep.

261 1830 316 1861 41.

307 1878 354 1909 Tu
368 1880 450 1914 mihi,
465 1879 542 1918 quod
555 1879 645 1908 matri
658 1885 746 1917 pater
757 1889 798 1909 eS.

262 1928 304 1958 Et
320 1927 394 1958 alibi
409 1926 533 1969 saepius.
562 1927 698 1957 Metam.
714 1926 782 1957 viii.
796 1928 871 1958 881.
889 1931 920 1957 et

262 1977 318 2007 xii.
336 1977 411 2008 502.
456 1975 615 2006 Hannibal
641 1976 725 2017 apud
749 1975 819 2007 Liv.
843 1987 918 2007 xxx.

262 2027 316 2057 30.
364 2025 450 2060 Quod
464 2025 579 2067 egofui
593 2026 633 2056 ad
648 2025 864 2062 Trasimenum,
880 2027 919 2056 acl

265 2075 396 2110 Cannas,
424 2076 457 2105 id
489 2080 523 2105 tu.
544 2075 628 2105 hodie
651 2085 690 2105 es.
727 2074 854 2105 Phaedr.
886 2087 917 2106 v.

262 2124 339 2154 Fab.
356 2123 416 2153 ult.

307 2172 395 2207 Quod
409 2172 533 2213 fuimus
566 2173 682 2208 laudas,
701 2175 769 2212 jam
796 2173 920 2202 damnas

347 2224 424 2261 quod
438 2232 497 2251 vion
511 2231 623 2251 sumus.
761 2221 876 2250 Bunxu.

309 2269 382 2299 109.
409 2270 578 2309 Procedit]
599 2269 666 2299 Hoc
680 2273 726 2299 est
738 2268 784 2298 illi
800 2279 919 2300 accres—

264 2317 317 2354 cit,
342 2327 377 2348 ae
400 2318 487 2349 velut
509 2317 540 2348 in
562 2318 663 2359 majus
685 2322 827 2357 augetur.
854 2318 919 2348 M1-

262 2378 400 2398 CYLmvS.
447 2367 559 2398 Putem
582 2365 771 2397 locutionem
795 2367 918 2397 desum-

264 2421 327 2446 tam
351 2426 389 2446 ex
412 2426 444 2446 re
468 2415 680 2446 Romanorum
701 2414 838 2450 militari,
867 2415 918 2445 ubi

264 2464 421 2506 stipendia
445 2470 477 2495 et
501 2477 561 2495 cera
589 2463 740 2494 militibus
764 2467 921 2504 procedere

265 2512 460 2550 dicebantur,
475 2513 528 2544 ubi
544 2513 627 2549 anni,
643 2524 720 2554 quos
733 2513 919 2551 militabant,

265 2562 304 2593 ad
331 2562 508 2593 missionem
545 2562 705 2593 honestam
739 2562 918 2604 proderant.

266 2611 336 2642 vide
361 2611 439 2643 Livii
463 2623 494 2643 v.
518 2612 549 2643 7.
579 2617 610 2642 ct
637 2611 723 2642 alibi.
767 2612 818 2642 Illi
848 2622 920 2654 ergo

264 2660 363 2702 gloria
378 2662 525 2702 quaeritur
541 2672 579 2692 ex
595 2661 655 2692 tuis
669 2662 770 2697 rebus,
786 2662 840 2692 illa
855 2672 919 2692 om-

266 2720 337 2741 nem
353 2710 425 2741 inde
441 2711 565 2742 laudern
581 2710 696 2752 capiet.
726 2716 757 2741 et
772 2711 815 2741 ita
831 2711 920 2754 capio

266 2758 359 2790 etiam
375 2758 430 2790 illa
444 2759 562 2790 Valerii
579 2759 681 2791 Flacci
698 2759 762 2791 viii.
778 2760 853 2791 457.

1028 1240 1168 1270 Procedit
1181 1251 1239 1270 non
1249 1240 1348 1280 gentis
1361 1239 1462 1274 honor,
1471 1249 1530 1268 non
1540 1237 1640 1279 gloria

1068 1290 1170 1331 magni

1026 1339 1101 1369 Solis
1125 1339 1184 1374 avi,
1210 1349 1269 1368 non
1295 1338 1455 1368 barbaricae
1477 1337 1564 1366 decor
1586 1336 1640 1366 ille

1058 1389 1208 1427 juventae.

984 1436 1074 1467 Nihil
1098 1437 1158 1467 ista
1186 1435 1289 1467 omnia
1314 1445 1346 1466 se
1369 1435 1479 1476 juvare
1501 1433 1641 1474 quen'tur

985 1487 1112 1522 Medea,
1133 1496 1196 1527 quo
1218 1485 1320 1516 minus
1343 1495 1412 1516 eam
1430 1483 1569 1525 negligat
1588 1483 1641 1513 Ia-

984 1546 1050 1566 son.
1094 1536 1212 1566 Bmm.

1030 1586 1102 1615 111.
1129 1585 1155 1614 O
1177 1586 1275 1624 pudor
1294 1585 1403 1613 hirsuti
1428 1584 1513 1613 costis
1539 1587 1641 1612 exsuta

985 1635 1075 1664 leonis
1093 1633 1240 1672 Vellera]
1269 1632 1330 1662 Pro
1343 1633 1440 1671 pudor
1458 1631 1572 1662 rectius
1587 1641 1641 1661 sex

982 1682 1067 1713 libri.
1112 1681 1293 1712 Petronius:

1029 1731 1090 1761 Pro
1112 1731 1228 1770 pudor!
1251 1730 1367 1769 imperii
1391 1731 1503 1759 deserto
1526 1730 1643 1759 nomine

1060 1780 1166 1821 fvgit.

986 1828 1111 1860 Deinde
1125 1835 1217 1859 costas
1238 1834 1325 1857 exuta
1349 1825 1486 1867 eleganti
1509 1824 1643 1856 Graecis-

985 1889 1036 1909 mo
1057 1878 1246 1908 Puteaneus.
1271 1882 1303 1907 et
1325 1874 1589 1906 Francofurtensis
1612 1879 1644 1905 et

986 1928 1064 1959 alter
1080 1927 1305 1962 Mentelianus,
1322 1926 1375 1967 qui
1400 1930 1431 1956 et
1450 1937 1505 1964 pro
1523 1926 1643 1965 pudor!

986 1977 1030 2008 sic
1044 1983 1148 2008 exulus
1162 1978 1287 2012 senium,
1303 1975 1378 2006 Silio
1401 1974 1514 2006 Italico
1528 1975 1583 2006 lib.
1598 1974 1642 2005 vi.

989 2027 1061 2057 100.
1076 2030 1107 2056 et
1122 2025 1178 2056 lib.
1195 2025 1261 2055 xiii.
1281 2025 1351 2054 120.
1377 2024 1587 2066 exutaferam,
1603 2023 1643 2054 de

986 2085 1089 2106 cerva.
1114 2074 1230 2105 Statius
1244 2073 1286 2105 ix.
1309 2073 1411 2104 Theb.
1430 2074 1504 2104 103.

1031 2123 1148 2153 Euctus
1157 2133 1243 2153 canos
1255 2123 1351 2153 lacero
1363 2123 1529 2152 diademate
1537 2122 1644 2153 crine&

985 2173 1026 2203 Et
1045 2171 1201 2213 praecipue
1217 2171 1273 2201 lib.
1291 2182 1320 2201 x.
1335 2171 1408 2202 643.
1432 2171 1471 2202 de
1495 2171 1553 2201 hoc
1577 2171 1643 2213 ipso

986 2220 1140 2251 Hercule:

1274 2269 1323 2298 Sic
1339 2269 1438 2309 Lydia
1451 2272 1559 2308 conjnx

1030 2318 1324 2358 Amphitryoniadem
1351 2324 1471 2349 cautum
1492 2320 1644 2351 horrentia

1072 2373 1156 2408 terga

1032 2415 1162 2446 Perdere
1196 2416 1329 2446 Sidonius
1365 2417 1493 2447 humeris
1528 2418 1644 2448 ridebat

1071 2466 1208 2495 amictus.
1480 2466 1600 2497 HmNs.

1033 2513 1105 2544 115.
1130 2514 1262 2544 Lermcis
1274 2520 1342 2544 utra
1357 2514 1504 2554 venenis]
1523 2514 1561 2544 In
1572 2511 1643 2545 Lei-

986 2561 1073 2592 densi
1085 2562 1192 2593 codice
1208 2567 1273 2593 erat
1290 2569 1366 2593 usta.
1386 2562 1460 2593 forte
1473 2574 1527 2604 pro
1538 2571 1643 2600 uncta,

987 2617 1021 2641 ut
1040 2611 1153 2651 passim
1169 2623 1282 2652 ungere
1298 2613 1356 2642 tela
1374 2616 1486 2652 poetae.
1512 2612 1574 2642 duo
1589 2613 1642 2643 alii

987 2662 1093 2697 tincta,
1109 2661 1193 2702 quod
1216 2661 1364 2702 loquendi
1387 2671 1485 2703 genus
1508 2672 1569 2693 non
1585 2662 1641 2693 mi-

987 2721 1044 2742 nus
1058 2711 1194 2742 obvium.
1218 2711 1256 2742 de
1271 2716 1402 2753 utroque
1426 2711 1496 2743 vide
1520 2712 1580 2744 huc
1595 2712 1641 2744 fa-

986 2760 1100 2792 cientia
1130 2760 1274 2802 exempla
1302 2760 1385 2803 apud
1408 2761 1585 2804 Bentlejum
1609 2762 1641 2794 in
