1849 3198
210 192 296 234 372

600 193 649 234 Ρ.
685 192 898 234 OVIDII
932 192 1213 236 NASONIS

215 307 338 362 Quae
363 314 714 355 concurrentes
741 309 866 356 inter
890 309 1150 357 temeraria
1173 316 1344 357 cautes

283 384 620 447 Conspicuam
646 385 778 432 sulvo
802 385 982 433 vellere
1006 386 1147 433 vexit
1165 402 1322 433 ovem.

215 459 258 505 O
286 461 489 517 utinam,
517 478 652 509 remo
677 478 739 508 ne
765 462 877 524 quis
903 462 1029 509 freta
1048 463 1196 524 longa
1220 469 1455 518 moveret,
1567 466 1598 510 5

276 536 412 599 Argo
436 538 656 586 funestas
682 555 854 601 pressa
878 539 1086 585 bibisset
1111 539 1293 601 aquas!

212 612 345 661 Ecce
370 614 495 677 fugit
519 622 791 678 notumque
816 622 993 672 torum,
1021 616 1284 679 sociosque
1309 616 1554 673 Penates;

279 690 603 755 Fallacesque
628 692 729 739 vias
756 692 824 739 ire
852 692 1071 739 Corinna
1094 700 1251 756 parat.

211 765 342 820 Quid
362 768 451 814 tibi
473 770 575 828 (me
591 769 825 815 miserum
844 768 878 828 !)
904 769 1160 832 Zephyros
1179 769 1439 833 Eurosque
1454 771 1597 818 time-

277 843 342 890 Et
366 845 584 906 gelidum
612 845 823 900 Borean,
852 846 1202 908 egelidumque
1229 846 1450 893 Notum?
1491 848 1596 908 [bo,

210 919 324 967 Non
350 921 447 968 illic
473 923 637 978 urbes,
666 938 763 968 non
788 929 841 968 tu
866 923 1109 970 mirabere
1135 923 1310 980 silvas3
1538 927 1589 970 ll

276 998 390 1045 Una
414 1007 491 1046 est
515 1000 683 1062 injusti
709 1000 889 1047 caerula
912 1000 1068 1047 forma
1091 1000 1257 1047 maris.

210 1074 316 1122 Nec
342 1076 534 1123 medius
558 1084 735 1124 tenues
762 1078 994 1133 conchas,
1021 1078 1245 1140 pictosve
1270 1077 1480 1140 lapillos,

274 1153 464 1200 Pontus
490 1155 668 1202 habet:
708 1155 864 1202 bibuli
887 1155 1041 1202 litoris
1067 1155 1150 1201 illa
1173 1170 1310 1201 mora
1334 1161 1425 1201 est.

206 1229 373 1277 Litora
396 1232 682 1278 marmoreis
702 1221 919 1295 ¹pedibus
946 1231 1203 1293 signanda,
1230 1231 1424 1294 puellae.
1537 1233 1597 1276 15

273 1305 530 1354 Hactenus
557 1315 634 1355 est
652 1315 815 1355 tutum
835 1325 844 1356 z
885 1315 1051 1355 cetera
1074 1323 1208 1354 caeca
1230 1307 1309 1354 via
1332 1314 1426 1354 est.

207 1381 272 1429 Et
296 1384 435 1430 vobis
461 1385 541 1431 alii
566 1392 823 1432 ventorum
847 1386 1020 1448 proelia
1045 1392 1270 1441 narrent3

272 1459 409 1513 Quas
438 1461 610 1524 Scylla
633 1461 849 1517 infestet,
878 1478 1063 1525 quasve
1091 1461 1375 1525 Charybdis
1405 1476 1591 1524 aquas:

205 1534 270 1583 Et
295 1537 475 1598 quibus
501 1538 751 1585 emineant
774 1539 990 1586 violenta
1015 1539 1263 1586 Ceraunia
1287 1538 1449 1585 saxis:

272 1612 383 1667 Quo
408 1614 594 1662 lateant
621 1616 812 1679 Syrtes,
841 1633 1001 1679 quove
1028 1616 1194 1663 Malea
1218 1616 1344 1662 sinu.
1528 1618 1592 1660 20

200 1745 239 1776 ld
253 1752 310 1782 est,
326 1752 524 1789 stupescente
540 1753 571 1779 et
587 1748 760 1780 admirante
776 1750 863 1780 mari.

201 1794 383 1826 Cxomsvs.
429 1796 576 1837 Ejusdem
603 1797 664 1827 fere
689 1799 863 1838 argumenti

201 1850 248 1874 est
266 1844 420 1886 Propertii
438 1845 549 1886 Elegia
572 1853 683 1877 octava
707 1847 778 1877 libri
802 1847 863 1889 pri-

200 1894 262 1923 mi:
298 1894 437 1935 AEquoris
463 1897 554 1926 undis
583 1907 655 1926 vera
683 1903 728 1927 est
760 1897 863 1928 lectio.

201 1942 320 1973 Eunai.

244 1993 274 2023 3.
300 1993 521 2024 Concurrent&
547 1995 678 2035 cautes]
716 1995 862 2035 Cyaneas,

200 2051 270 2082 quae
295 2048 326 2072 et
349 2043 559 2085 Symplegades
582 2052 678 2085 petrae
705 2044 861 2080 dicuntur,

200 2090 359 2132 intelligit.
405 2092 455 2122 De
473 2093 520 2122 his
535 2094 644 2123 strabo
658 2086 714 2123 lib'.
732 2094 752 2123 i.
769 2099 800 2124 et
814 2094 860 2124 iii.

199 2138 338 2169 fabulam
354 2140 461 2180 paullo
477 2140 621 2171 diffusius
640 2148 744 2172 narrat
763 2142 861 2184 Apol-

199 2187 323 2218 lodorus
345 2188 399 2219 lib.
415 2188 436 2219 i.
454 2189 672 2220 Bibliothecae.
719 2191 790 2221 Huc
807 2202 861 2222 au-

200 2243 263 2267 tem
292 2237 438 2279 pertinet,
467 2238 550 2279 quod
581 2239 687 2270 scribit
717 2240 862 2280 Hyginus

200 2295 273 2327 cap.
296 2287 358 2316 xxi.
403 2288 599 2328 Argonautae,
624 2300 691 2318 cnm
713 2300 766 2328 per
783 2290 861 2329 Cya-

200 2345 270 2364 neas
284 2341 395 2370 cautes,
414 2347 476 2375 (ματ
492 2338 641 2366 dicuntur
661 2343 751 2375 μείνω
772 2338 859 2377 Sym-

198 2384 347 2425 plegades,
365 2385 524 2414 intrassent
540 2396 631 2420 mare,
653 2388 728 2425 quod
747 2388 862 2416 dicitur

202 2431 366 2467 Euxinum,
382 2438 410 2462 et
426 2439 574 2468 errarent,
590 2435 745 2464 voluntate
760 2434 858 2465 ,111110-

200 2481 247 2509 uis
261 2481 354 2510 delati
369 2487 438 2510 sunt
463 2483 502 2511 ad
519 2482 648 2511 insulam
667 2482 767 2513 Diam.
814 2483 860 2513 Ibi

199 2530 393 2565 invenerunt,
411 2535 442 2559 et
457 2529 588 2570 reliqua.
636 2530 730 2560 Clor.

245 2578 273 2607 7.
299 2577 500 2618 Patr-ivsqve]
526 2578 665 2619 Uterque
694 2578 749 2610 lib.
777 2579 861 2610 Maf—

202 2625 295 2656 feian.
331 2628 472 2666 sociosque
497 2634 631 2665 penates.
682 2627 861 2658 Ciommvs.

201 2674 351 2714 Sociosque
365 2674 484 2716 scripti.
527 2675 636 2716 Nupta
651 2676 734 2706 enim
752 2676 860 2707 Corin-

201 2732 251 2758 na,
270 2728 302 2753 ut
318 2729 403 2765 patet
415 2734 453 2754 ex
469 2724 578 2765 Elegia
594 2722 636 2755 iv.
654 2724 708 2755 lib.
723 2723 743 2755 i.
759 2731 790 2755 et
804 2725 859 2755 lib.

931 1749 965 1780 ii.
983 1749 1094 1790 Elegia
1109 1749 1143 1779 ii.
1161 1755 1226 1779 tum
1242 1754 1274 1779 et
1296 1748 1365 1779 aliis
1387 1747 1476 1778 locis.
1501 1749 1537 1778 (Ie
1550 1758 1592 1777 so-

931 1801 984 1829 ciis
998 1801 1154 1839 penatibus
1169 1797 1274 1828 monui
1291 1798 1330 1828 ad
1346 1797 1447 1839 Epist.
1466 1808 1494 1827 v.
1511 1808 1592 1827 vers.

935 1850 1007 1879 126.
1060 1849 1234 1878 mesrus.

977 1899 1028 1928 13.
1057 1898 1211 1937 Pietasque
1228 1895 1373 1935 lapillos]
1393 1895 1527 1926 Videtur
1541 1895 1596 1926 hic

932 1946 1065 1976 Ovidius
1090 1951 1162 1976 ante
1187 1945 1292 1975 oculos
1316 1944 1461 1975 habuisse
1478 1945 1592 1976 Lucre-

932 1994 1020 2030 tium,
1037 1995 1090 2036 qui
1107 1994 1161 2025 lib.
1177 1994 1221 2025 iii.
1237 1994 1313 2024 374.
1330 1994 1374 2024 ita
1388 1993 1489 2024 canit:

977 2044 1220 2084 Concharnmque
1243 2054 1338 2084 genus
1359 2044 1453 2084 parili
1476 2045 1594 2073 ratione

1016 2094 1148 2122 videmus

975 2141 1107 2182 Pingere
1122 2142 1241 2171 telluris
1261 2142 1420 2182 gremium,
1438 2151 1495 2180 qna
1519 2142 1592 2170 mol-

1017 2192 1092 2220 libus
1105 2192 1194 2220 zmdis

973 2238 1100 2269 Lictoris
1116 2240 1233 2269 incurvi
1249 2239 1377 2268 bibulam
1395 2239 1479 2277 parit
1493 2248 1592 2277 crquor

1015 2298 1149 2317 avenam.
1427 2286 1546 2316 Bunra.

976 2337 1024 2366 19.
1056 2335 1237 2375 Ceraunia]
1273 2334 1439 2370 Ceraunia,
1465 2345 1535 2376 quae
1560 2341 1591 2365 et

930 2385 1154 2414 Acroceraunia
1177 2383 1333 2419 dicuntur,
1357 2391 1429 2413 sunt
1449 2383 1590 2414 altissimi

929 2438 1049 2463 montes
1078 2433 1180 2475 Epiri:
1213 2444 1232 2464 a
1257 2432 1371 2463 crebris
1397 2432 1589 2469 fulminibus,

929 2492 998 2522 quae
1036 2492 1088 2512 eos
1126 2481 1316 2523 percutiunt,
1353 2481 1448 2519 dicti3
1486 2482 1589 2512 Graeci

928 2530 1010 2560 enim
1020 2529 1179 2572 κέραυνον
1188 2530 1305 2560 fulmen
1318 2530 1488 2572 appellant.
1511 2530 1590 2561 Sunt

929 2585 1032 2609 autem
1055 2579 1224 2619 naufragiis
1251 2579 1405 2619 insignes:
1430 2578 1514 2609 unde
1538 2590 1590 2609 eos

929 2627 1075 2673 Horatius
1089 2628 1215 2669 infames
1227 2629 1358 2667 scapulos
1372 2627 1462 2658 dixit.

959 2676 1024 2707 -20.
1049 2677 1114 2710 Qun
1137 2678 1251 2707 lateant
1276 2672 1389 2716 Syrtes,
1410 2687 1500 2717 quove
1517 2675 1585 2705 Μα-

931 2726 974 2755 lea
1000 2726 1096 2766 sinin]
1124 2725 1264 2756 Dubium
1291 2730 1337 2756 est
1359 2725 1490 2762 nullum,
1514 2724 1591 2765 quin
