1849 3198
183 194 268 234 :300
580 194 629 235 Ρ.
664 193 878 237 OVIDII
912 195 1191 238 NASONIS

188 310 367 357 Acrius
393 310 588 365 invitos,
616 311 872 373 multoque
899 310 1109 358 ferocius
1131 319 1325 375 urguet,

255 385 418 440 Quam
444 387 529 449 qui
557 387 808 434 servitium
836 387 961 435 ferre
986 388 1218 445 fatentur,
1246 388 1416 437 Amor.

191 463 268 511 En
294 479 386 526 ego
411 464 676 512 confiteor:
716 472 803 512 tua
828 482 937 512 sum
963 482 1089 512 nova
1113 467 1296 529 praeda,
1326 466 1543 531 CupidO.

255 539 561 604 Porrigimus
586 541 741 588 victas
768 542 829 589 ad
855 548 941 589 tua
959 543 1074 605 jura
1098 558 1292 590 manus.
1514 548 1579 591 20

189 616 275 666 Nil
299 634 425 682 opus
451 625 528 665 est
552 618 711 666 bello:
752 633 929 681 pacem
955 619 1253 683 veniamque
1279 635 1529 682 rogamus.

257 694 367 742 Nec
391 694 482 742 tibi
506 695 631 751 laus,
659 695 806 743 armis
832 695 993 742 victus
1019 696 1237 752 inermis,
1265 713 1365 744 ero.

188 771 352 821 Necte
376 787 570 819 comam
596 778 759 835 myrto
781 788 790 819 :
831 779 1081 820 maternas
1109 774 1265 836 junge
1291 774 1576 831 columbas3

256 848 354 905 Qui
379 849 572 904 deceat,
600 864 797 895 currum
824 847 1042 896 Vitricus
1069 850 1177 913 ipse
1202 850 1357 898 dabit.

190 927 350 990 Inque
369 927 673 992 datoscurrm
698 926 883 989 populo
903 927 1150 974 clamante
1171 927 1493 991 triumphum,
1516 931 1578 975 25

259 1004 460 1060 Stabis3
491 995 548 1050 ¹et
575 1003 839 1065 adjunctas
866 1010 970 1050 arte
995 1004 1217 1051 movebis
1247 1020 1378 1052 aves.

190 1081 450 1128 Ducentur
469 1082 678 1143 juvenes
706 1081 858 1144 capti,
886 1088 1148 1144 captaeque
1174 1081 1368 1144 puellae.

255 1156 379 1204 Haec
405 1157 495 1204 tibi
521 1157 813 1218 magnificus
840 1173 1025 1220 pompa
1048 1158 1331 1221 triumphus
1356 1159 1462 1204 erit.

189 1235 306 1299 Ipse
338 1252 447 1297 ego,
475 1235 645 1298 praeda
676 1251 866 1290 recens,
893 1234 1080 1282 factum
1118 1235 1265 1282 modo
1290 1235 1468 1281 vulnus
1494 1234 1579 1282 ha-

255 1312 321 1360 Et
346 1329 471 1360 nova
495 1313 690 1376 captiv-91
714 1313 910 1360 vincula
935 1320 1103 1359 mente
1128 1312 1298 1359 feram.
1397 1312 1577 1373 [beboz

188 1389 336 1437 Mens
365 1389 508 1436 Bona
532 1390 742 1436 ducetur
772 1389 1002 1436 manibus
1029 1396 1143 1452 post
1167 1395 1308 1451 terga
1332 1388 1545 1443 retortis,

255 1466 322 1513 Et
347 1466 533 1522 Pudor,
561 1473 611 1514 et
635 1466 810 1513 castris
836 1465 1084 1529 quidquid
1110 1465 1307 1512 Amoris
1333 1465 1493 1512 obest.
1516 1468 1579 1511 32

190 1544 373 1591 Omnia
395 1551 445 1592 te
470 1550 720 1592 metuent:
761 1544 824 1591 ad
849 1550 898 1590 te
924 1559 1014 1590 sua
1037 1543 1243 1590 brachia
1267 1543 1477 1589 tendens

254 1621 466 1683 Vulgus,
490 1621 561 1676 Ιὸ,
590 1622 772 1683 magn-21
798 1636 936 1674 voce,
964 1619 1254 1683 Triumphe,
1282 1626 1443 1666 canet.

189 1699 455 1746 Blanditiae
480 1699 687 1745 comites
712 1697 802 1745 tibi
829 1704 988 1753 erunt,
1014 1696 1280 1759 Errorque,
1307 1696 1578 1759 Furorque,

255 1776 480 1824 Adsidue
506 1783 673 1840 partes
699 1777 846 1824 turba
871 1782 1043 1822 secuta
1067 1781 1194 1821 tuas.
1517 1776 1580 1819 36

187 1852 280 1900 His
306 1861 359 1901 tu
385 1854 625 1901 militibus
652 1869 858 1917 superas
886 1853 1213 1914 hominesque
1242 1850 1508 1913 Deosque:

252 1929 378 1978 Haec
404 1931 493 1978 tibi
521 1931 561 1977 si
587 1931 759 1978 demas
785 1929 1062 1985 commoda,
1091 1928 1254 1974 nudus
1280 1926 1392 1974 eris.

913 2053 1018 2091 phum,
1033 2056 1068 2081 ut
1084 2056 1130 2081 est
1144 2050 1177 2080 in
1193 2060 1254 2080 uno
1274 2047 1410 2079 Heinsii.
1427 2053 1458 2078 et
1473 2047 1580 2079 defen-

916 2101 947 2130 di
963 2107 1067 2142 posset
1081 2110 1119 2130 ex
1136 2099 1180 2129 iv.
1196 2098 1278 2128 Trist
1293 2097 1325 2128 ii.
1344 2098 1393 2128 19.

961 2149 1043 2190 Ergo
1064 2150 1156 2179 omnis
1169 2148 1299 2187 populus
1317 2148 1428 2186 poterit
1447 2152 1579 2186 spectare

226 2054 278 2084 24.
305 2053 365 2088 Qui
380 2055 480 2084 deceat
496 2065 531 2084 cu
539 2053 632 2094 1·rus.]
660 2053 720 2087 Qui
735 2055 847 2088 deceat,

184 2114 322 2133 currum.
347 2103 464 2144 scripti.
490 2104 663 2133 Hnixsxuffi
710 2104 845 2133 Lactan-

183 2152 245 2182 tius
268 2151 324 2182 lib.
350 2151 370 2182 i.
391 2152 430 2182 de
454 2151 534 2183 falsa
558 2152 707 2193 religione
731 2162 799 2193 cap.
815 2151 846 2182 ii.

183 2201 372 2232 mentionem
388 2201 463 2231 facit
486 2201 653 2237 Poematis,
669 2201 751 2242 quod
779 2201 846 2231 Tri·
1001 2198 1198 2236 triumphum.

183 2250 310 2290 ‘amphus
328 2250 486 2289 Cupidinis
508 2250 547 2280 sit
570 2251 763 2292 inscriptum,
780 2250 845 2281 sine

184 2292 332 2324 Auctoris
345 2292 480 2323 nomine.
496 2293 589 2334 hujus
600 2293 747 2334 triumphi
760 2304 845 2335 pom—

183 2352 268 2383 pam,
291 2342 402 2372 Jovem
427 2352 498 2372 cum
522 2341 633 2372 ceteris
658 2342 728 2372 Diis
752 2342 845 2373 fuisse

185 2390 239 2421 ait.

232 2440 364 2470 Vitricus
388 2441 446 2479 ipse
460 2440 574 2480 dabit]
600 2440 629 2470 A
650 2441 752 2471 Marte
778 2452 846 2471 cur-

185 2499 252 2520 rum
285 2488 432 2530 accipies.
488 2488 530 2518 Ut
558 2488 692 2519 militum
729 2490 847 2520 animos

185 2537 336 2580 Cupidini
365 2537 487 2568 deditos
515 2544 708 2570 monstraret.
754 2540 846 2571 Unde

185 2598 247 2618 non
264 2592 378 2618 temere
394 2586 513 2628 antiqui
534 2586 662 2618 fabulati
683 2594 764 2625 sunt,
783 2590 845 2620 Ve-

186 2647 290 2667 nerem
306 2637 403 2667 Marii
418 2636 512 2666 fuisse
527 2637 738 2677 conjunctam.

229 2687 281 2716 25.
316 2685 429 2725 Popula
454 2687 601 2715 clamante
632 2687 842 2727 {triumphumn}

191 2734 335 2766 Francius
372 2736 517 2770 malebat,
559 2742 706 2773 *smmum*
739 2738 844 2766 etium-

915 2246 1016 2282 Alius,
1036 2247 1184 2276 clamante
1210 2246 1379 2284 triumphe5
1404 2249 1438 2274 ut
1460 2242 1500 2274 sit
1523 2254 1578 2285 pro

915 2295 951 2325 125
974 2296 1133 2334 triumphe,
1158 2293 1239 2335 quod
1263 2304 1333 2324 mox
1356 2304 1435 2323 vers.
1452 2294 1506 2323 34.
1531 2304 1578 2324 se-

915 2345 1030 2386 quitur.
1044 2350 1075 2375 et
1087 2344 1130 2375 ita
1146 2344 1254 2374 Horat.
1270 2343 1311 2373 iv.
1329 2343 1390 2373 Od.
1406 2344 1435 2373 2.
1460 2343 1576 2374 13111111.

958 2395 1012 2425 33.
1040 2394 1146 2424 Omnia
1163 2400 1190 2424 te
1211 2393 1373 2433 metuent]
1401 2393 1476 2423 Plus
1499 2392 1578 2424 dixit

914 2454 1026 2484 genere
1043 2449 1162 2478 neutro,
1179 2453 1273 2483 quam
1288 2441 1312 2472 si
1329 2441 1501 2472 masculino
1517 2454 1575 2473 om-

914 2505 964 2523 nes
974 2493 1114 2523 dixisset.
1130 2493 1282 2522 Mmzrus.
1312 2491 1393 2522 Vide
1406 2491 1445 2521 ad
1457 2490 1576 2528 Quinc—-

915 2542 960 2573 til.
977 2542 1070 2572 Decl.
1087 2541 1109 2572 i.
1125 2542 1154 2572 6.

959 2592 1010 2621 37.
1035 2591 1093 2620 His
1110 2597 1140 2620 lu
1160 2590 1334 2630 militibus]
1362 2590 1397 2619 In
1417 2600 1478 2619 uuo
1501 2589 1573 2620 Mo-

915 2640 983 2673 reti.
1015 2641 1143 2669 mulmis.
1191 2640 1293 2674 Forte„
1319 2640 1361 2668 his
1385 2639 1575 2674 cmnmililiis,

915 2689 963 2719 vel
995 2690 1214 2719 commilitibus.
1251 2688 1422 2719 Hem-sius.
1468 2688 1573 2717 Male:

916 2739 987 2769 Dux
1014 2745 1056 2768 0:31
1075 2738 1206 2779 Cupido,
1233 2736 1346 2768 milites
1370 2743 1397 2767 ct
1424 2736 1575 2767 satellites
