1849 3198
595 200 940 246 HEROIDES.
975 201 1066 243 ΕΡ.
1105 200 1294 244 XVIII.

1555 201 1639 241 241

251 318 306 367 Si
331 320 451 367 mihi
478 320 542 367 Di
567 320 755 375 facileS‚
781 325 832 366 et
856 324 972 365 sunt
995 318 1045 364 in
1071 333 1236 365 amore
1262 316 1491 374 secundi3

317 397 491 446 Invitis
516 398 671 446 oculis
697 398 804 444 haec
830 411 941 442 mea
963 395 1115 442 verba
1138 395 1293 458 leges.

250 475 354 523 Sed
372 492 470 523 non
495 482 610 522 sunt
633 474 826 521 faciles:
856 489 970 520 nam
996 489 1084 519 cur
1108 489 1220 520 mea
1237 479 1351 520 vota
1365 478 1633 528 morentur,

318 552 529 600 Currere
553 569 633 600 me
659 551 775 599 nota
800 566 890 598 nec
916 550 1168 614 patiantur
1192 551 1348 613 aquei?
1606 552 1635 596 6

249 628 369 693 Ipsa
390 631 528 677 vides
554 630 734 677 coelum
758 629 871 693 pice
896 628 1107 691 nigrius;
1137 635 1188 675 et
1210 627 1337 675 freta
1360 627 1520 675 ventis

316 707 552 764 Turbida,
581 724 771 772 perque
797 722 943 754 cavas
967 705 1051 753 vix
1076 705 1308 753 obeunda
1332 712 1480 752 rateS.

245 840 355 877 ruinae,
371 851 448 882 quas
465 841 600 872 Z'emenic
615 848 738 874 vocant.
785 840 909 873 Gossel.

248 890 288 922 ad
311 891 494 922 Strabonem
518 890 605 923 Gall.
631 898 706 923 tom.
723 892 764 923 iv.
785 903 818 934 p.
838 893 910 922 133.

247 940 367 971 AMAR.

291 991 322 1020 2.
346 990 378 1020 Si
401 992 491 1021 cadat
514 992 561 1021 ira
586 991 708 1031 muris]
735 990 785 1021 Sic
800 991 909 1032 legen-

247 1038 334 1075 dum,
350 1039 381 1070 id
397 1045 454 1076 est,
469 1039 495 1070 si
510 1050 593 1071 mare
610 1049 672 1070 non
687 1041 833 1081 agitetur,
849 1050 910 1070 non

247 1094 490 1125 commoveatur,
512 1094 547 1120 ut
570 1100 668 1131 usque
691 1089 751 1120 huc
774 1099 910 1120 commo-

247 1143 314 1168 tum
326 1143 385 1168 est.
431 1138 526 1169 CIOF.

292 1187 374 1217 Sesta
390 1188 493 1226 puella
510 1187 594 1227 tibi]
622 1187 775 1217 Inusitate
791 1185 910 1217 dictum

249 1236 342 1272 Sesta‚
358 1246 411 1278 pro
423 1236 527 1272 Sestia,
540 1236 605 1267 sive
618 1236 749 1277 figuram
765 1236 912 1267 malueris

248 1285 363 1321 dicere,
379 1285 443 1316 sive
460 1286 565 1316 Po'etae
582 1285 739 1317 autoritati
755 1285 907 1316 tribuere:

250 1335 312 1371 cui,
328 1346 435 1366 versus
446 1335 558 1376 gratia,
573 1335 778 1377 possessivum
794 1335 852 1366 hoc
868 1335 912 1366 ita

251 1384 387 1415 incidere
403 1384 535 1416 licuerit.
561 1386 752 1416 meums.
798 1384 911 1415 Malim

250 1434 336 1470 Sesti,
352 1434 377 1465 si
392 1445 447 1476 per
468 1434 561 1465 libros
577 1434 721 1476 antiquos
740 1434 844 1465 liceat.
868 1434 911 1465 sic

250 1484 282 1515 in
319 1483 462 1526 Epistola
498 1483 651 1526 Sapphus,
679 1484 763 1514 Lesbi
797 1486 911 1524 puella.

250 1534 360 1565 Sestias
395 1539 479 1564 certe
514 1534 599 1564 Hero
635 1532 734 1564 Statio
770 1538 910 1565 vocatur.

248 1582 350 1613 Theb.
366 1583 408 1613 vi.
425 1583 499 1614 545.

434 1632 520 1663 Sedet
534 1634 625 1663 amia
641 1639 725 1663 turre
739 1644 875 1673 suprema

294 1681 402 1711 Sestias
416 1683 449 1711 in
463 1682 598 1721 speculis.

251 1731 373 1761 Musaeo
388 1741 513 1772 quoque
530 1732 668 1770 Σηστιιὶς
682 1730 782 1773 Ἤρώ.
806 1731 912 1761 ΗΕῙΝ-

251 1791 334 1811 srus.
383 1780 520 1819 Σηστός.
543 1780 559 1811 ὁ
584 1780 733 1819 πολίτης,
759 1779 910 1819 Σίιστιος.

252 1829 335 1860 Hinc
363 1828 512 1860 feminina
536 1830 665 1868 Σηστὶς,
691 1829 855 1868 Σηστίας;
879 1837 913 1860 ut

252 1889 271 1909 a
288 1877 423 1917 Λέσβος,
441 1877 598 1918 Λέσβιος;
618 1878 747 1918 Λεσβὶς,
764 1878 913 1918 Λεσβιάς.

252 1927 363 1969 steph.
388 1927 419 1958 in
443 1938 510 1958 voc.
534 1928 595 1958 Sed
611 1939 630 1958 a
645 1929 748 1964 Sestos,
764 1939 825 1959 non
848 1939 914 1960 ma-

251 1977 299 2018 gis
313 1976 528 2018 patronymica
543 1976 664 2008 formari
680 1983 820 2019 possunt,
834 1988 914 2009 mas-

252 2027 391 2057 culinum
404 2026 513 2062 Sestus,
525 2026 706 2057 femininum
718 2027 809 2062 Sesto,
821 2038 914 2069 quam

252 2086 271 2107 a
288 2076 402 2111 Lesbos,
420 2076 526 2107 Lesbas
542 2081 573 2106 et
592 2077 698 2107 Lesba.
746 2076 842 2108 Missa
857 2078 914 2118 igi-

254 2132 315 2161 tur,
343 2135 413 2166 quae
441 2126 481 2156 V.
504 2126 554 2156 Cl.
581 2125 694 2161 tenuit,
716 2126 914 2163 verecundia,

254 2175 328 2207 Sesti
351 2173 383 2204 in
407 2179 527 2205 textum
551 2174 687 2216 recipere
710 2185 771 2205 non
793 2175 916 2206 dubita-

252 2223 363 2254 verim.
389 2223 536 2254 LENNEP.
576 2224 614 2254 In
629 2224 746 2254 Douzae
763 2224 917 2265 excerptis

254 2274 387 2304 alterum
402 2271 557 2303 distichon
573 2272 665 2315 priori
682 2272 861 2314 subjicitur:

299 2323 407 2362 Aptior
421 2323 477 2352 illa
492 2324 609 2363 quidem
631 2324 752 2362 placida
775 2324 827 2353 dat
851 2334 915 2353 ver-

383 2372 452 2402 bera
466 2379 572 2411 ponto:

302 2420 355 2450 Est
367 2427 464 2451 tumen
475 2428 501 2451 et
511 2433 610 2452 sensus
621 2428 690 2460 apta
703 2423 839 2452 ministra
851 2425 915 2453 mei.

300 2470 330 2500 6.
361 2469 492 2500 Currere
514 2483 558 2501 me
587 2471 685 2511 nant]
729 2471 811 2501 Mota
839 2484 916 2512 aqna

256 2529 310 2560 pro
330 2525 400 2549 nota
427 2520 541 2551 Moreti
564 2520 674 2551 codex.
698 2522 791 2550 «lubia
819 2521 918 2562 prima

257 2567 365 2599 editio.
391 2568 488 2599 infra:

389 2617 476 2651 Quod
490 2620 579 2648 dubia
595 2629 665 2658 serpe
675 2621 815 2659 pependit
831 2632 918 2660 aqua.

755 2669 874 2699 Hmsvs.

265 2715 348 2745 Muta
375 2728 452 2755 aqua
475 2727 534 2747 non
560 2717 650 2748 facile
676 2718 801 2759 quidem
828 2729 918 2760 repu-

259 2764 427 2803 diandum3
443 2766 588 2806 frequens
599 2768 679 2797 enirn
697 2766 749 2797 illa
764 2778 822 2798 vox
843 2768 919 2797 l-'o'ess-

306 2817 404 2847 VOL.
423 2819 452 2848 1.

977 840 1027 876 tis,
1052 846 1083 872 et
1107 840 1236 872 confusa
1257 851 1328 872 cum
1351 846 1439 871 nota:
1463 844 1498 871 ut
1522 839 1579 870 lib.
1597 839 1639 870 vi.

977 890 1111 920 Metam.
1135 888 1193 920 ult.
1215 889 1262 920 iii.
1285 890 1368 921 Fast.
1390 890 1463 920 347.
1483 894 1516 920 et
1531 889 1639 920 Valer.

978 939 1064 970 Flac.
1079 950 1109 970 v.
1129 940 1184 969 44.
1200 938 1256 969 sed
1271 949 1343 970 cum
1361 950 1432 970 mox
1447 940 1500 969 27.
1524 939 1638 968 Adsue-

979 994 1024 1019 tas
1038 1000 1129 1029 aquas
1144 993 1244 1025 vocet,
1261 999 1339 1030 quas
1354 989 1404 1019 hic
1421 996 1515 1025 notas,
1532 989 1640 1030 vulga-

977 1042 1041 1069 tam
1056 1037 1222 1068 lectionem
1235 1047 1336 1068 servo.
1382 1039 1501 1069 Enim.

1015 1087 1044 1118 7.
1055 1087 1124 1127 Ipsa
1134 1089 1214 1118 vides
1223 1089 1328 1119 coelum
1337 1089 1403 1127 pice
1410 1090 1548 1130 nigrius5
1560 1087 1636 1128 &c.]

978 1137 1210 1179 Tempestatem
1240 1137 1283 1168 sic
1313 1137 1453 1168 Musaeus
1481 1137 1640 1173 describit,

979 1185 1011 1216 in
1027 1196 1090 1227 qua
1102 1185 1194 1227 periit
1206 1186 1367 1225 Leander3
1391 1187 1465 1223 309,
1480 1198 1537 1229 sqq
1553 1199 1560 1217 :

1022 1236 1093 1271 Νὺξ
1109 1235 1165 1273 ἦν,
1182 1235 1251 1267 εὖτε
1264 1235 1408 1278 μάλιστα
1421 1236 1640 1279 βαρυπνείον-

1066 1296 1118 1322 τες
1130 1284 1242 1323 ἀῆται,

1023 1334 1191 1376 Χειμερίῃς
1227 1336 1384 1377 πνοιῇσιν
1412 1334 1643 1374 ἀκοντίζοντες

1065 1383 1177 1422 ἀῆται,

1021 1432 1161 1475 ἈΘρόον
1186 1433 1406 1476 ἐμπίπτουσιν
1428 1435 1483 1466 ἐπὶ
1505 1434 1643 1477 ῥηγμῖνι

1067 1483 1249 1523 θαλάσσης·

1023 1533 1071 1571 Δή
1093 1532 1167 1564 τότε
1189 1532 1367 1576 Λείανὸρός
1384 1547 1458 1577 περ,
1483 1535 1644 1577 ἐθὴμονος

1066 1582 1172 1614 ἐλπίδι
1190 1583 1330 1626 νύμφης,

1022 1632 1242 1673 Δυσχελάόων
1251 1633 1415 1676 πεφόρητο
1429 1634 1645 1666 Θαλασσαΐων

1066 1680 1120 1712 ε’πὶ
1137 1682 1263 1713 νώτων.

1017 1728 1104 1768 ”Ηόη
1119 1730 1238 1772 κύματι
1261 1733 1346 1773 κῦμα
1368 1731 1548 1768 κυλίνδετο,
1565 1732 1643 1774 σὺγ-

1066 1792 1146 1820 χυτο
1162 1779 1188 1811 δ’
1202 1780 1299 1823 ὕδωρ,

1026 1829 1133 1871 ΑἶΘέρι
1161 1830 1294 1872 μίσγετο
1324 1832 1461 1869 πόντος,
1488 1830 1644 1874 ἁνέργετο

1069 1878 1236 1910 πάντοθεν
1251 1880 1320 1921 ἠχὴ

1026 1927 1261 1970 Μαρναμένων
1288 1928 1430 1971 ἀνέμων·
1461 1929 1591 1972 Ζεφύρῳ
1619 1928 1645 1960 δ’

1067 1976 1250 2009 ἁντέπνεεν
1266 1978 1382 2019 Εὖρος,

1027 2026 1093 2057 Καὶ
1108 2026 1216 2064 Νότος
1227 2026 1258 2064 ἐς
1274 2026 1396 2069 Βορέην
1410 2026 1558 2069 μεγάλας
1572 2027 1645 2069 ἀφέ-

1068 2088 1146 2114 ηκεν
1159 2075 1311 2114 ἀπειλάς·

1026 2126 1093 2158 Καὶ
1108 2125 1233 2163 κτύπος
1248 2126 1292 2164 ἦν
1304 2126 1462 2165 ἀλίαστος
1473 2126 1645 2169 ἐρισμαρά-

1070 2187 1138 2217 γοιο
1152 2174 1338 2214 θαλάσσης.
1482 2175 1601 2206 Amin.

1028 2224 1136 2255 Nonne
1159 2225 1237 2254 vides
1258 2224 1426 2255 Bernensis
1441 2224 1560 2263 codex;
1584 2235 1646 2257 non

984 2274 1158 2306 invenuste.
1183 2273 1237 2304 sed
1263 2285 1345 2305 vers.
1363 2275 1415 2305 70.
1460 2273 1531 2313 Ipsa
1557 2277 1646 2306 vides.

984 2324 1094 2354 Horat.
1112 2323 1135 2354 i.
1153 2322 1217 2353 Od.
1234 2321 1276 2353 ix.

1031 2373 1126 2409 Vides,
1137 2379 1172 2403 ut
1187 2373 1250 2402 altu
1262 2378 1316 2402 stet
1333 2374 1400 2402 nive
1415 2373 1579 2403 candidum
1595 2372 1646 2403 So-

1068 2429 1164 2453 racte.
1487 2422 1604 2453 Bumr.

1028 2473 1058 2502 8.
1084 2472 1200 2512 Perque
1221 2483 1308 2502 caras
1322 2474 1366 2501 vii
1385 2472 1517 2501 obeunda
1532 2472 1643 2511 rates]

985 2523 1129 2552 Abeunda
1142 2521 1281 2562 quinque
1297 2520 1414 2563 scripti.
1430 2526 1491 2551 tres
1501 2523 1646 2551 obeunda.

985 2570 1067 2612 quod
1082 2581 1188 2601 verum
1204 2576 1260 2600 est.
1284 2570 1328 2601 sic
1345 2570 1484 2612 Epistola
1498 2570 1560 2600 xvi.
1577 2571 1647 2600 175.

1029 2620 1152 2659 Sceptra
1170 2631 1278 2658 parens
1294 2621 1379 2655 Asine,
1395 2632 1453 2659 qua
1472 2620 1561 2649 nulla
1581 2621 1645 2649 bea-

1114 2670 1172 2697 tior
1187 2680 1237 2698 ora
1253 2675 1304 2698 est.

1077 2718 1199 2749 Finibus
1216 2720 1361 2748 immensis
1388 2720 1433 2748 vir
1449 2718 1583 2747 obeunda
1607 2722 1647 2746 lc—

1117 2775 1177 2797 net.
1491 2766 1604 2795 Hrrxs.

1067 2820 1090 2848 R
