1849 3198
593 195 891 238 AMORUM.
945 194 1065 236 LIB.
1099 194 1137 235 Ι.
1169 195 1238 236 11.
1539 195 1623 236 331

234 311 534 358 Scindentur
557 318 739 367 vestes,
766 326 975 373 gemmae
1000 309 1290 372 frangentur
1315 316 1365 356 et
1389 325 1561 356 aurum
1581 327 1590 357 :

299 388 535 435 Carmina
559 404 710 451 quam
734 388 970 442 tribuent,
999 386 1130 434 fama
1154 386 1386 451 perennis
1412 387 1519 433 erit.

232 464 340 512 Nec
366 466 500 520 dare,
528 466 617 512 sed
642 465 856 528 pretium
881 465 1021 528 posci
1048 465 1289 527 dedignor
1315 471 1364 511 et
1388 465 1486 511 odi.

298 542 445 597 Quod
470 560 597 605 nego
622 543 864 607 poscenti,
892 542 1064 589 desine
1088 542 1243 599 velle3
1284 541 1432 588 dabo,

699 813 1001 860 ELEGIA
1059 812 1154 859 XI.

231 915 482 978 Colligere
507 915 738 968 incertos,
767 920 816 960 et
841 913 890 959 in
915 912 1088 959 ordine
1114 929 1316 976 ponere,
1343 912 1505 960 crines

297 993 475 1048 Docta,
503 1008 667 1054 neque
694 990 899 1037 ancillas
926 991 1053 1038 inter
1078 991 1324 1047 habenda,
1354 990 1400 1037 N
1407 1007 1527 1054 ape;

228 1070 389 1133 Inque
415 1069 700 1131 ministeriis
727 1068 916 1116 furtivae
942 1068 1144 1130 cognita
1167 1069 1327 1116 noctis

295 1133 540 1227 Utilisyzet
564 1146 740 1193 dandis
768 1145 1026 1207 ingeniosa
1051 1145 1210 1202 notis;

229 1224 377 1288 Saepe
395 1224 562 1271 venire
588 1224 650 1270 ad
676 1239 755 1269 me
774 1222 1087 1269 dubitantem
1108 1222 1304 1269 hortata
1326 1221 1619 1277 Corinnam3

296 1301 444 1365 Saepe
468 1300 712 1348 laboranti
738 1299 838 1346 fida
862 1306 1058 1362 reperta
1082 1300 1230 1357 mihi3
1594 1302 1622 1345 6

229 1378 436 1442 Accipe,
465 1391 515 1426 et
540 1379 602 1426 ad
628 1378 881 1425 dominam
908 1384 1160 1440 peraratas
1186 1392 1331 1424 mane
1355 1376 1566 1423 tabellas

294 1455 467 1503 Perfer
483 1462 586 1520 {get
611 1456 870 1502 obstantes
897 1454 1072 1500 sedula
1096 1455 1226 1517 pelle
1252 1470 1431 1500 moraS.

272 1606 364 1636 1-2,
405 1605 553 1646 Colligere
588 1607 780 1635 incertos....
794 1605 890 1634 crines

224 1658 322 1691 docta,
337 1654 411 1694 δια]
438 1655 556 1685 Notato
573 1653 744 1695 graecismo,
762 1654 802 1684 ad
824 1663 890 1684 ma-

219 1704 290 1745 jora
325 1703 562 1734 transeundum.
607 1702 656 1733 Ac
687 1702 786 1744 primo
821 1701 889 1743 qui-

224 1752 295 1784 dem
310 1752 482 1788 sciendum,
492 1751 708 1793 gravissimum
720 1752 891 1792 crdificandi

223 1804 330 1843 capitis
344 1812 458 1832 munus
475 1812 538 1832 non
559 1800 651 1832 unius
666 1800 790 1831 ancillae
807 1800 891 1842 apud

225 1852 387 1882 Romanas
402 1850 497 1881 fuisse
510 1862 518 1888 ;
541 1850 597 1881 sed
608 1850 714 1891 plures
728 1851 817 1890 (quae
831 1861 891 1880 cos-

224 1907 307 1932 metae
335 1905 367 1932 et
394 1902 560 1930 ornatrices
584 1899 804 1938 dicebantur,)
832 1899 891 1929 sibi

224 1952 411 1983 vindicasse.
441 1953 582 1988 Quarum
597 1949 652 1981 uni
668 1960 743 1980 cura
757 1950 891 1991 primum

223 2001 474 2032 demandabatur
498 1998 665 2042 crispandi,
693 2004 724 2029 et
750 1998 892 2029 vibrandi

224 2050 365 2092 capillos,
391 2049 494 2079 calido
522 2049 609 2084 ferro,
640 2047 723 2089 quod
752 2048 890 2078 calamis-

225 2107 306 2130 trum
335 2099 511 2136 vocabant;
545 2098 699 2139 ciniflones
727 2108 810 2131 vero,
836 2097 888 2138 qui

224 2154 328 2190 partes
342 2148 422 2178 hanc
439 2147 542 2177 cultus
560 2146 721 2177 muliebris
736 2145 889 2187 adimple-

223 2199 312 2228 bant.
359 2196 492 2226 Subibat
528 2206 610 2231 mox,
650 2206 720 2236 quae
754 2194 889 2224 vibratos

223 2245 354 2288 capillos
368 2245 462 2286 largis
478 2243 630 2286 unguenti
646 2243 813 2285 cujuslibet
832 2244 889 2273 im-

223 2296 331 2326 bribus
359 2294 521 2335 irrigaret3
560 2299 592 2324 et
621 2294 659 2324 ab
689 2293 756 2334 ipso
788 2292 889 2324 officio

226 2345 333 2375 Psecas
348 2344 383 2385 (a
405 2343 544 2385 ψεκάζω,
560 2344 651 2378 stillo,
670 2342 782 2384 irrigo)
799 2341 886 2373 dicc—

222 2396 325 2426 batur.
369 2393 512 2424 Tandem
544 2392 717 2423 accedebat
748 2393 798 2432 (et
830 2392 888 2422 hoc

224 2444 313 2486 quasi
327 2443 472 2485 quandam
485 2448 550 2473 erat
561 2442 747 2484 praesectura
760 2441 888 2483 capillo-

224 2495 311 2533 rum)
327 2495 476 2528 ormitrir,
488 2503 557 2534 quae
571 2491 703 2534 pectinis
718 2491 767 2522 vel
781 2493 888 2521 discer-

223 2543 321 2573 niculz'
350 2552 419 2583 ope,
446 2543 579 2572 collectos
604 2541 705 2571 crines
730 2542 761 2570 in
787 2542 891 2570 ordine

224 2597 364 2634 poneret,
381 2597 412 2621 et
426 2590 537 2621 docilis
553 2589 593 2620 ad
615 2589 775 2620 arbitrium
791 2588 890 2618 domi-

226 2651 274 2671 nae
289 2641 440 2671 flecteret.
488 2640 556 2669 Hoc
575 2638 684 2678 Napes,
707 2644 742 2668 ut
757 2638 891 2674 videtur,

226 2690 383 2727 officium3
418 2699 481 2730 qua
504 2693 627 2730 propter
651 2687 819 2729 plurimum
847 2686 892 2717 illi

226 2738 309 2780 apud
332 2738 490 2769 dominam
518 2737 637 2778 gratiae,
655 2747 711 2768 nec
734 2739 814 2766 inter
837 2748 891 2766 an-

957 1604 1044 1633 cillas
1069 1603 1214 1632 habenda.
1261 1602 1325 1633 Cur
1342 1612 1412 1632 vero
1435 1601 1521 1641 Nape
1540 1601 1624 1632 dicta

958 1651 1060 1688 fuerit,
1091 1662 1152 1682 non
1181 1651 1282 1687 video,
1314 1651 1374 1681 nisi
1407 1650 1574 1681 deduxeris
1608 1661 1626 1681 a

958 1700 1076 1738 νάπος,
1094 1701 1203 1737 saltus,
1218 1701 1306 1731 locus
1329 1699 1463 1741 quilibet
1480 1701 1623 1730 arborum

958 1751 1112 1782 densitate
1129 1751 1337 1781 subobscurus
1351 1761 1358 1787 3
1373 1749 1456 1780 unde
1471 1751 1625 1786 ναπαῖαι,

959 1800 1117 1842 nymphre,
1146 1799 1236 1830 istius
1265 1798 1350 1829 modi
1379 1799 1516 1829 locorum
1545 1810 1624 1840 prae-

959 1850 1050 1881 sides.
1097 1849 1190 1886 Quod
1213 1859 1250 1879 eo
1274 1848 1424 1879 libentius
1443 1847 1622 1884 admittam,

959 1899 1043 1940 quod
1058 1899 1127 1941 ipsa
1147 1899 1239 1940 Nape
1264 1899 1384 1939 cognita
1400 1897 1433 1927 in
1449 1897 1626 1928 ministeriis

948 1949 1081 1990 furtivae
1097 1947 1382 1978 710clis.—-—Incertos
1397 1948 1513 1977 crines:
1529 1958 1623 1988 quern

958 1998 991 2028 in
1006 1998 1145 2028 ordinem
1160 2002 1356 2039 ponerentur.
1401 1996 1518 2026 AMAR.

1005 2047 1165 2087 lucei-tos]
1200 2047 1354 2077 Turbatos
1392 2051 1422 2076 et
1459 2044 1624 2087 indisposi-

958 2102 1004 2126 tos
1020 2097 1141 2127 Marius
1164 2094 1300 2137 exponit.
1324 2094 1379 2125 sed
1395 2105 1499 2135 quiere
1518 2105 1623 2124 exem-

957 2146 1043 2187 plum
1068 2145 1159 2186 liujus
1184 2144 1368 2174 locutionis:
1396 2144 1501 2174 Editio
1524 2143 1621 2185 prima

957 2200 989 2225 et
1017 2194 1156 2235 quinque
1186 2193 1323 2228 codices,
1352 2194 1507 2230 incomtas5
1540 2192 1623 2233 quod

957 2244 1092 2285 planius.
1127 2244 1268 2284 colligere
1292 2252 1363 2273 vero
1384 2248 1431 2272 est
1456 2244 1488 2272 in.
1513 2244 1623 2272 nudum

956 2294 1107 2334 colligere,
1124 2298 1157 2323 ut
1179 2291 1316 2333 loquitur
1338 2290 1394 2322 lib.
1421 2291 1465 2321 iii.
1487 2292 1622 2322 Metam.

962 2343 1032 2372 170.
1080 2343 1197 2372 Bumu.

1001 2393 1033 2422 7.
1058 2393 1177 2430 Accipe,
1194 2398 1221 2421 et
1238 2393 1276 2421 nd
1298 2392 1446 2420 (lominum
1468 2396 1624 2429 peraratas

957 2452 1043 2470 manc
1081 2441 1204 2470 tabellas
1243 2439 1379 2481 Perseia]
1420 2438 1492 2469 Sine
1529 2439 1625 2468 dubio

958 2502 1043 2520 mane
1059 2489 1097 2520 ad
1119 2490 1221 2530 perfer
1236 2494 1283 2519 est
1307 2488 1525 2525 referendum;
1548 2487 1623 2517 dum

958 2539 1040 2569 enim
1077 2545 1213 2569 comeret
1250 2537 1420 2573 dominam,
1451 2536 1623 2578 Epistolam

959 2588 1087 2618 reddere
1103 2587 1252 2618 debebat.
1277 2587 1322 2617 ita
1336 2585 1476 2628 praecipit
1492 2585 1625 2616 Ovidius

962 2637 1025 2679 ipse
1041 2636 1064 2666 i.
1081 2636 1150 2667 Art.
1167 2637 1243 2667 367.
1289 2636 1519 2666 BunMANst.
1564 2635 1622 2664 Ac-

960 2687 1033 2725 cipe,
1060 2692 1088 2716 et
1112 2687 1151 2715 acl
1178 2687 1327 2715 domanam.
1355 2684 1478 2713 tabellas
1507 2682 1624 2723 Perfer.

960 2734 1100 2766 Tabellae
1114 2745 1185 2765 cera
1200 2734 1299 2769 illitae,
1313 2732 1344 2763 in
1354 2733 1467 2773 quibus
1482 2741 1622 2773 pungen-
