1849 3198
671 201 1017 245 HEROIDES.
1051 201 1143 243 ΕΡ.
1177 201 1315 244 XVI.

1602 203 1688 245 215

295 322 376 369 Ah
401 320 613 385 quoties,
640 318 855 368 lacrimis
879 317 1209 374 venientibus,
1237 334 1323 366 ora
1343 318 1532 375 reflexi,

364 398 444 446 Ne
469 414 698 445 caussam
723 397 868 444 fletus
895 402 1139 459 quaereret
1163 396 1244 443 ille
1270 396 1388 444 mei!

1588 399 1686 444 240

296 475 376 523 Ah
402 476 598 540 quoties
617 476 858 538 juvenum
886 472 1078 520 narravi
1103 478 1249 536 potus
1276 489 1484 529 amores,

362 552 445 600 Ad
469 553 632 600 vultus
658 551 875 599 referens
903 550 1100 612 singula
1121 550 1274 596 verba
1297 551 1436 597 tuos!

298 629 647 693 Indiciumque
672 629 770 677 mei
795 629 912 676 ficto
938 628 1031 675 sub
1057 627 1254 674 nomine
1279 626 1392 674 feci.

365 707 456 755 Ille
481 724 591 770 ego,
612 707 653 754 si
678 707 858 763 nescis,
884 722 1028 754 verus
1055 712 1245 753 amator
1268 721 1420 753 eram.

298 784 433 839 Quin
458 785 624 841 etiam,
651 792 707 831 ut
730 800 932 848 possem
957 783 1119 831 verbis
1145 782 1451 847 petulantius
1476 782 1564 838 uti,
1591 785 1687 829 245

367 862 484 909 Non
508 863 663 910 semel
687 862 902 910 ebrietas
928 868 1005 909 est
1030 861 1260 908 simulata
1283 861 1420 908 mihi.

300 938 506 987 Prodita
529 947 644 987 sunt
668 939 917 1003 (memini)
942 939 1112 986 tunica
1134 945 1223 985 tua
1244 945 1450 1002 pectora
1472 937 1604 993 laxa,

366 1016 535 1080 Atque
560 1017 716 1065 oculis
736 1017 926 1065 aditum
952 1016 1087 1063 nuda
1110 1015 1291 1063 dedere
1315 1015 1468 1071 meis;

301 1092 516 1142 Pectora
540 1096 616 1142 vel
642 1095 778 1159 puris
804 1095 1016 1150 nivibus,
1042 1095 1120 1142 vel
1144 1094 1290 1150 lacte,
1317 1101 1557 1157 tuamque

368 1171 648 1236 Complexo
672 1179 882 1220 matrem
901 1172 1191 1220 candidiora
1213 1171 1355 1219 Jove.

1593 1173 1691 1217 250

303 1247 438 1296 Dum
463 1257 641 1314 stupeo
666 1250 799 1307 visis,
828 1252 965 1313 (nam
990 1251 1171 1315 pocula
1194 1249 1319 1298 forte
1343 1248 1600 1309 tenebam)

368 1326 566 1374 Tortilis
592 1344 618 1375 e
643 1328 812 1391 digitis
838 1329 1027 1376 excidit
1050 1345 1173 1376 ansa
1196 1329 1338 1375 meis.

301 1403 492 1452 Oscula
517 1405 557 1452 si
581 1411 710 1453 natae
735 1406 972 1464 dederas3
1014 1422 1105 1469 ego
1131 1405 1355 1469 protinus
1380 1404 1464 1451 illa

368 1480 665 1531 Hermiones
691 1489 860 1531 tenero
885 1483 1030 1530 laetus
1057 1483 1119 1530 ab
1146 1498 1230 1530 ore
1254 1482 1362 1529 tuli.

303 1557 370 1606 Et
394 1561 541 1607 modo
561 1561 824 1608 cantabam
843 1568 1035 1608 veteres
1057 1560 1320 1624 resupinus
1348 1574 1564 1606 amores:
1593 1559 1690 1604 255

370 1636 436 1684 Et
460 1638 606 1685 modo
632 1654 721 1702 per
746 1646 921 1686 nutum
947 1638 1090 1700 signa
1113 1637 1331 1700 tegenda
1356 1636 1555 1684 dabam.

344 1767 421 1798 239.
445 1767 594 1798 Lacrimis
616 1769 833 1809 venientibus]
862 1769 959 1800 Fran-

298 1817 368 1848 cius
389 1817 525 1853 volebat‚
548 1820 721 1854 orientibus,
737 1819 787 1849 vel
811 1821 962 1850 mananti-

301 1868 364 1903 bus,
380 1877 560 1909 perperam:
586 1867 640 1898 lib.
651 1868 672 1899 i.
687 1868 756 1899 Art.
772 1869 847 1899 661.

346 1917 378 1946 Si
394 1918 533 1953 lacrimae,
546 1929 598 1947 nec
613 1919 691 1947 enim
704 1920 827 1949 veniunt
843 1920 874 1948 in
890 1924 962 1949 tem-

428 1978 499 2006 pore
513 1978 634 2006 semper,

391 2015 559 2057 Deficiunt.
798 2018 918 2048 Bunm.

347 2066 421 2095 241.
439 2065 465 2096 Ο
476 2067 585 2106 quoties
599 2067 726 2106 aliquem
739 2068 864 2096 narravi
878 2073 964 2106 potus

300 2114 458 2155 amorem]
487 2115 512 2144 Ο
540 2116 651 2155 quoties
669 2117 820 2155 juvenum
847 2116 962 2146 Putea-

303 2174 380 2194 neus
405 2174 460 2206 pro
487 2162 609 2194 diversa
635 2163 784 2194 lectione.
809 2164 963 2205 quomodo

301 2221 334 2245 et
345 2214 398 2245 alii
409 2213 562 2244 nonnulli.
572 2213 681 2245 decem
693 2214 809 2255 scripti,
813 2217 964 2254 juvenum

303 2275 424 2294 umores.
439 2268 470 2294 et
485 2269 580 2294 recte.
606 2264 654 2295 Τὰ
670 2262 900 2305 παιδεράστικα
914 2263 962 2294 in-

304 2313 384 2344 nuit.
401 2313 445 2344 sic
459 2313 542 2354 apud
558 2314 681 2344 Maron.
697 2313 825 2344 AEneid.
840 2324 871 2344 x.
887 2314 963 2344 324.

350 2362 396 2393 Τιι
408 2363 691 2404 quoqueflarentem
703 2365 802 2402 prima
820 2363 965 2404 lanugine

389 2412 484 2441 malus

350 2461 431 2491 Dum
448 2461 575 2500 sequeris
593 2461 738 2500 Clytium,
756 2461 873 2503 infelix,
890 2472 965 2490 nova

390 2511 517 2551 gaudia,
533 2509 647 2550 Cydon,

352 2561 513 2591 Dardania
549 2566 662 2590 stratus
698 2561 815 2595 (leura,
846 2570 967 2590 securus

391 2621 535 2646 amm-um,

353 2660 571 2699 Qnijuvenum
584 2661 635 2689 tibi
647 2670 756 2698 semper
768 2665 866 2694 cranii,
883 2659 965 2694 vriso-

393 2710 638 2748 rande,jaceres.

308 2758 377 2789 Hoc
393 2758 471 2793 vult,
492 2758 549 2788 sub
575 2756 786 2798 paederastiris
809 2767 840 2787 sc
858 2755 967 2786 amoris

1029 1767 1077 1798 sui
1092 1767 1300 1798 narrationem
1311 1765 1496 1797 occuluisse.
1520 1765 1694 1795 Hmsms.

1029 1817 1072 1847 sie
1087 1816 1191 1847 Cicer.
1208 1816 1251 1846 iv.
1267 1815 1362 1846 Tusc.
1377 1815 1430 1845 33.
1446 1813 1523 1845 dicit
1537 1813 1693 1850 Alcaeum,

1029 1868 1223 1905 dejiwenum
1239 1865 1388 1895 amoribus
1404 1865 1561 1903 scripsisse.

1073 1915 1149 1945 250.
1173 1914 1276 1954 Jove.]
1306 1913 1479 1944 Vossianus
1506 1912 1623 1953 Cygno.
1648 1911 1693 1941 sic

1030 1970 1061 1995 et
1078 1963 1227 1994 Horatius
1243 1962 1375 2005 primam
1387 1963 1419 1992 in
1437 1962 1542 2003 Cygno
1556 1960 1693 2002 corripit.

1030 2013 1102 2045 vide
1125 2024 1194 2054 quae
1225 2018 1295 2043 noto
1322 2012 1378 2042 lib.
1404 2011 1459 2042 vii.
1485 2011 1567 2041 Met.
1585 2010 1694 2041 fabula

1030 2063 1181 2103 Prognes.
1206 2062 1382 2092 HEINsws.
1428 2060 1560 2091 Lucian.
1579 2059 1612 2090 in
1634 2060 1692 2091 Ju-

1030 2111 1113 2143 dicio
1130 2112 1281 2148 Dearum,
1295 2112 1334 2142 de
1350 2111 1488 2142 Helena:
1506 2111 1603 2149 λευκή
1618 2111 1691 2151 μὲν,

1031 2160 1107 2194 o'c'av
1133 2162 1216 2199 εἰκὸς
1244 2161 1278 2192 ἐκ
1305 2161 1427 2193 κύκνου
1456 2159 1694 2202 γεγενημένην.

1032 2213 1150 2243 ΒυΙῑΜ.

1075 2263 1151 2293 252.
1178 2261 1329 2302 Ewiditq
1362 2261 1457 2291 MSS.
1482 2259 1544 2290 duo
1567 2260 1693 2290 decidit.

1032 2311 1110 2343 forte
1126 2313 1246 2343 recidit.
1264 2311 1331 2342 vid.
1355 2310 1395 2342 ad
1411 2311 1472 2352 Ep.
1490 2308 1552 2340 xiv.
1569 2310 1622 2340 46.
1639 2308 1695 2340 sed

1032 2361 1162 2403 vulgata
1176 2361 1227 2393 hic
1240 2360 1365 2392 retineri
1376 2365 1489 2403 potest.
1502 2360 1628 2391 Petron.
1642 2360 1694 2389 34.

1034 2411 1171 2442 Ceterum
1187 2413 1268 2442 inter
1283 2411 1443 2446 tumultus,
1462 2421 1527 2440 cum
1539 2408 1627 2450 Jbrte
1640 2419 1694 2447 pn-

1032 2462 1128 2500 rapsis
1148 2462 1312 2496 mcidisset,
1328 2465 1356 2490 et
1376 2461 1615 2499 pum-jacentem
1630 2468 1693 2488 sus-

1034 2511 1161 2540 tulis-set.
1185 2510 1238 2539 ubi
1254 2509 1324 2540 vide
1341 2514 1460 2539 notata.
1507 2508 1623 2537 Burni.

1077 2559 1152 2589 256.
1177 2559 1271 2599 Signa
1290 2558 1447 2598 tegenda]
1475 2557 1616 2598 Legenda
1640 2566 1693 2586 ex-

1034 2614 1140 2649 cerpta
1166 2607 1346 2639 Gallicana.
1374 2607 1456 2648 quod
1483 2612 1515 2637 et
1538 2606 1693 2636 Slichten-

1034 2657 1150 2687 horstio
1166 2657 1197 2687 in
1215 2663 1349 2687 mentem
1375 2661 1514 2687 venerat.
1531 2654 1585 2686 sed
1600 2654 1695 2685 male.

1034 2706 1133 2747 Epist.
1149 2717 1217 2747 seq.
1233 2708 1286 2736 82.
1313 2712 1387 2736 lectu
1403 2707 1502 2745 signa.

1165 2810 1221 2838 1³4
