1849 3198
211 185 298 226 366

609 183 1222 226 P.0V[DHJNASONTS

215 300 314 346 Pro
340 300 522 362 quibus
547 299 719 346 officiis
746 300 959 363 pretium
985 299 1105 346 mihi
1131 300 1277 347 dulce
1304 302 1537 364 repende,

280 377 593 424 Concubitus
619 377 783 432 hodie,
813 377 954 424 fusca
979 376 1214 440 Cypassi,
1241 385 1371 424 tuoS.

211 454 345 508 Quid
372 454 553 509 renuiS,
581 454 828 516 fingisque
855 470 1023 507 nOVOS‚
1052 453 1258 515 ingrata,
1288 454 1520 501 timores?

280 531 449 577 Unum
475 538 552 578 est
576 547 602 578 e
627 531 840 578 dominis
866 532 1138 578 emeruisse
1165 531 1302 578 satiS.

211 607 360 663 Quod
386 608 426 654 si
448 609 599 654 stulta
623 625 792 670 negas,
821 608 971 655 index
998 616 1229 655 anteacta
1253 607 1476 661 fatebor;
1540 612 1603 655 25

280 684 346 731 Et
369 685 562 731 veniam
588 685 749 748 culpae
777 685 995 747 proditor
1020 686 1127 748 ipse
1153 701 1293 732 meae.

212 760 427 823 Quoque
452 761 561 808 loco
586 769 753 808 tecum
778 761 970 817 fuerim,
999 762 1318 824 quotiesque,
1349 761 1581 825 Cypassi,

280 837 504 885 Narrabo
530 838 759 894 dominae,
789 845 1012 900 quotque
1040 839 1323 901 quibusque
1349 839 1525 886 modis.

688 1059 989 1107 ELEGIA
1038 1060 1131 1108 IX.

214 1166 258 1211 O
286 1179 559 1227 numquam
584 1178 671 1226 pro
699 1178 776 1208 me
804 1160 923 1208 satis
950 1161 1204 1223 indignate
1232 1162 1447 1226 Cupido,

280 1242 323 1288 O
352 1243 401 1288 in
427 1241 574 1288 corde
601 1255 711 1285 meo
737 1238 985 1285 desidiose
1011 1239 1158 1300 puer!

213 1320 345 1374 Quid
372 1336 468 1374 me,
496 1318 579 1381 qui
607 1316 748 1363 miles
775 1331 1030 1378 nunquam
1056 1322 1142 1362 tua
1166 1316 1307 1378 signa
1333 1317 1525 1381 reliqui,

279 1396 476 1444 Laedis?
514 1403 564 1442 et
589 1395 637 1441 in
663 1394 838 1440 castris
863 1393 1092 1439 vulneror
1116 1394 1223 1457 ipse
1250 1394 1407 1441 meis?

213 1474 317 1520 Cur
342 1481 428 1520 tua
451 1472 534 1519 fax
560 1472 672 1527 urit,
700 1471 807 1533 figit
831 1477 946 1517 tuus
972 1487 1115 1517 arcus
1141 1472 1361 1518 amicos?
1573 1476 1601 1519 5

279 1550 450 1597 Gloria
474 1556 754 1613 pugnantes
780 1549 976 1595 vincere
1003 1550 1160 1611 major
1186 1556 1306 1596 erat.

212 1627 373 1682 Quid?
400 1643 498 1673 non
525 1625 833 1680 HaemoniUS,
862 1641 1011 1688 quem
1038 1627 1244 1690 cuspide
1269 1626 1495 1690 perculit,
1520 1627 1604 1673 he-

280 1703 579 1751 Confossum
606 1703 800 1749 medica
829 1703 1091 1764 postmodo
1111 1703 1239 1765 juvit
1264 1703 1393 1766 ope?

210 1865 299 1901 rexit,
320 1865 387 1907 jam
407 1865 517 1895 Donza
541 1863 746 1894 adnotaverat
768 1863 872 1904 legen-

210 1913 297 1949 dum,
314 1920 344 1944 et
368 1913 547 1955 explicabat
569 1923 622 1954 per
643 1913 813 1946 meministi,
827 1922 873 1940 re-

209 1964 290 1992 colis.

253 2012 308 2042 24.
338 2011 439 2041 Unum
465 2017 503 2041 est
531 2022 546 2040 e
571 2012 695 2040 dorniuis
723 2012 875 2040 emeruisse

210 2061 308 2100 satis]
336 2060 441 2096 Quum
466 2060 544 2090 duos
572 2059 686 2089 habeut
713 2058 872 2100 Cypassis,

211 2109 265 2150 qui
281 2108 340 2140 sibi
354 2109 517 2150 imperent,
529 2108 697 2138 Corinnam
708 2108 828 2138 scilicet
843 2113 874 2138 et

212 2158 373 2193 Ovidium,
389 2160 459 2188 satis
478 2158 523 2187 illi
547 2159 587 2187 sit
602 2169 697 2187 unum
721 2169 737 2188 e
754 2157 875 2188 duobus

211 2207 379 2248 (Ovidium
417 2207 511 2243 dicit)
539 2207 597 2238 sibi
634 2207 874 2238 c‹)nciliasse.--

217 2258 424 2291 promeruisse,
442 2257 637 2287 Francofurt.
654 2257 704 2287 cui
720 2256 875 2287 accedunt

212 2306 328 2337 Moreti
349 2311 381 2336 et
407 2306 523 2336 Douzae
546 2305 689 2342 codices;
713 2311 744 2336 et
764 2305 872 2335 lectio-

212 2366 281 2386 nem
298 2360 423 2385 tnentur
438 2355 583 2385 Macrob.
608 2355 732 2385 Saturn.
751 2354 782 2384 ii.
799 2355 828 2384 7.
845 2360 876 2384 et

212 2405 300 2435 Suet.
317 2404 348 2434 in
364 2403 448 2444 Aug.
459 2403 502 2434 iii.
548 2403 666 2433 AMAR.

259 2503 285 2533 l.
304 2502 329 2531 Ο
343 2513 495 2542 nimquam
510 2514 562 2541 pro
577 2514 620 2532 me
636 2503 716 2536 salix,
729 2501 808 2541 Sem]
825 2502 875 2532 In-

214 2551 335 2582 vehitur
351 2551 383 2581 in
399 2551 588 2594 Cupidinem
600 2558 700 2593 poeta,
713 2551 765 2592 qui
781 2562 875 2581 unum

213 2612 244 2632 se
270 2600 340 2631 telis
367 2601 430 2631 suis
458 2601 639 2642 petendum,
665 2611 727 2642 prae
758 2600 878 2630 caeteris

214 2649 373 2691 selegerit:
399 2660 520 2680 summa
533 2649 598 2680 haec
612 2648 705 2680 totins
718 2649 875 2680 miminis.

214 2700 288 2730 Jure
305 2698 397 2739 igitur
412 2709 570 2740 nunquam
586 2698 661 2729 satis
685 2700 874 2740 indignatum

216 2752 246 2778 in
263 2760 289 2777 se
305 2748 391 2781 dicit.
404 2755 433 2778 et
451 2748 541 2779 unius
554 2751 582 2777 in
597 2750 682 2778 corde
693 2750 876 2777 ‹leiiilinsunn

1504 1705 1605 1765 [ros

943 1862 974 1892 id
991 1870 1047 1897 est,
1063 1868 1248 1894 cessantem.
1286 1862 1399 1893 Restat
1414 1873 1496 1893 nunc
1513 1873 1607 1894 excu-

943 1911 1093 1946 tiendum,
1109 1922 1148 1941 an
1172 1911 1287 1942 locutio
1311 1911 1377 1941 haec
1400 1923 1453 1951 pro
1476 1923 1530 1947 me,
1546 1923 1608 1953 quo

943 1959 1078 1990 diximus
1101 1971 1203 1996 sensu,
1220 1960 1319 1990 latina
1343 1966 1430 1990 sonet
1454 1960 1606 2001 legitime.

944 2008 1009 2049 Ego
1038 2009 1082 2039 sic
1113 2008 1328 2051 accipiendam
1360 2009 1467 2050 judico
1482 2021 1487 2039 :
1525 2020 1603 2039 nun-

943 2068 1037 2099 quam
1055 2061 1125 2089 satis
1147 2060 1317 2100 indignate,
1341 2059 1394 2088 ubi
1418 2060 1455 2089 de
1479 2071 1523 2089 me
1540 2061 1605 2101 agi-

944 2114 1005 2142 tur,
1019 2118 1112 2148 quem
1129 2107 1253 2138 unicam
1269 2107 1325 2138 tibi
1340 2107 1478 2148 praedam
1495 2107 1608 2138 videris

943 2156 1115 2187 vindicasse
1130 2169 1137 2194 3
1162 2156 1208 2186 vel
1220 2168 1340 2195 prome,
1358 2155 1389 2185 id
1403 2161 1459 2189 est,
1475 2167 1528 2196 pro
1541 2157 1606 2190 illa,

943 2218 1013 2247 quae
1027 2206 1066 2236 ad
1079 2206 1246 2236 amandum
1260 2205 1403 2247 propellit
1416 2216 1476 2240 me,
1488 2205 1604 2236 indole.

943 2257 1022 2292 Qua:
1039 2260 1211 2296 sequuntur
1226 2254 1292 2284 fuse
1303 2253 1377 2284 satis
1392 2254 1563 2295 explicant.

987 2305 1019 2334 7.
1060 2303 1224 2343 Perculit]
1262 2302 1391 2336 Inflixit,
1423 2302 1462 2332 ad
1494 2308 1606 2333 terram

943 2353 1060 2393 adegit.
1108 2353 1225 2382 Notum
1250 2357 1355 2382 autem
1373 2359 1419 2382 est
1433 2351 1563 2394 Telephi
1577 2358 1606 2382 et

946 2402 1078 2433 Achillis
1099 2407 1270 2432 certamen.
1318 2401 1412 2438 Quod
1439 2407 1542 2432 autem
1570 2412 1606 2431 ex

944 2451 1045 2481 Plinio
1060 2450 1198 2481 dicturus
1214 2461 1281 2480 sum
1306 2461 1364 2480 non
1382 2449 1524 2480 omnibus
1538 2460 1608 2491 per-

945 2501 1028 2531 vium
1045 2506 1101 2530 est.
1128 2500 1153 2530 is
1168 2499 1262 2540 igitur
1285 2499 1342 2529 hoe
1358 2498 1503 2529 subtilius
1522 2509 1607 2539 qua?-

945 2561 1013 2580 rcns
1042 2549 1085 2580 ita
1114 2549 1220 2579 scribit
1250 2549 1404 2589 (loquitur
1434 2547 1514 2578 enim
1546 2559 1608 2588 quo

946 2599 1035 2628 niodo
1048 2599 1087 2629 ab
1098 2597 1223 2628 Achille
1233 2597 1390 2639 Telephus
1401 2602 1529 2627 sanatus
1540 2597 1589 2626 fue
1597 2615 1605 2617 „

945 2648 1003 2685 rit)
1022 2658 1094 2688 cap.
1112 2659 1164 2677 xv.
1182 2647 1237 2677 lib.
1255 2646 1359 2676 xxxiv.
1408 2646 1458 2676 Est
1475 2652 1501 2675 et
1525 2646 1608 2675 ruhi-

943 2710 979 2737 ,ρο
997 2699 1054 2737 ipsa
1071 2699 1101 2726 in
1113 2698 1257 2731 remediis,
1269 2703 1293 2726 el
1311 2698 1351 2726 sic
1367 2695 1525 2735 Telephum
1539 2706 1607 2733 pro-

947 2749 1031 2776 ‹litm-
1062 2757 1175 2775 «znasse
1203 2746 1342 2777 Achilles.
1375 2747 1430 2774 sire
1461 2747 1490 2774 id
1521 2754 1607 2779 (τινα,
