1849 3198
567 179 850 223 AMORUM
884 178 1003 221 LIB.
1040 179 1131 222 III.
1165 180 1233 222 11.
1509 181 1593 223 433

201 294 334 357 Ergo
360 311 452 357 ego
478 296 705 350 sustinui,
733 295 918 342 foribus
944 302 1046 342 tam
1072 311 1206 358 saepe
1232 296 1476 359 repulsus,

269 371 547 434 Ingenuum
572 373 696 419 dura
724 387 908 435 ponere
933 387 1113 435 corpus
1139 372 1307 419 humo.
1535 376 1590 418 lo

204 446 336 509 Ergo
357 464 449 510 ego
474 448 642 495 nescio
667 447 763 502 cui,
791 463 942 510 quem
966 454 1019 494 tu
1045 449 1311 511 complexa
1334 449 1558 501 tenebas,

269 524 501 571 Excubui
527 526 763 580 clausam,
792 540 961 570 servus
986 531 1056 579 ut,
1085 531 1199 571 ante
1224 525 1442 571 domum.

206 600 317 647 Vidi
343 617 450 663 ego,
479 617 592 647 cum
617 600 805 647 foribus
830 601 990 646 lassus
1016 600 1237 662 prodiret
1262 609 1466 656 amator,

270 677 548 725 Invalidum
573 677 790 725 referens
817 676 1180 739 emeritumque
1206 677 1350 724 latus.

206 753 316 802 Hoc
335 762 501 802 tamen
523 763 601 802 est
617 755 790 809 levius,
811 770 964 817 quam
985 754 1120 817 quod
1140 770 1250 800 sum
1265 755 1398 801 visus
1415 756 1476 801 ab
1493 755 1591 801 illo.

273 831 485 879 Eveniat
508 831 686 878 nostris
711 831 937 877 hostibus
963 830 1045 876 ille
1071 830 1245 893 pudor.
1537 835 1593 877 16

207 907 419 962 Quando
446 924 538 969 ego
563 924 660 955 non
685 907 814 954 fixus
840 908 979 954 lateri
1005 908 1266 970 spatiantis
1293 908 1496 963 adhaesi,

273 984 390 1048 Ipse
414 992 529 1032 tuus
554 992 739 1040 custos,
767 985 874 1048 ipse
899 985 986 1040 vir,
1014 985 1121 1048 ipse
1147 986 1344 1033 comes?

209 1061 415 1108 Scilicet
439 1068 489 1108 et
513 1061 697 1124 populo
723 1077 811 1124 pei·
836 1077 914 1108 me
940 1068 1139 1109 cantata
1163 1062 1415 1125 placebas.

275 1138 471 1185 Caussa
493 1138 584 1184 fuit
609 1138 774 1185 multis
802 1146 968 1186 noster
994 1139 1172 1186 amoris
1198 1155 1351 1186 amor.
1535 1144 1598 1185 :20

206 1213 394 1279 Turpia
418 1215 538 1278 quid
564 1215 771 1263 referam
797 1232 934 1263 vanae
961 1217 1221 1263 mendacia
1244 1217 1444 1279 linguae,

278 1290 343 1338 Et
367 1293 644 1355 perjuratos
671 1293 718 1338 in
745 1309 856 1340 mea
880 1294 1061 1340 damna
1087 1293 1257 1340 Deos?

209 1367 343 1421 Quid
362 1370 601 1431 juvenum
626 1369 804 1416 tacitos
831 1370 957 1416 inter
983 1371 1205 1417 convivia
1230 1378 1405 1427 nutus3

276 1444 543 1508 Verbaque
568 1447 857 1509 compositis
884 1447 1195 1494 dissimulata
1219 1448 1382 1493 notis?

213 1521 363 1568 Dicta
387 1530 492 1569 erat
516 1539 647 1585 aegra
671 1523 812 1569 mihi:
854 1539 1077 1586 praeceps
1095 1539 1366 1587 amensque
1388 1525 1597 1571 cucurri.

279 1598 429 1655 Vcni3
471 1607 520 1646 et
544 1600 678 1646 rivali
704 1616 801 1656 non
828 1608 931 1646 erat
956 1616 1087 1662 aegra
1112 1616 1238 1647 meo.
1540 1604 1601 1647 26

214 1673 323 1731 His,
352 1682 402 1722 et
427 1691 538 1738 quae
563 1685 720 1731 taceo,
748 1676 917 1722 duravi
944 1691 1077 1739 saepe
1102 1676 1333 1723 ferendis.

282 1750 460 1805 Quaere
487 1753 637 1799 alium
659 1769 746 1815 pro
773 1769 867 1808 me,
897 1753 982 1815 qui
1009 1762 1159 1815 queat
1184 1755 1279 1800 ista
1302 1754 1420 1816 pati.

214 1828 327 1875 Jam
353 1844 478 1883 mea,
505 1828 667 1874 votiva
693 1829 874 1892 puppis
900 1829 1127 1875 redimita
1152 1831 1352 1884 corona,

284 1904 442 1952 Lenta
465 1912 799 1952 tumescentes
826 1907 1039 1968 aequoris
1061 1907 1197 1954 audit
1222 1923 1394 1969 aquas
1543 1914 1606 1956 30

264 2076 312 2106 19.
328 2076 446 2107 Scilicet
464 2084 495 2107 ut
516 2079 625 2117 populo
647 2090 699 2117 per
724 2091 766 2109 me
789 2082 876 2109 comi-

217 2131 281 2154 lala
301 2126 469 2166 placebat]
507 2126 654 2156 Comitum
677 2138 730 2166 per·
752 2139 794 2158 me
810 2136 877 2169 pot-

946 2081 994 2111 hic
1019 2080 1193 2110 absolutum
1222 2079 1355 2115 Durare,
1381 2079 1492 2109 eodem
1517 2080 1607 2109 modo

946 2129 1092 2170 positum,
1111 2133 1144 2158 ut
1159 2127 1242 2168 apud
1257 2127 1347 2169 Virg.
1364 2128 1420 2158 lib.
1434 2129 1457 2158 i.
1474 2129 1550 2158 207.

217 2179 264 2203 est
280 2173 407 2215 quidem
423 2174 557 2210 tolerari,
572 2181 607 2205 ut
630 2175 730 2217 Epist.
756 2176 798 2207 iii.
823 2178 877 2207 29.

220 2223 280 2253 Per
306 2234 374 2263 qnos
396 2225 536 2254 comitata
564 2226 703 2255 redirem.
733 2225 787 2256 sed
813 2227 878 2266 jam

217 2271 408 2312 praecedenti
437 2272 570 2303 disticho
597 2272 635 2303 de
666 2273 723 2303 hoc
759 2280 878 2314 egerat.

219 2320 362 2351 francof.
387 2327 418 2351 et
438 2321 612 2353 Palatinus.
633 2328 768 2355 cantum,
796 2322 879 2363 quod

219 2369 318 2411 magis
340 2369 454 2411 placet.
492 2370 542 2400 Sic
570 2370 658 2410 Eleg.
689 2381 756 2412 seq.
787 2382 816 2401 v.
846 2372 878 2401 7.

219 2418 308 2454 dicit,
325 2421 386 2449 suis
402 2420 507 2450 libellis
524 2421 694 2450 innotuisse.
719 2426 749 2450 et
774 2426 879 2450 notum

220 2474 277 2503 est,
302 2466 410 2508 quanti
439 2468 543 2499 Po'etae
569 2466 685 2498 faciant
709 2474 739 2498 et
760 2468 881 2509 jactent

219 2526 342 2557 operam
359 2527 457 2552 suam,
474 2527 535 2558 qua
550 2516 671 2558 puellas
693 2516 881 2547 carminibus

221 2565 360 2596 celebres
373 2565 501 2596 faciant.
535 2566 651 2596 L‘rmi.

263 2615 316 2644 27.
339 2614 403 2650 Ηίς,
428 2622 453 2644 ιἸ
479 2626 539 2654 quas
565 2622 654 2649 lucen,
679 2617 788 2644 dmm-i
813 2626 882 2653 supe

212 2663 381 2704 J'e1·e11dn'.s.]
430 2664 497 2697 ΡΠ),
529 2663 686 2693 obdurui:

267 2716 362 2747 VOL.
383 2716 408 2746 l.

727 2670 770 2693 cst
800 2664 879 2693 vum.

992 2177 1122 2212 Durate,
1143 2184 1170 2206 et
1195 2182 1299 2206 vosmet
1321 2178 1407 2207 rebus
1428 2184 1542 2208 servate
1564 2188 1605 2207 sc-

1033 2228 1149 2256 cumlie.
1441 2227 1563 2256 Mrem.

948 2274 1023 2305 vid.
1035 2274 1075 2304 ad
1091 2273 1243 2311 Quinctil.
1258 2274 1302 2304 ix.
1319 2275 1349 2305 2.

992 2323 1043 2353 29.
1061 2323 1128 2353 Jam
1145 2334 1208 2353 mea
1223 2325 1320 2353 votiva
1341 2325 1448 2363 puppis
1473 2326 1607 2354 redimita

948 2383 1055 2402 corona
1074 2371 1155 2401 Tarta
1181 2378 1370 2402 tumescentes
1386 2375 1507 2412 aequoris
1522 2375 1608 2403 audit

947 2420 1068 2461 aquas]
1101 2420 1250 2451 Solebam
1273 2427 1392 2451 veteres
1417 2426 1532 2457 nautae,
1556 2423 1607 2452 ubi

949 2470 980 2499 in
991 2475 1111 2510 portum
1122 2476 1337 2510 pervenerant,
1346 2480 1440 2500 naves
1452 2481 1609 2501 coronare.

952 2517 1039 2557 Virg.
1058 2517 1110 2548 lib.
1127 2518 1169 2548 iv,
1186 2519 1314 2549 AEneid.
1333 2520 1406 2549 418.

999 2567 1149 2605 Puppibus
1177 2575 1204 2597 et
1233 2569 1291 2598 loeti
1321 2576 1418 2598 noum
1454 2570 1602 2608 inipnsnmv

1036 2626 1167 2646 caranus.
1476 2618 1567 2649 (hor.

1075 2718 1093 2746 κ’
1110 2720 1123 2747 l
