1849 3198
257 220 315 261 96
636 216 686 257 P.
720 213 931 257 OVIDII
965 213 1242 256 NASONIS

261 332 394 380 Dum
418 331 542 379 freta
575 330 856 386 mitescunt,
884 336 934 377 et
957 328 1137 377 Amor:
1177 330 1296 377 dum
1331 337 1553 394 tempore
1591 337 1641 378 et

325 408 536 455 Fortiter
560 407 726 455 edisco
750 406 909 454 tristia
934 423 1081 470 posse
1106 407 1224 471 pati.

1525 409 1639 470 [usu

260 485 347 533 Sin
371 485 532 531 minus
554 503 564 541 ;
605 491 681 531 est
705 484 895 531 animus
922 485 1063 531 nobis
1090 485 1342 532 effundere
1367 484 1535 531 vitam.
1576 488 1632 531 81

324 562 382 608 In
407 578 486 608 me
510 561 721 608 crudelis
747 577 843 607 non
863 568 1006 624 potes
1032 578 1142 608 esse
1167 562 1268 609 diu.

256 638 518 702 Adspicias
543 638 747 692 utinam,
776 653 887 699 quae
913 637 977 683 sit
1000 637 1261 685 scribentis
1287 638 1449 700 imago
1471 638 1480 684 !

323 716 622 771 Scribimus3
663 721 712 761 et
736 714 920 776 gremio
946 713 1151 761 Troicus
1176 716 1307 762 ensis
1333 716 1501 763 adest:

255 793 454 856 Perque
474 808 623 855 genas
642 791 855 838 lacrimae
876 790 1100 837 strictum
1121 792 1353 839 labuntur
1372 792 1420 837 in
1440 807 1631 847 ensem3

321 869 419 923 Qui
438 871 541 932 jam
566 884 654 932 pro
680 868 891 914 lacrimis
918 869 1157 931 sanguine
1182 869 1365 916 tinctus
1392 869 1498 916 erit.
1544 871 1633 915 186

255 946 417 1001 Quam
441 947 567 993 bene
592 945 890 992 conveniunt
913 944 1011 992 fato
1037 952 1122 992 tua
1146 962 1350 993 munera
1373 945 1567 992 nostro!

320 1023 528 1070 Instruis
554 1023 778 1086 impensa
801 1030 969 1069 nostra
992 1023 1220 1086 sepulcra
1243 1023 1394 1070 brevi.

254 1099 362 1147 Nec
387 1115 498 1146 mea
521 1115 650 1145 nunc
676 1099 832 1162 primo
859 1098 1095 1145 feriuntur
1119 1106 1322 1162 pectora
1345 1099 1443 1146 telo
1465 1116 1474 1146 ε

319 1176 409 1223 Ille
434 1176 571 1222 locus
597 1175 713 1222 saevi
738 1175 913 1221 vulnus
938 1175 1134 1222 Amoris
1159 1177 1324 1223 habet.

1542 1178 1632 1222 190

252 1252 397 1299 Anna
421 1268 571 1307 soror,
590 1267 727 1298 soror
751 1250 911 1306 Anna,
938 1267 1061 1298 meae
1087 1253 1215 1300 male
1235 1253 1434 1299 conscia
1451 1252 1628 1315 culpae‚

316 1329 345 1376 J
351 1345 429 1376 am
454 1329 595 1376 dabis
621 1328 670 1374 in
695 1328 884 1375 cineres
910 1328 1083 1375 ultima
1106 1330 1237 1376 dona
1260 1345 1414 1376 meos.

251 1405 376 1462 Nec,
403 1412 663 1452 consumta
687 1406 833 1467 rogis,
862 1405 1114 1462 inscribar,
1144 1406 1308 1453 Elissa
1335 1406 1543 1463 Sichaei3

316 1481 425 1529 Hoc
451 1489 615 1529 tamen
641 1482 690 1528 in
714 1482 889 1529 tumuli
907 1498 1149 1531 marmore
1174 1500 1372 1531 carmen
1397 1483 1515 1531 erit:

293 1592 366 1622 179.
394 1591 474 1621 Dum
480 1591 570 1633 freta
584 1593 753 1622 mitescunt.
778 1598 806 1621 et
823 1603 905 1621 amor

247 1643 318 1672 ditm
340 1647 483 1679 temperat
498 1652 602 1677 usum,-
629 1641 763 1671 Fortiter
780 1643 905 1671 ediscam

246 1692 347 1721 tristia
381 1702 458 1730 posse
488 1691 580 1733 path]
623 1691 727 1721 Edisco
763 1691 905 1721 meliores

245 1751 362 1771 omnes.
375 1740 432 1770 hoc
441 1739 584 1781 primum.
601 1741 771 1771 mesws.
795 1741 904 1771 Douza

248 1796 389 1828 temperat
410 1800 477 1824 usu,
501 1799 554 1830 pro
578 1794 775 1830 temperatur,
801 1789 832 1819 id
857 1794 903 1819 est

245 1837 414 1869 tolerabilis
439 1837 503 1873 fiat,
526 1837 681 1878 capiebat.
706 1838 760 1868 sed
784 1837 902 1868 Salma-

243 1886 331 1917 siana
345 1885 521 1916 emendatio
541 1885 676 1927 palmam
694 1886 796 1922 refert,
813 1891 844 1916 et
864 1896 902 1917 ex

244 1935 318 1976 ipsis
334 1934 587 1975 Philosophorum
602 1934 727 1974 placitis
746 1934 843 1976 petita
857 1940 904 1965 est

244 1983 410 2014 sententia.
435 1982 510 2013 Vid.
525 1983 636 2013 SeneC.
654 1982 693 2014 de
713 1983 902 2024 Tranquilli-

244 2038 318 2069 tate,
334 2043 404 2073 cap.
422 2043 451 2062 x.
497 2032 612 2062 Bnnm.

291 2082 362 2112 188.
378 2080 509 2110 Instruis
523 2080 677 2120 impensa]
696 2079 831 2120 Argute:
847 2082 900 2111 im-

241 2141 331 2169 pensa
345 2140 404 2159 non
419 2139 473 2170 pro
488 2134 590 2159 sumtu
605 2128 802 2169 capiendum,
819 2129 901 2169 quod

245 2178 352 2208 volunt
367 2177 558 2219 interprete&
575 2177 629 2207 sed
645 2187 699 2218 pro
715 2187 746 2207 re
760 2177 901 2218 qualibet

244 2226 284 2257 ad
304 2226 474 2256 ornandum
495 2225 689 2267 sepulchrum
716 2225 838 2256 idonea.
868 2225 901 2258 in

244 2275 370 2316 antiquo
385 2285 533 2305 marmore
549 2274 630 2316 apud
647 2275 814 2305 Gruterum
829 2285 901 2316 pag.

246 2336 364 2355 mxcw.
383 2325 434 2354 10.
481 2324 564 2353 Huic
587 2326 657 2354 ordo
675 2325 792 2362 publice
807 2325 900 2354 locum

242 2375 413 2414 scpulturae,
440 2374 598 2412 impensam
617 2373 753 2414 finieris,
784 2380 812 2403 et
840 2380 899 2403 sta-

246 2430 327 2453 tuam
341 2423 482 2452 decrevit.
495 2426 526 2451 et
537 2421 581 2451 sic
597 2421 679 2462 apud
694 2421 851 2452 ,lustinum
864 2422 899 2452 li-

243 2472 298 2502 bro
313 2470 356 2501 xi.
372 2481 400 2500 c.
421 2472 470 2501 15.
487 2470 609 2500 videtur
624 2469 829 2505 scribendum,
846 2481 900 2509 pro

242 2531 272 2551 se
284 2521 499 2561 mugisjustam
510 2531 595 2559 quam
610 2530 730 2559 gravem
741 2520 899 2558 sepultura?

243 2571 402 2607 irnpeYLSUWl
427 2578 524 2597 orare.
564 2578 623 2597 non
653 2568 779 2597 veniam.
817 2567 898 2598 Idem

244 2618 322 2648 libro
350 2616 403 2647 xii.
454 2617 624 2648 Alemndei·
650 2618 762 2646 amissos
792 2618 899 2647 milites

244 2665 515 2707 mugnisjittzerwn
531 2666 664 2704 impensis
679 2666 797 2695 extulit.
816 2665 895 2706 apud

243 2713 446 2746 Juvenalem:

288 2764 382 2794 Ardet
409 2763 515 2797 adhuc,
541 2769 567 2791 et.
585 2764 651 2801 jum
677 2764 822 2799 accurrit,
847 2765 896 2802 qui

1060 1605 1206 1623 marmora
1218 1595 1317 1629 donet,

1017 1641 1160 1683 Conferat
1176 1643 1331 1681 impensas.-
1355 1642 1402 1671 hic
1419 1642 1501 1671 nuda
1515 1647 1542 1670 et
1556 1652 1627 1670 can-

1055 1691 1127 1720 dida
1138 1692 1234 1731 signa,

1015 1738 1049 1767 H
1050 1739 1075 1767 ic
1098 1740 1214 1778 aliquid
1224 1739 1403 1777 proeclarum
1421 1736 1629 1777 Euphranoris

1054 1794 1108 1817 aut
1126 1788 1286 1827 Polycleti.

970 1835 1067 1865 Vides
1088 1846 1143 1877 per
1166 1838 1307 1874 impensas
1328 1845 1458 1865 marmor
1472 1832 1626 1873 designari

969 1890 1000 1914 et
1025 1890 1153 1921 statuas,
1180 1895 1249 1925 quae
1272 1884 1311 1914 ad
1336 1882 1567 1914 instaurandam
1590 1892 1626 1912 ac

968 1932 1137 1963 ornandam
1160 1933 1286 1963 domum
1309 1938 1449 1963 exustam
1465 1933 1503 1962 ab
1520 1931 1627 1961 amicis

968 1982 1214 2013 conferebantur.
1252 1982 1427 2012 ΗΕιΝειυε,
1473 1981 1562 2011 Idem
1587 1980 1625 2010 de

969 2041 1043 2061 voce
1072 2033 1201 2071 impensa
1238 2030 1355 2061 notavit
1389 2029 1557 2060 Salmasius
1586 2029 1625 2059 de

968 2079 1078 2110 Usuris
1089 2090 1122 2121 p.
1136 2080 1187 2110 40.
1200 2085 1231 2110 et
1247 2090 1353 2110 verum
1366 2085 1439 2120 puto
1454 2079 1486 2108 in
1498 2078 1624 2118 quibus·

967 2128 1039 2159 dam
1062 2128 1151 2159 locis.
1183 2133 1215 2159 et
1229 2128 1273 2158 ita
1295 2128 1372 2157 forte
1388 2126 1442 2157 illa
1457 2126 1539 2167 apud
1553 2126 1622 2156 Jul.

967 2178 1086 2218 Obseq.
1108 2187 1178 2218 cap.
1195 2176 1324 2206 lxxxvii.
1357 2174 1525 2216 capienda:
1553 2175 1624 2204 Ter-

965 2228 1074 2256 racina*
1087 2237 1187 2257 sereno
1202 2227 1285 2255 navis
1297 2227 1394 2255 velum
1407 2224 1546 2265 fiilmine
1562 2231 1623 2253 tm·u

968 2281 1040 2311 tum,
1071 2276 1104 2305 in
1133 2286 1223 2314 aquas
1247 2276 1403 2314 dejectum,
1429 2279 1455 2302 et
1483 2274 1624 2311 impensas

966 2335 1071 2359 omnes,
1096 2334 1158 2363 ‹111oe
1185 2324 1225 2352 ibi
1249 2329 1346 2358 erant,
1369 2323 1448 2363 iguis
1473 2322 1623 2352 absumsit.

967 2372 1019 2403 ubi
1034 2372 1115 2402 male
1127 2371 1312 2407 Schefferus,
1330 2371 1387 2401 Res
1401 2371 1548 2409 impositas
1563 2381 1622 2400 om-

966 2433 1026 2457 nes,
1051 2420 1162 2451 audaci
1184 2420 1362 2461 conjectura
1384 2418 1528 2449 restituit.
1562 2418 1621 2449 Im-

964 2480 1057 2509 pensoe
1073 2471 1156 2499 navis
1167 2474 1239 2499 sunt
1253 2473 1444 2502 ornamenta,
1458 2467 1505 2496 vel
1522 2477 1621 2497 arma—

966 2524 1081 2554 menta,
1111 2518 1223 2559 quibus
1258 2517 1408 2547 instructa
1433 2515 1492 2546 suit
1521 2515 1619 2546 navis.

966 2578 1027 2598 non
1039 2578 1108 2598 vero
1119 2567 1150 2596 in
1165 2565 1425 2607 inscriptionibus,
1438 2564 1490 2595 ubi
1508 2564 1621 2595 funeris

966 2616 1112 2657 impensa:
1135 2620 1206 2646 sunt
1229 2620 1369 2657 sumptus
1393 2611 1517 2654 publice
1548 2611 1620 2642 facti

965 2664 1113 2695 infunus.
1160 2664 1293 2693 Ervum:

1011 2714 1082 2743 193.
1110 2712 1204 2741 Elissa
1242 2709 1372 2749 bidurfi]
1412 2709 1461 2739 Ita
1498 2708 1616 2739 Ca·c1'li‹1

967 2762 1083 2792 Metelli
1111 2761 1141 2791 in
1172 2760 1265 2790 veteri
1288 2758 1403 2800 lapide.
1435 2757 1499 2788 vid.
1525 2756 1617 2797 Pigh.
