1849 3198
601 193 885 238 AMORUM
933 192 1054 235 LlB.
1088 192 1181 234 III.
1213 193 1254 234 6.

1543 196 1628 236 413

242 311 355 358 Non
381 312 477 359 eris
503 311 714 366 invidiae,
741 318 948 365 torrens,
976 308 1119 371 (mihi
1142 308 1314 370 crede)
1336 308 1569 365 ferendae,

307 389 361 435 Si
386 389 522 435 dicar
546 404 636 451 per
660 395 709 435 te
733 386 858 433 forte
883 392 1104 432 retentus
1125 400 1314 432 amans.

240 464 468 512 Flumina
491 465 732 512 deberent
749 465 958 526 juvenes
984 462 1034 508 in
1059 478 1224 509 amore
1243 463 1444 524 juvare?

306 541 533 589 Flumina
557 548 819 589 senserunt
842 540 966 604 ipsa,
995 539 1117 602 quid
1143 546 1277 586 esset
1301 554 1453 586 amor.

241 618 456 666 Inachus
481 620 539 691 in.
556 618 710 666 Melie
738 617 1010 681 Bithynide
1034 615 1250 680 pallidus
1276 616 1374 662 isse
1565 618 1627 662 ‘25

307 695 517 752 Dicitur,
543 703 594 743 et
618 695 794 757 gelidis
819 695 1085 742 incaluisse
1108 692 1265 740 vadis.

242 762 650 836 Nondum'Troja
674 772 767 819 fuit
789 772 956 819 lustris
982 772 1189 818 obsessa
1215 770 1427 823 duobus,

307 850 437 896 Cum
463 850 626 913 rapuit
647 849 830 904 vultus,
857 848 1078 903 Xanthe,
1108 847 1291 894 Neaera
1314 853 1443 892 tuos.

240 926 403 980 Quid?
439 943 537 973 non
561 926 793 989 Alpheon
817 925 1024 972 diversis
1050 938 1247 971 currere
1273 922 1416 969 terris

303 1003 520 1066 Virginis
545 1003 772 1050 Arcadiae
799 1010 963 1049 certus
989 1002 1158 1064 adegit
1182 1000 1346 1048 amor?
1565 1002 1628 1045 30

238 1080 310 1128 Te
336 1097 540 1143 quoque
564 1080 860 1143 promissam
886 1079 1108 1134 Xantho,
1136 1077 1320 1131 Penee‚
1350 1074 1594 1122 Creiisam

305 1157 597 1204 Phthiotum
622 1157 763 1204 terris
790 1155 1069 1203 occuluisse
1093 1154 1271 1201 ferunt.

240 1233 373 1288 Quid
399 1235 607 1282 referam
632 1234 856 1297 Asopon,
885 1249 1036 1296 quem
1061 1231 1195 1294 cepit
1228 1229 1413 1277 Martia
1437 1229 1627 1285 Thebe,

307 1312 550 1359 Natarum
575 1311 748 1359 Thebe
774 1311 997 1373 quinque
1022 1308 1188 1355 futura
1209 1323 1387 1371 parens
1405 1308 1423 1353 ἲ

237 1457 262 1487 si
292 1456 375 1486 enim
401 1455 475 1497 ripae
505 1461 664 1496 caperent,
694 1455 743 1485 vel
771 1464 903 1496 capaces

237 1512 341 1535 essent
357 1515 458 1546 aquae,
474 1504 551 1534 nihil
567 1509 648 1534 esset
663 1503 746 1545 quod
759 1514 902 1544 querere-

239 1560 288 1585 tur
304 1555 402 1584 Poeta
418 1553 575 1584 transiisse
591 1563 705 1594 aquam
721 1553 797 1583 fines
811 1564 882 1584 suos
895 1567 900 1583 :

238 1604 310 1646 ripis
326 1603 419 1638 enim,
436 1602 490 1644 qui
504 1602 679 1633 continetur
697 1602 821 1637 fluvius,
843 1602 903 1633 fine

238 1663 293 1683 suo
313 1653 438 1683 labitur.
454 1651 486 1682 iu
512 1649 762 1681 Francofurtensi
786 1651 902 1692 optimo

238 1701 346 1733 codice
363 1707 440 1737 erat,
455 1702 625 1740 rapacibus.
644 1700 720 1730 forte
735 1700 902 1742 scripserit,

239 1753 311 1781 rivis
325 1751 417 1793 effuse
433 1751 598 1790 rapacibus.
614 1748 658 1779 sic
674 1760 795 1788 rapaces
817 1751 904 1779 undu?

238 1800 290 1831 vii.
306 1800 441 1830 Metam.
458 1799 532 1830 550.
548 1804 579 1829 et
594 1800 702 1838 rapidae
725 1809 808 1838 aquae
831 1809 901 1829 mox

240 1860 302 1880 ver.
331 1850 382 1879 80.
409 1854 440 1879 et
468 1847 596 1889 passim.
626 1848 723 1886 ripam
747 1854 778 1878 et
805 1849 902 1878 rivum

238 1898 388 1929 confundi
403 1897 538 1928 vidimus
553 1896 594 1927 ad
617 1895 717 1937 Epist.
739 1907 769 1926 v.
794 1897 849 1926 27.
877 1898 902 1928 si

238 1947 367 1989 vulgata
389 1951 539 1981 servetur,
561 1950 663 1987 potest
682 1950 788 1975 votum
810 1944 902 1976 intel-

239 1997 305 2038 ligi,
321 2002 355 2027 ut
378 1995 460 2027 intra
483 1995 618 2029 alveum,
641 1992 716 2025 satis
737 2003 898 2034 capacem,

238 2047 325 2078 fluat.
351 2047 582 2076 Brmmxxvs.
609 2043 698 2074 Nihil
723 2049 806 2074 certe
830 2054 899 2074 mu-

237 2096 379 2127 tandum.
407 2094 547 2126 Vertitur
561 2093 610 2123 hic
622 2092 722 2123 omnis
735 2091 902 2123 difficultas

238 2147 283 2183 (si
297 2157 362 2188 qua
376 2145 499 2185 tamen)
515 2144 548 2175 in
570 2142 804 2184 interpretanda
826 2153 901 2174 voce

239 2197 298 2228 hac
314 2198 483 2236 capacibus,
506 2204 600 2236 quam
623 2192 648 2223 si
672 2192 710 2223 de
737 2193 808 2231 ripis
830 2203 900 2233 quae

239 2247 354 2277 flumen
381 2247 467 2284 prius
492 2243 670 2285 capiebant,
698 2241 900 2275 intellexeris,

240 2294 318 2326 nihil
346 2305 469 2336 prorsus
498 2293 610 2323 mirum
640 2291 757 2333 effundi
781 2289 859 2320 illud
885 2301 901 2320 e

240 2343 315 2386 ripis
329 2346 401 2380 suis,
413 2352 511 2384 quum
526 2341 649 2372 nivibus
664 2339 772 2370 solutis
787 2345 818 2369 et
833 2339 901 2380 plu-

242 2394 291 2424 via
306 2398 433 2434 repente
452 2391 614 2422 adauctus.
659 2391 775 2419 Antan.

283 2444 338 2473 21.
358 2441 427 2472 Non
451 2443 509 2472 eris
532 2440 651 2469 incidite
676 2445 791 2468 torrens
816 2437 904 2478 (mihi

240 2489 523 2532 crede)j'er·emlae.]
550 2489 588 2519 Id
604 2495 660 2523 est,
672 2498 732 2517 non
748 2487 807 2518 eris
818 2487 903 2522 satis,

239 2543 305 2573 sive
320 2541 476 2572 sufficiens
491 2539 531 2570 ad
547 2538 697 2569 invidiam
721 2547 843 2568 omnem
861 2537 903 2567 fe-

239 2590 369 2621 rendam
384 2599 421 2620 ac
433 2588 656 2619 sustinendam.
701 2587 827 2616 Mic-vr..

284 2641 339 2670 25.
358 2638 488 2669 Inachus
502 2640 531 2667 in
547 2637 637 2667 Melie
652 2636 816 2676 Bithynide
826 2635 901 2674 δια]

242 2687 390 2719 Meminit
413 2687 505 2728 hujus
528 2685 697 2727 Nymphae,
713 2694 782 2725 quae
808 2683 904 2724 Amy-

244 2748 327 2771 cum,
358 2736 535 2776 Bebrycum
565 2744 679 2775 regem,
710 2744 727 2763 (-
756 2733 906 2773 Neptuno

970 1451 1117 1493 suscepit,
1134 1450 1240 1492 Apoll.
1257 1450 1289 1480 ii.
1305 1451 1335 1480 2.
1351 1449 1404 1480 ubi
1422 1449 1460 1480 de
1476 1449 1610 1491 Amyco.

1307 1499 1370 1530 ‘'Ov
1386 1511 1465 1530 ποτε
1481 1498 1590 1539 νύμφη

1014 1550 1104 1582 Tim-s
1133 1547 1329 1581 Ποσειδάωνι
1357 1547 1512 1589 γενεθλίῳ
1541 1548 1633 1586 εὐνη-

1056 1599 1159 1634 θεῖσα,

1013 1647 1143 1683 Βιθυνὶς
1168 1645 1288 1684 Μελίη,
1323 1643 1635 1686 ὑπεροπληέστατον

1056 1695 1201 1738 ἀνδρῶν.

970 1745 1103 1776 Meliam
1127 1755 1252 1786 quoque
1280 1743 1343 1774 dici
1372 1753 1460 1784 posse
1483 1747 1571 1784 patet
1596 1752 1633 1772 ex

971 1793 1038 1835 ipso
1054 1793 1231 1828 scholiaste‚
1248 1792 1288 1823 ad
1302 1792 1406 1822 locum
1430 1791 1485 1821 cit.
1509 1789 1636 1828 ἄδηλον

971 1844 1043 1885 γὰρ,
1073 1842 1185 1884 inquit,
1216 1842 1314 1872 ποῖόν
1345 1841 1410 1872 ἐστι
1446 1841 1484 1871 τὸ
1515 1839 1635 1881 κύριον.

970 1892 1088 1923 Animi.

1014 1948 1068 1978 31.
1108 1945 1276 1986 Neoeram.]
1315 1945 1549 1975 Commentator
1575 1942 1634 1973 hoc

970 1997 1038 2028 loco
1051 1995 1149 2031 addit,
1161 1995 1192 2025 in
1205 1993 1393 2036 quibusdam
1405 1991 1636 2033 exemplaribus

969 2046 1103 2088 scriptis,
1136 2045 1288 2079 Creiisam,
1326 2053 1380 2085 pro
1414 2042 1520 2072 Nemi-a
1557 2040 1634 2080 legi.

969 2095 1052 2137 quod
1069 2105 1130 2125 non
1144 2100 1230 2124 caret
1252 2103 1375 2134 prorsus
1401 2091 1535 2123 ratione:
1561 2100 1634 2120 nam

969 2151 1001 2175 et
1024 2143 1178 2174 Pindarus
1193 2142 1262 2172 Ode
1286 2142 1330 2172 ix.
1350 2142 1450 2181 (vers.
1475 2139 1550 2175 22.)
1572 2139 1634 2180 Py-

970 2193 1115 2228 thiorum‚
1140 2202 1178 2222 ex
1201 2191 1322 2222 Creiisa
1344 2189 1452 2220 Na'ide
1474 2195 1504 2219 et
1529 2189 1635 2219 Peneo

969 2243 1131 2283 Hypseam
1155 2251 1260 2281 regem
1281 2239 1494 2281 Lapitharum,
1515 2243 1634 2279 patrem

970 2291 1109 2332 Cyrenes
1133 2296 1242 2320 natum
1270 2289 1357 2320 dicit.
1394 2288 1495 2330 ipsam
1530 2292 1635 2317 autem

971 2340 1121 2370 Creiisam
1139 2339 1236 2381 γαίας
1250 2337 1415 2379 Θυγατέρα
1431 2342 1532 2367 vocat.
1570 2336 1635 2365 Mr-

971 2400 1109 2419 eximus.

1015 2439 1069 2468 34.
1097 2437 1249 2467 Natarum
1267 2436 1360 2466 Thebe
1382 2432 1635 2474 qninquesutura

971 2486 1109 2526 parens]
1138 2486 1204 2515 Has
1221 2484 1359 2526 quinque
1378 2488 1518 2513 recenset
1541 2480 1636 2510 inter-

973 2546 1042 2576 pres
1079 2533 1207 2564 Pindari
1237 2533 1307 2563 Ode
1336 2531 1379 2561 vi.
1409 2532 1508 2571 (vers.
1541 2528 1634 2563 144.)

974 2583 1202 2625 Olympiorum,
1212 2582 1261 2612 his
1275 2579 1451 2611 nominibus
1466 2592 1472 2608 z
1493 2579 1637 2618 Corcyra,

975 2633 1100 2673 sEgina,
1124 2631 1263 2663 Salamis.
1282 2629 1388 2664 Thebe,
1407 2636 1433 2658 et
1451 2627 1614 2665 Harpiuna
1630 2638 1636 2654 :

975 2691 1090 2722 easque
1119 2686 1208 2710 natas
1238 2690 1273 2710 ex
1303 2679 1431 2719 Metope
1456 2675 1542 2710 dicit,
1567 2684 1636 2714 qua!

975 2730 1039 2760 filia
1066 2728 1209 2759 Ladonis.
1254 2726 1315 2757 Sed
1332 2725 1465 2756 Oxidius
1488 2723 1566 2753 alios
1591 2733 1638 2752 sc-
