<?xml version="1.0" encoding="UTF-8"?>
<!DOCTYPE html PUBLIC "-//W3C//DTD XHTML 1.0 Transitional//EN"
    "http://www.w3.org/TR/xhtml1/DTD/xhtml1-transitional.dtd">
<html xmlns="http://www.w3.org/1999/xhtml" xml:lang="en" lang="en">
 <head>
  <title>
</title>
<meta http-equiv="Content-Type" content="text/html;charset=utf-8" />
  <meta name='ocr-system' content='tesseract 3.04.00' />
  <meta name='ocr-capabilities' content='ocr_page ocr_carea ocr_par ocr_line ocrx_word'/>
</head>
<body>
  <div class='ocr_page' id='page_1' title='image "./povidiinasonisop01oviduoft_0514.png"; bbox 0 0 1849 3198; ppageno 0'>
   <div class='ocr_carea' id='block_1_1' title="bbox 225 161 311 204">
    <p class='ocr_par' dir='ltr' id='par_1_1' title="bbox 225 161 311 204">
     <span class='ocr_line' id='line_1_1' title="bbox 225 161 311 204; baseline -0.012 0"><span class='ocrx_word' id='word_1_1' title='bbox 225 161 311 204; x_wconf 77' lang='lat'>428</span> 
     </span>
    </p>
   </div>
   <div class='ocr_carea' id='block_1_2' title="bbox 616 162 1228 205">
    <p class='ocr_par' dir='ltr' id='par_1_2' title="bbox 616 162 1228 205">
     <span class='ocr_line' id='line_1_2' title="bbox 616 162 1228 205; baseline 0 -1"><span class='ocrx_word' id='word_1_2' title='bbox 616 163 667 204; x_wconf 93' lang='lat' dir='ltr'>P.</span> <span class='ocrx_word' id='word_1_3' title='bbox 701 162 915 204; x_wconf 91' lang='lat' dir='ltr'>OVIDII</span> <span class='ocrx_word' id='word_1_4' title='bbox 950 162 1228 205; x_wconf 76' lang='lat' dir='ltr'><strong>NASONIS</strong></span> 
     </span>
    </p>
   </div>
   <div class='ocr_carea' id='block_1_3' title="bbox 223 277 1455 571">
    <p class='ocr_par' dir='ltr' id='par_1_3' title="bbox 225 277 1452 419">
     <span class='ocr_line' id='line_1_3' title="bbox 225 277 1452 341; baseline 0.001 -17"><span class='ocrx_word' id='word_1_5' title='bbox 225 277 378 334; x_wconf 90' lang='lat' dir='ltr'>Tene,</span> <span class='ocrx_word' id='word_1_6' title='bbox 406 293 546 326; x_wconf 87' lang='lat' dir='ltr'>sacer</span> <span class='ocrx_word' id='word_1_7' title='bbox 570 278 740 334; x_wconf 90' lang='lat' dir='ltr'>Vates,</span> <span class='ocrx_word' id='word_1_8' title='bbox 768 278 978 325; x_wconf 82' lang='lat' dir='ltr'>flammae</span> <span class='ocrx_word' id='word_1_9' title='bbox 1004 293 1211 341; x_wconf 81' lang='lat' dir='ltr'>rapuere</span> <span class='ocrx_word' id='word_1_10' title='bbox 1233 279 1452 341; x_wconf 81' lang='lat' dir='ltr'>rogales3</span> 
     </span>
     <span class='ocr_line' id='line_1_4' title="bbox 294 354 1265 419; baseline 0.002 -19"><span class='ocrx_word' id='word_1_11' title='bbox 294 354 590 402; x_wconf 83' lang='lat' dir='ltr'>Pectoribus</span> <span class='ocrx_word' id='word_1_12' title='bbox 615 356 753 419; x_wconf 90' lang='lat' dir='ltr'>pasci</span> <span class='ocrx_word' id='word_1_13' title='bbox 780 372 871 403; x_wconf 90' lang='lat' dir='ltr'>nec</span> <span class='ocrx_word' id='word_1_14' title='bbox 897 355 1106 403; x_wconf 78' lang='lat' dir='ltr'><strong>timuere</strong></span> <span class='ocrx_word' id='word_1_15' title='bbox 1131 355 1265 402; x_wconf 81' lang='lat' dir='ltr'>tuis?</span> 
     </span>
    </p>

    <p class='ocr_par' dir='ltr' id='par_1_4' title="bbox 223 430 1455 571">
     <span class='ocr_line' id='line_1_5' title="bbox 223 430 1455 496; baseline 0.001 -19"><span class='ocrx_word' id='word_1_16' title='bbox 223 430 390 477; x_wconf 86' lang='lat' dir='ltr'>Aurea</span> <span class='ocrx_word' id='word_1_17' title='bbox 413 439 695 478; x_wconf 87' lang='lat' dir='ltr'>sanctorum</span> <span class='ocrx_word' id='word_1_18' title='bbox 720 432 1000 496; x_wconf 88' lang='lat' dir='ltr'>potuissent</span> <span class='ocrx_word' id='word_1_19' title='bbox 1022 432 1211 495; x_wconf 91' lang='lat' dir='ltr'>templa</span> <span class='ocrx_word' id='word_1_20' title='bbox 1236 431 1455 479; x_wconf 83' lang='lat' dir='ltr'>Deorum</span> 
     </span>
     <span class='ocr_line' id='line_1_6' title="bbox 294 507 1309 571; baseline 0.003 -18"><span class='ocrx_word' id='word_1_21' title='bbox 294 507 478 564; x_wconf 69' lang='lat' dir='ltr'>Urere,</span> <span class='ocrx_word' id='word_1_22' title='bbox 496 525 607 571; x_wconf 88' lang='lat' dir='ltr'>quae</span> <span class='ocrx_word' id='word_1_23' title='bbox 633 515 826 556; x_wconf 88' lang='lat' dir='ltr'>tantum</span> <span class='ocrx_word' id='word_1_24' title='bbox 852 509 1130 556; x_wconf 81' lang='lat' dir='ltr'>sustinuere</span> <span class='ocrx_word' id='word_1_25' title='bbox 1156 509 1309 556; x_wconf 80' lang='lat' dir='ltr'>nefaS.</span> 
     </span>
    </p>
   </div>
   <div class='ocr_carea' id='block_1_4' title="bbox 223 583 1386 649">
    <p class='ocr_par' dir='ltr' id='par_1_5' title="bbox 223 583 1386 649">
     <span class='ocr_line' id='line_1_7' title="bbox 223 583 1386 649; baseline 0.002 -19"><span class='ocrx_word' id='word_1_26' title='bbox 223 583 416 632; x_wconf 86' lang='lat' dir='ltr'>Avertit</span> <span class='ocrx_word' id='word_1_27' title='bbox 438 586 619 641; x_wconf 88' lang='lat' dir='ltr'>vultus,</span> <span class='ocrx_word' id='word_1_28' title='bbox 649 585 825 649; x_wconf 80' lang='lat' dir='ltr'>Erycis</span> <span class='ocrx_word' id='word_1_29' title='bbox 845 602 956 649; x_wconf 87' lang='lat' dir='ltr'>quae</span> <span class='ocrx_word' id='word_1_30' title='bbox 982 587 1207 649; x_wconf 88' lang='lat' dir='ltr'>possidet</span> <span class='ocrx_word' id='word_1_31' title='bbox 1231 602 1386 633; x_wconf 87' lang='lat' dir='ltr'>arces.</span> 
     </span>
    </p>
   </div>
   <div class='ocr_carea' id='block_1_5' title="bbox 1546 588 1610 632">
    <p class='ocr_par' dir='ltr' id='par_1_6' title="bbox 1546 588 1610 632">
     <span class='ocr_line' id='line_1_8' title="bbox 1546 588 1610 632; baseline 0.016 -1"><span class='ocrx_word' id='word_1_32' title='bbox 1546 588 1610 632; x_wconf 80' lang='lat'>45</span> 
     </span>
    </p>
   </div>
   <div class='ocr_carea' id='block_1_6' title="bbox 217 661 1607 1633">
    <p class='ocr_par' dir='ltr' id='par_1_7' title="bbox 283 661 1582 726">
     <span class='ocr_line' id='line_1_9' title="bbox 283 661 1582 726; baseline 0.001 -19"><span class='ocrx_word' id='word_1_33' title='bbox 283 661 421 708; x_wconf 82' lang='lat' dir='ltr'>Sunt</span> <span class='ocrx_word' id='word_1_34' title='bbox 446 678 663 725; x_wconf 90' lang='lat' dir='ltr'>quoque,</span> <span class='ocrx_word' id='word_1_35' title='bbox 692 663 776 725; x_wconf 93' lang='lat' dir='ltr'>qui</span> <span class='ocrx_word' id='word_1_36' title='bbox 803 662 1029 726; x_wconf 82' lang='lat' dir='ltr'>lacrimas</span> <span class='ocrx_word' id='word_1_37' title='bbox 1054 663 1358 709; x_wconf 86' lang='lat' dir='ltr'>continuisse</span> <span class='ocrx_word' id='word_1_38' title='bbox 1383 669 1582 724; x_wconf 79' lang='lat' dir='ltr'>negent.</span> 
     </span>
    </p>

    <p class='ocr_par' dir='ltr' id='par_1_8' title="bbox 225 738 1528 880">
     <span class='ocr_line' id='line_1_10' title="bbox 225 738 1528 802; baseline -0.001 -17"><span class='ocrx_word' id='word_1_39' title='bbox 225 738 327 785; x_wconf 84' lang='lat' dir='ltr'>Sed</span> <span class='ocrx_word' id='word_1_40' title='bbox 351 746 518 786; x_wconf 88' lang='lat' dir='ltr'>tamen</span> <span class='ocrx_word' id='word_1_41' title='bbox 543 741 636 786; x_wconf 90' lang='lat' dir='ltr'>hoc</span> <span class='ocrx_word' id='word_1_42' title='bbox 662 740 855 796; x_wconf 88' lang='lat' dir='ltr'>melius,</span> <span class='ocrx_word' id='word_1_43' title='bbox 883 756 1034 802; x_wconf 86' lang='lat' dir='ltr'>quam</span> <span class='ocrx_word' id='word_1_44' title='bbox 1059 739 1099 786; x_wconf 91' lang='lat' dir='ltr'>si</span> <span class='ocrx_word' id='word_1_45' title='bbox 1126 739 1359 786; x_wconf 77' lang='lat' dir='ltr'>Phaeacia</span> <span class='ocrx_word' id='word_1_46' title='bbox 1383 739 1528 786; x_wconf 85' lang='lat' dir='ltr'>tellus</span> 
     </span>
     <span class='ocr_line' id='line_1_11' title="bbox 290 813 1186 880; baseline 0.002 -19"><span class='ocrx_word' id='word_1_47' title='bbox 290 814 522 877; x_wconf 86' lang='lat' dir='ltr'>Ignotum</span> <span class='ocrx_word' id='word_1_48' title='bbox 546 816 628 862; x_wconf 89' lang='lat' dir='ltr'>vili</span> <span class='ocrx_word' id='word_1_49' title='bbox 654 813 997 880; x_wconf 87' lang='lat' dir='ltr'>supposuisset</span> <span class='ocrx_word' id='word_1_50' title='bbox 1020 816 1186 863; x_wconf 90' lang='lat' dir='ltr'>humo.</span> 
     </span>
    </p>

    <p class='ocr_par' dir='ltr' id='par_1_9' title="bbox 222 890 1607 1027">
     <span class='ocr_line' id='line_1_12' title="bbox 222 890 1435 956; baseline 0.001 -19"><span class='ocrx_word' id='word_1_51' title='bbox 222 890 353 939; x_wconf 89' lang='lat' dir='ltr'>Hinc</span> <span class='ocrx_word' id='word_1_52' title='bbox 379 900 512 940; x_wconf 88' lang='lat' dir='ltr'>certe</span> <span class='ocrx_word' id='word_1_53' title='bbox 536 894 762 940; x_wconf 89' lang='lat' dir='ltr'>madidos</span> <span class='ocrx_word' id='word_1_54' title='bbox 787 893 1021 956; x_wconf 81' lang='lat' dir='ltr'>fugientis</span> <span class='ocrx_word' id='word_1_55' title='bbox 1047 893 1228 956; x_wconf 87' lang='lat' dir='ltr'>pressit</span> <span class='ocrx_word' id='word_1_56' title='bbox 1252 892 1435 939; x_wconf 86' lang='lat' dir='ltr'>ocellos</span> 
     </span>
     <span class='ocr_line' id='line_1_13' title="bbox 288 968 1607 1027; baseline -0.002 -11"><span class='ocrx_word' id='word_1_57' title='bbox 288 968 475 1027; x_wconf 81' lang='lat' dir='ltr'>Mater3</span> <span class='ocrx_word' id='word_1_58' title='bbox 513 978 566 1018; x_wconf 75' lang='lat' dir='ltr'>‘et</span> <span class='ocrx_word' id='word_1_59' title='bbox 586 971 635 1017; x_wconf 87' lang='lat' dir='ltr'>in</span> <span class='ocrx_word' id='word_1_60' title='bbox 660 972 849 1019; x_wconf 87' lang='lat' dir='ltr'>cineres</span> <span class='ocrx_word' id='word_1_61' title='bbox 874 971 1049 1018; x_wconf 90' lang='lat' dir='ltr'>ultima</span> <span class='ocrx_word' id='word_1_62' title='bbox 1071 971 1202 1017; x_wconf 85' lang='lat' dir='ltr'>dona</span> <span class='ocrx_word' id='word_1_63' title='bbox 1225 969 1359 1016; x_wconf 89' lang='lat' dir='ltr'>tulit:</span> <span class='ocrx_word' id='word_1_64' title='bbox 1543 970 1607 1014; x_wconf 85' lang='lat'>50</span> 
     </span>
    </p>

    <p class='ocr_par' dir='ltr' id='par_1_10' title="bbox 221 1045 1528 1180">
     <span class='ocr_line' id='line_1_14' title="bbox 221 1045 1528 1111; baseline -0.001 -19"><span class='ocrx_word' id='word_1_65' title='bbox 221 1045 352 1093; x_wconf 89' lang='lat' dir='ltr'>Hinc</span> <span class='ocrx_word' id='word_1_66' title='bbox 378 1063 513 1094; x_wconf 90' lang='lat' dir='ltr'>soror</span> <span class='ocrx_word' id='word_1_67' title='bbox 536 1047 585 1094; x_wconf 90' lang='lat' dir='ltr'>in</span> <span class='ocrx_word' id='word_1_68' title='bbox 610 1055 802 1111; x_wconf 89' lang='lat' dir='ltr'>partem</span> <span class='ocrx_word' id='word_1_69' title='bbox 823 1047 1003 1094; x_wconf 67' lang='lat' dir='ltr'>misera</span> <span class='ocrx_word' id='word_1_70' title='bbox 1027 1064 1140 1094; x_wconf 90' lang='lat' dir='ltr'>cum</span> <span class='ocrx_word' id='word_1_71' title='bbox 1166 1054 1321 1093; x_wconf 84' lang='lat' dir='ltr'>matre</span> <span class='ocrx_word' id='word_1_72' title='bbox 1347 1045 1528 1092; x_wconf 85' lang='lat' dir='ltr'>doloris</span> 
     </span>
     <span class='ocr_line' id='line_1_15' title="bbox 284 1123 1195 1180; baseline 0 -11"><span class='ocrx_word' id='word_1_73' title='bbox 284 1123 450 1180; x_wconf 87' lang='lat' dir='ltr'>Venit,</span> <span class='ocrx_word' id='word_1_74' title='bbox 477 1124 725 1172; x_wconf 88' lang='lat' dir='ltr'>inornatas</span> <span class='ocrx_word' id='word_1_75' title='bbox 751 1125 986 1171; x_wconf 87' lang='lat' dir='ltr'>dilaniata</span> <span class='ocrx_word' id='word_1_76' title='bbox 1010 1139 1195 1170; x_wconf 91' lang='lat' dir='ltr'>comas.</span> 
     </span>
    </p>

    <p class='ocr_par' dir='ltr' id='par_1_11' title="bbox 219 1198 1607 1339">
     <span class='ocr_line' id='line_1_16' title="bbox 219 1198 1607 1264; baseline -0.001 -19"><span class='ocrx_word' id='word_1_77' title='bbox 219 1199 451 1262; x_wconf 87' lang='lat' dir='ltr'>Cumque</span> <span class='ocrx_word' id='word_1_78' title='bbox 475 1201 572 1247; x_wconf 91' lang='lat' dir='ltr'>tuis</span> <span class='ocrx_word' id='word_1_79' title='bbox 597 1217 687 1248; x_wconf 90' lang='lat' dir='ltr'>sua</span> <span class='ocrx_word' id='word_1_80' title='bbox 704 1203 981 1264; x_wconf 86' lang='lat' dir='ltr'>junxerunt</span> <span class='ocrx_word' id='word_1_81' title='bbox 1006 1199 1340 1261; x_wconf 87' lang='lat' dir='ltr'>Nemesisque</span> <span class='ocrx_word' id='word_1_82' title='bbox 1376 1198 1607 1261; x_wconf 86' lang='lat' dir='ltr'>priorque</span> 
     </span>
     <span class='ocr_line' id='line_1_17' title="bbox 285 1276 1264 1339; baseline -0.001 -16"><span class='ocrx_word' id='word_1_83' title='bbox 285 1276 496 1324; x_wconf 86' lang='lat' dir='ltr'>Oscula:</span> <span class='ocrx_word' id='word_1_84' title='bbox 535 1294 626 1324; x_wconf 90' lang='lat' dir='ltr'>nec</span> <span class='ocrx_word' id='word_1_85' title='bbox 653 1279 784 1325; x_wconf 92' lang='lat' dir='ltr'>solos</span> <span class='ocrx_word' id='word_1_86' title='bbox 810 1278 1077 1325; x_wconf 72' lang='lat' dir='ltr'>destituere</span> <span class='ocrx_word' id='word_1_87' title='bbox 1103 1293 1264 1339; x_wconf 68' lang='lat' dir='ltr'>rogos</span> 
     </span>
    </p>

    <p class='ocr_par' dir='ltr' id='par_1_12' title="bbox 218 1353 1602 1493">
     <span class='ocr_line' id='line_1_18' title="bbox 218 1353 1602 1418; baseline 0 -20"><span class='ocrx_word' id='word_1_88' title='bbox 218 1353 364 1400; x_wconf 91' lang='lat' dir='ltr'>Delia</span> <span class='ocrx_word' id='word_1_89' title='bbox 387 1354 667 1411; x_wconf 83' lang='lat' dir='ltr'>discedenS‚</span> <span class='ocrx_word' id='word_1_90' title='bbox 698 1355 929 1411; x_wconf 77' lang='lat' dir='ltr'>Fehcius,</span> <span class='ocrx_word' id='word_1_91' title='bbox 957 1355 1134 1418; x_wconf 90' lang='lat' dir='ltr'>inquit,</span> <span class='ocrx_word' id='word_1_92' title='bbox 1163 1360 1327 1401; x_wconf 86' lang='lat' dir='ltr'>amata</span> <span class='ocrx_word' id='word_1_93' title='bbox 1540 1354 1602 1398; x_wconf 86' lang='lat'>55</span> 
     </span>
     <span class='ocr_line' id='line_1_19' title="bbox 285 1430 1383 1493; baseline -0.001 -17"><span class='ocrx_word' id='word_1_94' title='bbox 285 1430 408 1476; x_wconf 87' lang='lat' dir='ltr'>Sum</span> <span class='ocrx_word' id='word_1_95' title='bbox 432 1431 546 1477; x_wconf 88' lang='lat' dir='ltr'>tibi:</span> <span class='ocrx_word' id='word_1_96' title='bbox 584 1432 768 1488; x_wconf 72' lang='lat' dir='ltr'>vixisti,</span> <span class='ocrx_word' id='word_1_97' title='bbox 796 1433 915 1479; x_wconf 92' lang='lat' dir='ltr'>dum</span> <span class='ocrx_word' id='word_1_98' title='bbox 939 1439 1054 1479; x_wconf 92' lang='lat' dir='ltr'>tuus</span> <span class='ocrx_word' id='word_1_99' title='bbox 1080 1431 1207 1493; x_wconf 82' lang='lat' dir='ltr'>ignis</span> <span class='ocrx_word' id='word_1_100' title='bbox 1232 1445 1383 1477; x_wconf 86' lang='lat' dir='ltr'>eram.</span> 
     </span>
    </p>

    <p class='ocr_par' dir='ltr' id='par_1_13' title="bbox 217 1505 1600 1633">
     <span class='ocr_line' id='line_1_20' title="bbox 217 1505 1600 1564; baseline -0.001 -12"><span class='ocrx_word' id='word_1_101' title='bbox 217 1505 313 1553; x_wconf 84' lang='lat' dir='ltr'>Cui</span> <span class='ocrx_word' id='word_1_102' title='bbox 339 1506 386 1553; x_wconf 90' lang='lat' dir='ltr'>N</span> <span class='ocrx_word' id='word_1_103' title='bbox 392 1508 588 1564; x_wconf 80' lang='lat' dir='ltr'>emesiS,</span> <span class='ocrx_word' id='word_1_104' title='bbox 607 1507 739 1562; x_wconf 85' lang='lat' dir='ltr'>Quid</span> <span class='ocrx_word' id='word_1_105' title='bbox 760 1509 860 1556; x_wconf 78' lang='lat' dir='ltr'>ais?</span> <span class='ocrx_word' id='word_1_106' title='bbox 886 1509 976 1555; x_wconf 91' lang='lat' dir='ltr'>tibi</span> <span class='ocrx_word' id='word_1_107' title='bbox 992 1509 1090 1555; x_wconf 90' lang='lat' dir='ltr'>sint</span> <span class='ocrx_word' id='word_1_108' title='bbox 1104 1523 1216 1554; x_wconf 89' lang='lat' dir='ltr'>mea</span> <span class='ocrx_word' id='word_1_109' title='bbox 1230 1507 1412 1553; x_wconf 83' lang='lat' dir='ltr'>damna</span> <span class='ocrx_word' id='word_1_110' title='bbox 1426 1505 1600 1561; x_wconf 74' lang='lat' dir='ltr'>dolori,</span> 
     </span>
     <span class='ocr_line' id='line_1_21' title="bbox 280 1582 1267 1633; baseline 0.001 -4"><span class='ocrx_word' id='word_1_111' title='bbox 280 1582 367 1630; x_wconf 86' lang='lat' dir='ltr'>Me</span> <span class='ocrx_word' id='word_1_112' title='bbox 392 1584 550 1631; x_wconf 91' lang='lat' dir='ltr'>tenuit</span> <span class='ocrx_word' id='word_1_113' title='bbox 573 1585 787 1633; x_wconf 89' lang='lat' dir='ltr'>moriens</span> <span class='ocrx_word' id='word_1_114' title='bbox 813 1585 1075 1633; x_wconf 88' lang='lat' dir='ltr'>deficiente</span> <span class='ocrx_word' id='word_1_115' title='bbox 1102 1600 1267 1631; x_wconf 90' lang='lat' dir='ltr'>manu.</span> 
     </span>
    </p>
   </div>
   <div class='ocr_carea' id='block_1_7' title="bbox 205 1748 873 2719">
    <p class='ocr_par' dir='ltr' id='par_1_14' title="bbox 211 1748 873 1925">
     <span class='ocr_line' id='line_1_22' title="bbox 255 1748 873 1791; baseline 0.006 -14"><span class='ocrx_word' id='word_1_116' title='bbox 255 1748 307 1777; x_wconf 84' lang='lat'>45.</span> <span class='ocrx_word' id='word_1_117' title='bbox 323 1748 441 1778; x_wconf 74' lang='lat' dir='ltr'>Avertit</span> <span class='ocrx_word' id='word_1_118' title='bbox 459 1750 587 1789; x_wconf 57' lang='lat' dir='ltr'>vultus]</span> <span class='ocrx_word' id='word_1_119' title='bbox 616 1749 873 1791; x_wconf 81' lang='lat' dir='ltr'>Superstitionem</span> 
     </span>
     <span class='ocr_line' id='line_1_23' title="bbox 212 1796 873 1840; baseline 0.009 -15"><span class='ocrx_word' id='word_1_120' title='bbox 212 1796 298 1826; x_wconf 87' lang='lat' dir='ltr'>illam</span> <span class='ocrx_word' id='word_1_121' title='bbox 323 1808 384 1827; x_wconf 91' lang='lat' dir='ltr'>non</span> <span class='ocrx_word' id='word_1_122' title='bbox 407 1798 593 1840; x_wconf 87' lang='lat' dir='ltr'>respiciendi</span> <span class='ocrx_word' id='word_1_123' title='bbox 619 1799 659 1829; x_wconf 89' lang='lat' dir='ltr'>ad</span> <span class='ocrx_word' id='word_1_124' title='bbox 679 1810 767 1830; x_wconf 82' lang='lat' dir='ltr'>sacra</span> <span class='ocrx_word' id='word_1_125' title='bbox 784 1799 873 1831; x_wconf 88' lang='lat' dir='ltr'>fune—</span> 
     </span>
     <span class='ocr_line' id='line_1_24' title="bbox 211 1844 873 1887; baseline 0.009 -13"><span class='ocrx_word' id='word_1_126' title='bbox 211 1844 278 1875; x_wconf 81' lang='lat' dir='ltr'>bria</span> <span class='ocrx_word' id='word_1_127' title='bbox 291 1846 415 1887; x_wconf 83' lang='lat' dir='ltr'>egregie</span> <span class='ocrx_word' id='word_1_128' title='bbox 429 1846 565 1878; x_wconf 85' lang='lat' dir='ltr'>illustrat</span> <span class='ocrx_word' id='word_1_129' title='bbox 579 1848 663 1879; x_wconf 87' lang='lat' dir='ltr'>Dan.</span> <span class='ocrx_word' id='word_1_130' title='bbox 676 1848 823 1879; x_wconf 83' lang='lat' dir='ltr'>Heinsius</span> <span class='ocrx_word' id='word_1_131' title='bbox 833 1849 873 1880; x_wconf 83' lang='lat' dir='ltr'>ad</span> 
     </span>
     <span class='ocr_line' id='line_1_25' title="bbox 212 1893 418 1925; baseline 0.01 -2"><span class='ocrx_word' id='word_1_132' title='bbox 212 1893 266 1924; x_wconf 72' lang='lat' dir='ltr'>Sil.</span> <span class='ocrx_word' id='word_1_133' title='bbox 282 1894 325 1925; x_wconf 88' lang='lat' dir='ltr'>iii.</span> <span class='ocrx_word' id='word_1_134' title='bbox 345 1896 418 1925; x_wconf 88' lang='lat'>180.</span> 
     </span>
    </p>

    <p class='ocr_par' dir='ltr' id='par_1_15' title="bbox 209 1944 871 2325">
     <span class='ocr_line' id='line_1_26' title="bbox 255 1944 871 1987; baseline 0.006 -14"><span class='ocrx_word' id='word_1_135' title='bbox 255 1944 308 1974; x_wconf 88' lang='grc'>47.</span> <span class='ocrx_word' id='word_1_136' title='bbox 327 1945 425 1979; x_wconf 76' lang='lat' dir='ltr'>Quam</span> <span class='ocrx_word' id='word_1_137' title='bbox 443 1947 468 1975; x_wconf 79' lang='lat' dir='ltr'>si</span> <span class='ocrx_word' id='word_1_138' title='bbox 485 1946 623 1976; x_wconf 61' lang='lat' dir='ltr'>Pluma-ia</span> <span class='ocrx_word' id='word_1_139' title='bbox 646 1946 762 1987; x_wconf 63' lang='lat' dir='ltr'>tellus]</span> <span class='ocrx_word' id='word_1_140' title='bbox 795 1947 871 1978; x_wconf 86' lang='lat' dir='ltr'>Cor·</span> 
     </span>
     <span class='ocr_line' id='line_1_27' title="bbox 210 1992 871 2036; baseline 0.009 -15"><span class='ocrx_word' id='word_1_141' title='bbox 210 2002 284 2032; x_wconf 82' lang='lat' dir='ltr'>cyra</span> <span class='ocrx_word' id='word_1_142' title='bbox 298 1992 412 2030; x_wconf 81' lang='lat' dir='ltr'>insula,</span> <span class='ocrx_word' id='word_1_143' title='bbox 431 2004 450 2024; x_wconf 87' lang='lat' dir='ltr'>a</span> <span class='ocrx_word' id='word_1_144' title='bbox 473 1994 659 2025; x_wconf 86' lang='lat' dir='ltr'>Phaeacibus</span> <span class='ocrx_word' id='word_1_145' title='bbox 682 1994 804 2036; x_wconf 85' lang='lat' dir='ltr'>populis</span> <span class='ocrx_word' id='word_1_146' title='bbox 827 1995 871 2027; x_wconf 77' lang='lat' dir='ltr'>sle</span> 
     </span>
     <span class='ocr_line' id='line_1_28' title="bbox 210 2040 870 2085; baseline 0.008 -15"><span class='ocrx_word' id='word_1_147' title='bbox 210 2040 306 2076; x_wconf 82' lang='lat' dir='ltr'>dicta,</span> <span class='ocrx_word' id='word_1_148' title='bbox 322 2052 382 2082; x_wconf 92' lang='lat' dir='ltr'>quo</span> <span class='ocrx_word' id='word_1_149' title='bbox 397 2042 569 2072; x_wconf 80' lang='lat' dir='ltr'>Messalam</span> <span class='ocrx_word' id='word_1_150' title='bbox 591 2043 735 2074; x_wconf 87' lang='lat' dir='ltr'>Tibullus</span> <span class='ocrx_word' id='word_1_151' title='bbox 757 2054 870 2085; x_wconf 89' lang='lat' dir='ltr'>sequu-</span> 
     </span>
     <span class='ocr_line' id='line_1_29' title="bbox 211 2090 870 2134; baseline 0.006 -15"><span class='ocrx_word' id='word_1_152' title='bbox 211 2094 261 2119; x_wconf 88' lang='lat' dir='ltr'>tus</span> <span class='ocrx_word' id='word_1_153' title='bbox 284 2091 401 2128; x_wconf 80' lang='lat' dir='ltr'>t&#39;uerat;</span> <span class='ocrx_word' id='word_1_154' title='bbox 432 2090 539 2132; x_wconf 90' lang='lat' dir='ltr'>ibique</span> <span class='ocrx_word' id='word_1_155' title='bbox 566 2093 673 2122; x_wconf 90' lang='lat' dir='ltr'>morbo</span> <span class='ocrx_word' id='word_1_156' title='bbox 701 2098 870 2134; x_wconf 86' lang='lat' dir='ltr'>correptus,</span> 
     </span>
     <span class='ocr_line' id='line_1_30' title="bbox 210 2137 869 2182; baseline 0.008 -15"><span class='ocrx_word' id='word_1_157' title='bbox 210 2137 391 2169; x_wconf 86' lang='lat' dir='ltr'>redeuntem</span> <span class='ocrx_word' id='word_1_158' title='bbox 421 2140 555 2170; x_wconf 80' lang='lat' dir='ltr'>Romam</span> <span class='ocrx_word' id='word_1_159' title='bbox 583 2147 746 2182; x_wconf 76' lang='lat' dir='ltr'>patronum</span> <span class='ocrx_word' id='word_1_160' title='bbox 773 2152 869 2182; x_wconf 88' lang='lat' dir='ltr'>quum</span> 
     </span>
     <span class='ocr_line' id='line_1_31' title="bbox 211 2188 869 2231; baseline 0.008 -15"><span class='ocrx_word' id='word_1_161' title='bbox 211 2197 272 2216; x_wconf 89' lang='lat' dir='ltr'>non</span> <span class='ocrx_word' id='word_1_162' title='bbox 287 2193 390 2228; x_wconf 90' lang='lat' dir='ltr'>posset</span> <span class='ocrx_word' id='word_1_163' title='bbox 403 2188 555 2225; x_wconf 82' lang='lat' dir='ltr'>comitari,</span> <span class='ocrx_word' id='word_1_164' title='bbox 571 2190 712 2231; x_wconf 83' lang='lat' dir='ltr'>Elegiam</span> <span class='ocrx_word' id='word_1_165' title='bbox 735 2190 774 2220; x_wconf 80' lang='lat' dir='ltr'>ad</span> <span class='ocrx_word' id='word_1_166' title='bbox 798 2201 869 2220; x_wconf 86' lang='lat' dir='ltr'>eum</span> 
     </span>
     <span class='ocr_line' id='line_1_32' title="bbox 209 2235 868 2280; baseline 0.006 -15"><span class='ocrx_word' id='word_1_167' title='bbox 209 2235 331 2278; x_wconf 81' lang='lat' dir='ltr'>scripsit</span> <span class='ocrx_word' id='word_1_168' title='bbox 345 2237 570 2275; x_wconf 76' lang='lat' dir='ltr'>suavissimam,</span> <span class='ocrx_word' id='word_1_169' title='bbox 590 2250 659 2280; x_wconf 83' lang='lat' dir='ltr'>quae</span> <span class='ocrx_word' id='word_1_170' title='bbox 683 2239 774 2270; x_wconf 86' lang='lat' dir='ltr'>tertia</span> <span class='ocrx_word' id='word_1_171' title='bbox 797 2238 868 2270; x_wconf 85' lang='lat' dir='ltr'>libri</span> 
     </span>
     <span class='ocr_line' id='line_1_33' title="bbox 209 2283 475 2325; baseline 0.011 -12"><span class='ocrx_word' id='word_1_172' title='bbox 209 2283 312 2325; x_wconf 85' lang='lat' dir='ltr'>primi.</span> <span class='ocrx_word' id='word_1_173' title='bbox 356 2284 475 2316; x_wconf 68' lang='lat' dir='ltr'>Anmn.</span> 
     </span>
    </p>

    <p class='ocr_par' dir='ltr' id='par_1_16' title="bbox 205 2334 867 2719">
     <span class='ocr_line' id='line_1_34' title="bbox 252 2334 867 2377; baseline 0.007 -14"><span class='ocrx_word' id='word_1_174' title='bbox 252 2335 304 2364; x_wconf 86' lang='lat'>53.</span> <span class='ocrx_word' id='word_1_175' title='bbox 331 2334 462 2375; x_wconf 74' lang='lat' dir='ltr'>Cumque</span> <span class='ocrx_word' id='word_1_176' title='bbox 486 2336 577 2377; x_wconf 80' lang='lat' dir='ltr'>tuis.]</span> <span class='ocrx_word' id='word_1_177' title='bbox 616 2336 738 2367; x_wconf 81' lang='lat' dir='ltr'>Marius</span> <span class='ocrx_word' id='word_1_178' title='bbox 762 2337 867 2367; x_wconf 86' lang='lat' dir='ltr'>subin-</span> 
     </span>
     <span class='ocr_line' id='line_1_35' title="bbox 209 2382 866 2423; baseline 0.008 -12"><span class='ocrx_word' id='word_1_179' title='bbox 209 2382 307 2423; x_wconf 82' lang='lat' dir='ltr'>telligi</span> <span class='ocrx_word' id='word_1_180' title='bbox 328 2385 434 2414; x_wconf 77' lang='lat' dir='ltr'>osculis</span> <span class='ocrx_word' id='word_1_181' title='bbox 449 2385 528 2416; x_wconf 89' lang='lat' dir='ltr'>vult.</span> <span class='ocrx_word' id='word_1_182' title='bbox 552 2385 606 2416; x_wconf 89' lang='lat' dir='ltr'>sed</span> <span class='ocrx_word' id='word_1_183' title='bbox 629 2384 778 2416; x_wconf 77' lang='lat' dir='ltr'>Barthius</span> <span class='ocrx_word' id='word_1_184' title='bbox 801 2396 866 2416; x_wconf 87' lang='lat' dir='ltr'>rec-</span> 
     </span>
     <span class='ocr_line' id='line_1_36' title="bbox 208 2431 867 2475; baseline 0.005 -14"><span class='ocrx_word' id='word_1_185' title='bbox 208 2431 269 2462; x_wconf 84' lang='lat' dir='ltr'>tius</span> <span class='ocrx_word' id='word_1_186' title='bbox 283 2433 422 2473; x_wconf 84' lang='lat' dir='ltr'>cognatis</span> <span class='ocrx_word' id='word_1_187' title='bbox 446 2440 476 2464; x_wconf 90' lang='lat' dir='ltr'>et</span> <span class='ocrx_word' id='word_1_188' title='bbox 499 2434 631 2475; x_wconf 81' lang='lat' dir='ltr'>agnatis,</span> <span class='ocrx_word' id='word_1_189' title='bbox 647 2445 685 2464; x_wconf 89' lang='lat' dir='ltr'>ne</span> <span class='ocrx_word' id='word_1_190' title='bbox 708 2434 867 2465; x_wconf 88' lang='lat' dir='ltr'>Tibullum</span> 
     </span>
     <span class='ocr_line' id='line_1_37' title="bbox 205 2480 867 2524; baseline 0.008 -15"><span class='ocrx_word' id='word_1_191' title='bbox 205 2480 300 2510; x_wconf 82' lang='lat' dir='ltr'>etiam</span> <span class='ocrx_word' id='word_1_192' title='bbox 315 2481 506 2512; x_wconf 79' lang='lat' dir='ltr'>osculantem</span> <span class='ocrx_word' id='word_1_193' title='bbox 521 2488 590 2524; x_wconf 88' lang='lat' dir='ltr'>post</span> <span class='ocrx_word' id='word_1_194' title='bbox 610 2488 738 2514; x_wconf 82' lang='lat' dir='ltr'>mortem</span> <span class='ocrx_word' id='word_1_195' title='bbox 762 2482 867 2514; x_wconf 85' lang='lat' dir='ltr'>faciat.</span> 
     </span>
     <span class='ocr_line' id='line_1_38' title="bbox 207 2529 866 2571; baseline 0.005 -12"><span class='ocrx_word' id='word_1_196' title='bbox 207 2529 308 2560; x_wconf 64' lang='lat' dir='ltr'>(ficer.</span> <span class='ocrx_word' id='word_1_197' title='bbox 324 2530 364 2560; x_wconf 89' lang='lat' dir='ltr'>iv.</span> <span class='ocrx_word' id='word_1_198' title='bbox 381 2530 420 2561; x_wconf 81' lang='lat' dir='ltr'>ad</span> <span class='ocrx_word' id='word_1_199' title='bbox 436 2531 524 2562; x_wconf 85' lang='lat' dir='ltr'>Fam.</span> <span class='ocrx_word' id='word_1_200' title='bbox 543 2532 571 2561; x_wconf 84' lang='lat'>7.</span> <span class='ocrx_word' id='word_1_201' title='bbox 617 2533 641 2561; x_wconf 74' lang='lat' dir='ltr'><em>A</em></span> <span class='ocrx_word' id='word_1_202' title='bbox 663 2533 722 2561; x_wconf 77' lang='lat' dir='ltr'>ruis</span> <span class='ocrx_word' id='word_1_203' title='bbox 744 2532 866 2571; x_wconf 74' lang='lat' dir='ltr'>reliquis</span> 
     </span>
     <span class='ocr_line' id='line_1_39' title="bbox 208 2580 865 2622; baseline 0.006 -15"><span class='ocrx_word' id='word_1_204' title='bbox 208 2590 265 2608; x_wconf 74' lang='lat' dir='ltr'>non</span> <span class='ocrx_word' id='word_1_205' title='bbox 280 2580 465 2616; x_wconf 76' lang='lat' dir='ltr'>adhibemur,</span> <span class='ocrx_word' id='word_1_206' title='bbox 481 2585 511 2610; x_wconf 84' lang='lat' dir='ltr'>et</span> <span class='ocrx_word' id='word_1_207' title='bbox 528 2581 640 2610; x_wconf 85' lang='lat' dir='ltr'>Noster</span> <span class='ocrx_word' id='word_1_208' title='bbox 659 2580 758 2622; x_wconf 82' lang='lat' dir='ltr'>Epist.</span> <span class='ocrx_word' id='word_1_209' title='bbox 774 2580 796 2610; x_wconf 90' lang='lat' dir='ltr'>i.</span> <span class='ocrx_word' id='word_1_210' title='bbox 814 2582 865 2611; x_wconf 81' lang='lat'>41.</span> 
     </span>
     <span class='ocr_line' id='line_1_40' title="bbox 211 2627 864 2670; baseline 0.005 -14"><span class='ocrx_word' id='word_1_211' title='bbox 211 2628 344 2659; x_wconf 77' lang='lat' dir='ltr'>Nimium</span> <span class='ocrx_word' id='word_1_212' title='bbox 361 2630 446 2660; x_wconf 76' lang='lat' dir='ltr'>oblite</span> <span class='ocrx_word' id='word_1_213' title='bbox 463 2636 592 2659; x_wconf 67' lang='lat' dir='ltr'>ntorum.</span> <span class='ocrx_word' id='word_1_214' title='bbox 605 2627 648 2658; x_wconf 79' lang='lat' dir='ltr'>ita</span> <span class='ocrx_word' id='word_1_215' title='bbox 659 2629 784 2670; x_wconf 74' lang='lat' dir='ltr'>passim,</span> <span class='ocrx_word' id='word_1_216' title='bbox 798 2631 864 2665; x_wconf 80' lang='lat' dir='ltr'>mei,</span> 
     </span>
     <span class='ocr_line' id='line_1_41' title="bbox 205 2678 864 2719; baseline -0.005 -7"><span class='ocrx_word' id='word_1_217' title='bbox 205 2684 261 2719; x_wconf 72' lang='lat' dir='ltr'>tui,</span> <span class='ocrx_word' id='word_1_218' title='bbox 277 2683 334 2718; x_wconf 79' lang='lat' dir='ltr'>sui,</span> <span class='ocrx_word' id='word_1_219' title='bbox 358 2680 515 2712; x_wconf 88' lang='lat' dir='ltr'>dicuntur.</span> <span class='ocrx_word' id='word_1_220' title='bbox 541 2679 594 2710; x_wconf 85' lang='lat' dir='ltr'>sed</span> <span class='ocrx_word' id='word_1_221' title='bbox 619 2678 649 2709; x_wconf 86' lang='lat' dir='ltr'>iu</span> <span class='ocrx_word' id='word_1_222' title='bbox 673 2678 864 2710; x_wconf 67' lang='lat' dir='ltr'>Scriveriano</span> 
     </span>
    </p>
   </div>
   <div class='ocr_carea' id='block_1_8' title="bbox 932 1746 1601 2710">
    <p class='ocr_par' dir='ltr' id='par_1_17' title="bbox 937 1746 1601 1840">
     <span class='ocr_line' id='line_1_42' title="bbox 938 1746 1601 1790; baseline -0.009 -9"><span class='ocrx_word' id='word_1_223' title='bbox 938 1755 1016 1787; x_wconf 85' lang='lat' dir='ltr'>erat,</span> <span class='ocrx_word' id='word_1_224' title='bbox 1025 1760 1148 1790; x_wconf 80' lang='lat' dir='ltr'>cumque</span> <span class='ocrx_word' id='word_1_225' title='bbox 1163 1750 1223 1778; x_wconf 80' lang='lat' dir='ltr'>tuis</span> <span class='ocrx_word' id='word_1_226' title='bbox 1233 1748 1325 1777; x_wconf 78' lang='lat' dir='ltr'>oculis</span> <span class='ocrx_word' id='word_1_227' title='bbox 1335 1746 1601 1786; x_wconf 72' lang='lat' dir='ltr'>Nemesisjmuare</span> 
     </span>
     <span class='ocr_line' id='line_1_43' title="bbox 937 1797 1366 1840; baseline -0.009 -11"><span class='ocrx_word' id='word_1_228' title='bbox 937 1802 1078 1840; x_wconf 77' lang='lat' dir='ltr'>priorque</span> <span class='ocrx_word' id='word_1_229' title='bbox 1090 1799 1202 1829; x_wconf 70' lang='lat' dir='ltr'>oscula.</span> <span class='ocrx_word' id='word_1_230' title='bbox 1247 1797 1366 1827; x_wconf 72' lang='lat' dir='ltr'>Buniu.</span> 
     </span>
    </p>

    <p class='ocr_par' dir='ltr' id='par_1_18' title="bbox 938 1844 1601 2025">
     <span class='ocr_line' id='line_1_44' title="bbox 983 1844 1601 1885; baseline -0.006 -6"><span class='ocrx_word' id='word_1_231' title='bbox 983 1849 1035 1879; x_wconf 88' lang='grc'>57.</span> <span class='ocrx_word' id='word_1_232' title='bbox 1063 1848 1129 1878; x_wconf 81' lang='lat' dir='ltr'>Tibi</span> <span class='ocrx_word' id='word_1_233' title='bbox 1153 1852 1224 1877; x_wconf 80' lang='lat' dir='ltr'>sunt</span> <span class='ocrx_word' id='word_1_234' title='bbox 1249 1845 1340 1885; x_wconf 53' lang='lat' dir='ltr'>ntea]</span> <span class='ocrx_word' id='word_1_235' title='bbox 1380 1844 1447 1874; x_wconf 80' lang='lat' dir='ltr'>Sint</span> <span class='ocrx_word' id='word_1_236' title='bbox 1474 1844 1601 1875; x_wconf 79' lang='lat' dir='ltr'>Moreti.</span> 
     </span>
     <span class='ocr_line' id='line_1_45' title="bbox 940 1894 1599 1937; baseline -0.008 -9"><span class='ocrx_word' id='word_1_237' title='bbox 940 1897 1113 1928; x_wconf 61' lang='lat' dir='ltr'>mesws.</span> <span class='ocrx_word' id='word_1_238' title='bbox 1141 1897 1207 1937; x_wconf 83' lang='lat' dir='ltr'>Ego</span> <span class='ocrx_word' id='word_1_239' title='bbox 1223 1895 1254 1925; x_wconf 90' lang='lat' dir='ltr'>in</span> <span class='ocrx_word' id='word_1_240' title='bbox 1270 1894 1399 1935; x_wconf 79' lang='lat' dir='ltr'>vulgata</span> <span class='ocrx_word' id='word_1_241' title='bbox 1412 1894 1462 1924; x_wconf 87' lang='lat' dir='ltr'>vix</span> <span class='ocrx_word' id='word_1_242' title='bbox 1475 1904 1599 1924; x_wconf 90' lang='lat' dir='ltr'>sensum</span> 
     </span>
     <span class='ocr_line' id='line_1_46' title="bbox 938 1942 1596 1986; baseline -0.006 -10"><span class='ocrx_word' id='word_1_243' title='bbox 938 1946 1041 1982; x_wconf 83' lang='lat' dir='ltr'>video,</span> <span class='ocrx_word' id='word_1_244' title='bbox 1059 1945 1191 1986; x_wconf 84' lang='lat' dir='ltr'>ideoque</span> <span class='ocrx_word' id='word_1_245' title='bbox 1206 1944 1288 1974; x_wconf 80' lang='lat' dir='ltr'>malo</span> <span class='ocrx_word' id='word_1_246' title='bbox 1302 1954 1372 1974; x_wconf 92' lang='lat' dir='ltr'>cum</span> <span class='ocrx_word' id='word_1_247' title='bbox 1387 1942 1475 1974; x_wconf 82' lang='lat' dir='ltr'>Junii</span> <span class='ocrx_word' id='word_1_248' title='bbox 1490 1949 1521 1973; x_wconf 91' lang='lat' dir='ltr'>et</span> <span class='ocrx_word' id='word_1_249' title='bbox 1535 1944 1596 1973; x_wconf 89' lang='lat' dir='ltr'>Pa-</span> 
     </span>
     <span class='ocr_line' id='line_1_47' title="bbox 938 1994 1154 2025; baseline -0.005 -1"><span class='ocrx_word' id='word_1_250' title='bbox 938 1994 1034 2025; x_wconf 85' lang='lat' dir='ltr'>latino</span> <span class='ocrx_word' id='word_1_251' title='bbox 1049 1994 1154 2025; x_wconf 86' lang='lat' dir='ltr'>tertio:</span> 
     </span>
    </p>

    <p class='ocr_par' dir='ltr' id='par_1_19' title="bbox 983 2042 1598 2082">
     <span class='ocr_line' id='line_1_48' title="bbox 983 2042 1598 2082; baseline -0.003 -9"><span class='ocrx_word' id='word_1_252' title='bbox 983 2044 1042 2073; x_wconf 77' lang='lat' dir='ltr'>Cui</span> <span class='ocrx_word' id='word_1_253' title='bbox 1058 2044 1200 2079; x_wconf 74' lang='lat' dir='ltr'>Nemesis,</span> <span class='ocrx_word' id='word_1_254' title='bbox 1216 2044 1287 2082; x_wconf 81' lang='lat' dir='ltr'>quid</span> <span class='ocrx_word' id='word_1_255' title='bbox 1303 2043 1370 2072; x_wconf 81' lang='lat' dir='ltr'>ais?</span> <span class='ocrx_word' id='word_1_256' title='bbox 1394 2042 1447 2071; x_wconf 69' lang='lat' dir='ltr'>tibi</span> <span class='ocrx_word' id='word_1_257' title='bbox 1462 2043 1522 2072; x_wconf 75' lang='lat' dir='ltr'>sint</span> <span class='ocrx_word' id='word_1_258' title='bbox 1532 2053 1598 2072; x_wconf 81' lang='lat' dir='ltr'>mea</span> 
     </span>
    </p>

    <p class='ocr_par' dir='ltr' id='par_1_20' title="bbox 1023 2093 1254 2123">
     <span class='ocr_line' id='line_1_49' title="bbox 1023 2093 1254 2123; baseline -0.004 -1"><span class='ocrx_word' id='word_1_259' title='bbox 1023 2095 1133 2123; x_wconf 79' lang='lat' dir='ltr'>damna</span> <span class='ocrx_word' id='word_1_260' title='bbox 1149 2093 1254 2122; x_wconf 77' lang='lat' dir='ltr'>dolari.</span> 
     </span>
    </p>

    <p class='ocr_par' dir='ltr' id='par_1_21' title="bbox 932 2139 1596 2710">
     <span class='ocr_line' id='line_1_50' title="bbox 939 2139 1595 2181; baseline -0.005 -9"><span class='ocrx_word' id='word_1_261' title='bbox 939 2142 982 2172; x_wconf 90' lang='lat' dir='ltr'>Ut</span> <span class='ocrx_word' id='word_1_262' title='bbox 997 2141 1036 2172; x_wconf 84' lang='lat' dir='ltr'>sit</span> <span class='ocrx_word' id='word_1_263' title='bbox 1048 2142 1145 2172; x_wconf 80' lang='lat' dir='ltr'>oratio</span> <span class='ocrx_word' id='word_1_264' title='bbox 1158 2139 1369 2171; x_wconf 87' lang='lat' dir='ltr'>vehementior</span> <span class='ocrx_word' id='word_1_265' title='bbox 1383 2145 1415 2170; x_wconf 86' lang='lat' dir='ltr'>et</span> <span class='ocrx_word' id='word_1_266' title='bbox 1429 2139 1595 2181; x_wconf 85' lang='lat' dir='ltr'>objurgan-</span> 
     </span>
     <span class='ocr_line' id='line_1_51' title="bbox 936 2187 1596 2231; baseline -0.003 -11"><span class='ocrx_word' id='word_1_267' title='bbox 936 2190 986 2221; x_wconf 85' lang='lat' dir='ltr'>tis.</span> <span class='ocrx_word' id='word_1_268' title='bbox 1003 2189 1077 2231; x_wconf 89' lang='lat' dir='ltr'>quid</span> <span class='ocrx_word' id='word_1_269' title='bbox 1092 2201 1142 2220; x_wconf 88' lang='lat' dir='ltr'>me</span> <span class='ocrx_word' id='word_1_270' title='bbox 1158 2189 1253 2220; x_wconf 88' lang='lat' dir='ltr'>Delia</span> <span class='ocrx_word' id='word_1_271' title='bbox 1270 2187 1372 2228; x_wconf 83' lang='lat' dir='ltr'>tangis</span> <span class='ocrx_word' id='word_1_272' title='bbox 1395 2193 1426 2217; x_wconf 87' lang='lat' dir='ltr'>et</span> <span class='ocrx_word' id='word_1_273' title='bbox 1449 2187 1596 2229; x_wconf 77' lang='lat' dir='ltr'>perstrin-</span> 
     </span>
     <span class='ocr_line' id='line_1_52' title="bbox 935 2235 1595 2280; baseline -0.003 -11"><span class='ocrx_word' id='word_1_274' title='bbox 935 2239 993 2280; x_wconf 86' lang='lat' dir='ltr'>gis,</span> <span class='ocrx_word' id='word_1_275' title='bbox 1015 2238 1103 2279; x_wconf 86' lang='lat' dir='ltr'>quasi</span> <span class='ocrx_word' id='word_1_276' title='bbox 1127 2249 1189 2268; x_wconf 90' lang='lat' dir='ltr'>non</span> <span class='ocrx_word' id='word_1_277' title='bbox 1212 2237 1320 2267; x_wconf 82' lang='lat' dir='ltr'>suisset</span> <span class='ocrx_word' id='word_1_278' title='bbox 1344 2235 1418 2266; x_wconf 85' lang='lat' dir='ltr'>felix</span> <span class='ocrx_word' id='word_1_279' title='bbox 1444 2235 1518 2265; x_wconf 89' lang='lat' dir='ltr'>dum</span> <span class='ocrx_word' id='word_1_280' title='bbox 1546 2247 1595 2267; x_wconf 89' lang='lat' dir='ltr'>me</span> 
     </span>
     <span class='ocr_line' id='line_1_53' title="bbox 936 2284 1595 2328; baseline -0.006 -10"><span class='ocrx_word' id='word_1_281' title='bbox 936 2293 1065 2323; x_wconf 81' lang='lat' dir='ltr'>amaret,</span> <span class='ocrx_word' id='word_1_282' title='bbox 1085 2292 1115 2318; x_wconf 88' lang='lat' dir='ltr'>te</span> <span class='ocrx_word' id='word_1_283' title='bbox 1140 2284 1332 2328; x_wconf 85' lang='lat' dir='ltr'>posthabita.</span> <span class='ocrx_word' id='word_1_284' title='bbox 1357 2284 1418 2314; x_wconf 88' lang='lat' dir='ltr'>imo</span> <span class='ocrx_word' id='word_1_285' title='bbox 1443 2290 1477 2314; x_wconf 83' lang='lat' dir='ltr'>ut</span> <span class='ocrx_word' id='word_1_286' title='bbox 1500 2284 1595 2315; x_wconf 84' lang='lat' dir='ltr'>etiarn</span> 
     </span>
     <span class='ocr_line' id='line_1_54' title="bbox 935 2334 1595 2371; baseline -0.005 -3"><span class='ocrx_word' id='word_1_287' title='bbox 935 2337 1011 2369; x_wconf 89' lang='lat' dir='ltr'>meis</span> <span class='ocrx_word' id='word_1_288' title='bbox 1027 2337 1149 2368; x_wconf 77' lang='lat' dir='ltr'>damnis</span> <span class='ocrx_word' id='word_1_289' title='bbox 1162 2336 1280 2371; x_wconf 84' lang='lat' dir='ltr'>doleas,</span> <span class='ocrx_word' id='word_1_290' title='bbox 1298 2335 1377 2365; x_wconf 85' lang='lat' dir='ltr'>scias</span> <span class='ocrx_word' id='word_1_291' title='bbox 1393 2334 1482 2364; x_wconf 86' lang='lat' dir='ltr'>illum</span> <span class='ocrx_word' id='word_1_292' title='bbox 1505 2335 1595 2365; x_wconf 82' lang='lat' dir='ltr'>aliter</span> 
     </span>
     <span class='ocr_line' id='line_1_55' title="bbox 934 2382 1592 2416; baseline -0.003 0"><span class='ocrx_word' id='word_1_293' title='bbox 934 2385 1084 2416; x_wconf 81' lang='lat' dir='ltr'>sensisse:</span> <span class='ocrx_word' id='word_1_294' title='bbox 1109 2395 1181 2415; x_wconf 87' lang='lat' dir='ltr'>nam</span> <span class='ocrx_word' id='word_1_295' title='bbox 1205 2384 1338 2414; x_wconf 82' lang='lat' dir='ltr'>moriens</span> <span class='ocrx_word' id='word_1_296' title='bbox 1362 2382 1462 2413; x_wconf 88' lang='lat' dir='ltr'>tenuit</span> <span class='ocrx_word' id='word_1_297' title='bbox 1489 2383 1592 2414; x_wconf 85' lang='lat' dir='ltr'>adhue</span> 
     </span>
     <span class='ocr_line' id='line_1_56' title="bbox 934 2431 1594 2473; baseline -0.002 -8"><span class='ocrx_word' id='word_1_298' title='bbox 934 2445 983 2465; x_wconf 86' lang='lat' dir='ltr'>me</span> <span class='ocrx_word' id='word_1_299' title='bbox 998 2445 1092 2465; x_wconf 83' lang='lat' dir='ltr'>manu</span> <span class='ocrx_word' id='word_1_300' title='bbox 1107 2433 1281 2469; x_wconf 87' lang='lat' dir='ltr'>deficiente,</span> <span class='ocrx_word' id='word_1_301' title='bbox 1306 2432 1388 2473; x_wconf 88' lang='lat' dir='ltr'>quod</span> <span class='ocrx_word' id='word_1_302' title='bbox 1412 2431 1467 2462; x_wconf 87' lang='lat' dir='ltr'>tibi</span> <span class='ocrx_word' id='word_1_303' title='bbox 1492 2433 1594 2471; x_wconf 80' lang='lat' dir='ltr'>dolet;</span> 
     </span>
     <span class='ocr_line' id='line_1_57' title="bbox 934 2481 1592 2514; baseline 0 0"><span class='ocrx_word' id='word_1_304' title='bbox 934 2490 965 2514; x_wconf 85' lang='lat' dir='ltr'>et</span> <span class='ocrx_word' id='word_1_305' title='bbox 989 2484 1063 2514; x_wconf 81' lang='lat' dir='ltr'>licet</span> <span class='ocrx_word' id='word_1_306' title='bbox 1083 2483 1158 2513; x_wconf 85' lang='lat' dir='ltr'>mihi</span> <span class='ocrx_word' id='word_1_307' title='bbox 1184 2493 1263 2512; x_wconf 87' lang='lat' dir='ltr'>mors</span> <span class='ocrx_word' id='word_1_308' title='bbox 1286 2482 1342 2512; x_wconf 81' lang='lat' dir='ltr'>illa</span> <span class='ocrx_word' id='word_1_309' title='bbox 1357 2481 1592 2514; x_wconf 82' lang='lat' dir='ltr'>damnosissima</span> 
     </span>
     <span class='ocr_line' id='line_1_58' title="bbox 934 2532 1588 2572; baseline 0 -9"><span class='ocrx_word' id='word_1_310' title='bbox 934 2532 1129 2570; x_wconf 79' lang='lat' dir='ltr'>exstititerit3</span> <span class='ocrx_word' id='word_1_311' title='bbox 1153 2542 1213 2562; x_wconf 91' lang='lat' dir='ltr'>non</span> <span class='ocrx_word' id='word_1_312' title='bbox 1224 2537 1386 2561; x_wconf 79' lang='lat' dir='ltr'>esttamen</span> <span class='ocrx_word' id='word_1_313' title='bbox 1397 2532 1479 2572; x_wconf 86' lang='lat' dir='ltr'>quod</span> <span class='ocrx_word' id='word_1_314' title='bbox 1491 2537 1522 2563; x_wconf 92' lang='lat' dir='ltr'>tu</span> <span class='ocrx_word' id='word_1_315' title='bbox 1538 2544 1588 2563; x_wconf 80' lang='lat' dir='ltr'>ex·</span> 
     </span>
     <span class='ocr_line' id='line_1_59' title="bbox 933 2580 1587 2623; baseline 0.003 -12"><span class='ocrx_word' id='word_1_316' title='bbox 933 2582 1040 2618; x_wconf 88' lang='lat' dir='ltr'>sultes,</span> <span class='ocrx_word' id='word_1_317' title='bbox 1057 2590 1087 2612; x_wconf 84' lang='lat' dir='ltr'>et</span> <span class='ocrx_word' id='word_1_318' title='bbox 1102 2587 1192 2623; x_wconf 89' lang='lat' dir='ltr'>putes</span> <span class='ocrx_word' id='word_1_319' title='bbox 1210 2580 1296 2610; x_wconf 86' lang='lat' dir='ltr'>illum</span> <span class='ocrx_word' id='word_1_320' title='bbox 1321 2585 1351 2610; x_wconf 87' lang='lat' dir='ltr'>te</span> <span class='ocrx_word' id='word_1_321' title='bbox 1374 2580 1449 2610; x_wconf 82' lang='lat' dir='ltr'>mihi</span> <span class='ocrx_word' id='word_1_322' title='bbox 1473 2589 1587 2622; x_wconf 69' lang='lat' dir='ltr'>praetu-</span> 
     </span>
     <span class='ocr_line' id='line_1_60' title="bbox 932 2628 1590 2667; baseline 0.002 -7"><span class='ocrx_word' id='word_1_323' title='bbox 932 2630 1014 2665; x_wconf 85' lang='lat' dir='ltr'>lisse,</span> <span class='ocrx_word' id='word_1_324' title='bbox 1031 2636 1085 2660; x_wconf 83' lang='lat' dir='ltr'>aut</span> <span class='ocrx_word' id='word_1_325' title='bbox 1096 2641 1144 2660; x_wconf 91' lang='lat' dir='ltr'>mc</span> <span class='ocrx_word' id='word_1_326' title='bbox 1159 2640 1217 2659; x_wconf 90' lang='lat' dir='ltr'>non</span> <span class='ocrx_word' id='word_1_327' title='bbox 1233 2639 1352 2667; x_wconf 74' lang='lat' dir='ltr'>amasse</span> <span class='ocrx_word' id='word_1_328' title='bbox 1365 2628 1404 2660; x_wconf 84' lang='lat' dir='ltr'>ad</span> <span class='ocrx_word' id='word_1_329' title='bbox 1418 2635 1590 2661; x_wconf 78' lang='lat' dir='ltr'>extremum</span> 
     </span>
     <span class='ocr_line' id='line_1_61' title="bbox 932 2678 1316 2710; baseline -0.005 0"><span class='ocrx_word' id='word_1_330' title='bbox 932 2680 1002 2710; x_wconf 78' lang='lat' dir='ltr'>vitae</span> <span class='ocrx_word' id='word_1_331' title='bbox 1018 2678 1160 2710; x_wconf 83' lang='lat' dir='ltr'>halitum.</span> <span class='ocrx_word' id='word_1_332' title='bbox 1198 2678 1316 2708; x_wconf 66' lang='lat' dir='ltr'>Brun.</span> 
     </span>
    </p>
   </div>
  </div>
 </body>
</html>
