1849 3198
261 235 318 278 78

653 236 704 277 P.
738 235 951 278 OVIDII
983 236 1264 280 NASONIS

265 352 466 400 Pellicis
492 351 602 415 ipsa
626 367 762 399 meos
788 352 1072 416 implessem
1097 353 1338 416 sanguine
1360 354 1541 410 vultus,

332 428 571 492 Quosque
594 429 845 477 veneficiis
872 429 1076 477 abstulit
1100 430 1185 477 illa
1208 431 1327 477 suis.

1559 434 1651 478 150

264 506 460 554 Medeae
487 505 672 554 Medea
694 507 864 554 forem.
904 507 1038 570 quod
1064 507 1104 554 si
1131 507 1251 570 quid
1277 508 1338 554 ab
1365 507 1463 554 alto

327 584 356 630 J
362 592 501 631 ustus
527 585 645 632 ades
669 585 811 640 votis,
838 583 868 630 J
873 584 1086 648 uppiter,
1114 584 1221 648 ipse
1246 585 1397 641 meis3

264 660 409 715 Quod
430 662 584 723 gemit
599 660 900 724 Hypsipyle,
918 661 1033 708 lecti
1059 678 1258 724 quoque
1284 662 1513 708 subnuba
1537 678 1647 708 nos-

330 738 556 795 Moereat,
586 745 636 785 et
659 739 796 800 leges
823 738 1013 785 sanciat
1038 739 1148 801 ipsa
1172 755 1302 785 suas.

1567 738 1650 799 [tri

265 816 435 878 thue
461 832 552 877 ego
578 816 820 862 destituor
845 818 1046 879 conjux,
1073 823 1332 879 materque
1357 816 1593 872 duorum;

328 893 373 938 A
399 893 606 941 totidem
631 893 759 940 natis
785 894 906 940 orba
932 894 1010 949 sit,
1039 909 1168 956 aque
1192 893 1311 940 viro.

261 1050 435 1080 Hmssms.
492 1048 553 1079 Pro
581 1059 626 1078 me
651 1047 722 1079 alii:
761 1048 815 1079 sed
844 1048 921 1079 nihil

261 1103 364 1129 muta:
390 1102 541 1138 quantum
567 1097 598 1127 in
622 1108 671 1127 me
698 1103 790 1134 esset,
808 1108 866 1138 ego
890 1102 920 1128 te

260 1158 321 1178 non
336 1147 494 1178 laesissem.
518 1146 582 1177 vid.
600 1147 660 1188 Ep.
675 1146 698 1178 i.
716 1148 748 1177 3.

307 1197 380 1227 151.
407 1196 493 1229 Quod
520 1198 545 1226 si
573 1197 637 1236 quis
664 1197 701 1226 ab
729 1196 791 1226 alto
815 1195 921 1226 ,Iustus

259 1246 369 1286 adest]
399 1246 485 1280 Quod
507 1247 531 1275 si
551 1247 622 1285 quid
638 1247 719 1276 adest
733 1244 839 1286 scripti
853 1245 920 1286 ple-

260 1295 347 1336 rique
364 1306 434 1326 cum
447 1294 555 1336 priscis
570 1294 768 1325 editionibus.
791 1298 921 1324 venuste

260 1350 292 1375 et
312 1355 396 1375 vere.
421 1343 480 1374 nisi
503 1343 586 1385 quod
605 1343 637 1374 in
659 1344 831 1379 Puteaneo,
846 1344 922 1384 quod

258 1396 283 1424 si
297 1396 386 1434 quod.
411 1395 455 1425 Τὸ
470 1395 541 1434 quid
557 1393 716 1435 eleganter
732 1393 898 1424 redundat.

260 1444 300 1474 Et
316 1443 427 1484 virgil.

390 1492 421 1522 Si
436 1493 506 1532 quid
519 1494 613 1532 pietas
627 1493 751 1532 antiqua
769 1492 879 1522 labores

305 1542 436 1581 Respicit
452 1543 604 1571 humana&

261 1592 370 1621 Posset
396 1596 427 1621 et
449 1590 574 1621 retineri
596 1591 621 1620 si
644 1591 725 1630 quis5
749 1594 785 1619 ut
811 1589 920 1620 Horat.

259 1640 304 1671 iii.
329 1639 393 1670 Od.
410 1641 462 1671 27.
478 1641 531 1670 51.
559 1640 585 1669 Ο
601 1639 732 1669 Deorum
746 1640 769 1669 si
784 1641 847 1679 quis
862 1640 921 1670 haec

261 1692 360 1720 audis.
407 1689 532 1720 Deinde
556 1689 662 1719 Justus
682 1690 761 1725 ades,
782 1688 832 1719 vel
855 1688 920 1720 sine

259 1737 345 1769 libris
367 1737 566 1768 scribendum
588 1736 726 1767 videtur:
752 1742 786 1767 ut
809 1738 921 1768 Jovem

260 1788 448 1829 alloquatur.
494 1786 630 1817 Causam
650 1796 719 1816 mox
736 1785 922 1818 videbimus.

261 1837 386 1868 Deinde
401 1836 423 1866 J
426 1838 542 1876 nppiter
564 1836 616 1866 ille
632 1846 651 1866 a
666 1835 802 1866 Nasonis
825 1835 921 1877 ipsius

260 1897 355 1917 manu
389 1896 455 1916 esse
481 1885 599 1926 opinor,
629 1883 686 1914 etsi
715 1894 770 1926 pro
796 1890 921 1926 recepta

259 1934 392 1966 lectione
406 1933 560 1964 stantibus
572 1932 760 1964 membranis
773 1934 920 1975 antiquis.

260 1985 481 2025 Fragmentum
518 1982 655 2014 Cornelii
688 1982 830 2025 Nepotis,
866 1982 920 2014 ubi

261 2032 407 2064 Cornelia
422 2033 525 2062 Mater
542 2031 772 2062 Gracchorum:
791 2031 855 2062 Nec
871 2033 920 2063 ille

260 2086 339 2114 sinat
360 2082 513 2122 Juppiter.
560 2082 608 2112 Sic
631 2082 774 2122 Juppiter
796 2083 848 2112 ille
862 2094 920 2112 mo-

259 2134 346 2162 nebat
362 2131 444 2173 apud
460 2132 623 2161 Maronem
643 2141 681 2160 ex
697 2130 821 2172 optimis
836 2131 921 2161 codi-

261 2181 349 2211 cibus
365 2179 516 2210 sEneidos
532 2179 585 2210 vii.
601 2190 666 2210 ver.
687 2180 758 2209 110.
781 2178 834 2210 ubi
850 2180 920 2220 plu-

260 2229 345 2260 ribus
363 2228 513 2269 exemplis
528 2228 609 2258 hunc
630 2228 778 2269 loquendi
794 2228 921 2259 modum

259 2277 494 2313 illustravimus,
526 2288 595 2318 quae
634 2277 683 2307 hic
712 2277 772 2307 loci
808 2277 920 2308 iterare

261 2337 342 2357 nunc
371 2325 469 2367 piget.
508 2326 681 2356 HElems.
740 2326 820 2357 Cum
849 2337 921 2357 vero

260 2375 408 2416 Autolyci
418 2374 581 2416 cujusdam
596 2375 719 2416 piceata
731 2385 839 2405 manus
850 2374 921 2406 illas

260 2425 291 2455 in
300 2423 466 2464 Virgilium
480 2429 567 2454 notas
581 2435 701 2455 summo
715 2422 757 2454 rei
775 2423 919 2455 literariae

260 2474 374 2504 damno
399 2472 588 2515 surripuerit,
613 2473 832 2504 detrimentum
862 2473 919 2505 lioc

260 2522 415 2564 reparavit
452 2522 602 2563 Egregius
630 2523 843 2553 Broukhusius
881 2524 920 2554 ad

260 2571 378 2602 Tibulli
394 2571 415 2601 i.
441 2571 532 2611 Eleg.
550 2571 592 2602 iv.
613 2572 662 2602 19.
691 2571 838 2602 Francius
854 2582 919 2603 cor-

259 2621 392 2661 rigebat,
420 2621 443 2649 si
471 2622 544 2660 qnid
572 2623 608 2651 ab
636 2622 701 2651 alta
724 2621 830 2651 Justus
852 2624 920 2652 ades

259 2671 332 2700 votis
346 2668 469 2707 Jupiter
493 2680 561 2699 arce
576 2671 657 2700 meis.
683 2669 827 2700 Offendit
843 2670 920 2701 sorte

260 2717 372 2749 vocula
386 2719 457 2757 ipse,
475 2728 544 2758 quae
565 2718 630 2759 jam
647 2718 694 2748 bis
710 2723 919 2760 praecesserat,

260 2772 292 2798 et
316 2775 386 2798 mox
410 2766 559 2808 sequitur.
583 2767 636 2798 sed
662 2767 738 2799 nihil
754 2773 860 2799 muta:
885 2770 921 2798 ab

1559 895 1650 940 156

988 1050 1060 1085 alto,
1090 1055 1137 1079 est
1162 1060 1194 1079 ex
1221 1049 1293 1085 alto,
1318 1046 1437 1078 scilicet
1461 1046 1554 1078 coelo.
1577 1047 1648 1078 Art.

988 1096 1061 1128 Am.
1077 1097 1154 1127 633.

1023 1146 1046 1176 J
1049 1148 1165 1185 uppiter
1177 1157 1209 1176 ei
1224 1147 1285 1176 alto
1297 1147 1436 1185 perjuria
1451 1147 1529 1176 ridet
1545 1157 1649 1176 ciman-

1075 1202 1152 1225 tum.

989 1245 1066 1274 Ades
1091 1245 1226 1284 precibus
1253 1243 1374 1274 Colinei
1404 1248 1435 1273 et
1464 1243 1650 1274 Bersmanni

989 1292 1154 1324 editiones.
1178 1293 1223 1323 nil
1238 1298 1339 1323 muta:
1363 1292 1408 1323 iii.
1430 1292 1524 1323 Trist.
1542 1292 1562 1323 i.
1576 1293 1628 1324 78.

1032 1343 1110 1372 Ades
1122 1348 1196 1378 voto,
1212 1343 1335 1371 maiime
1349 1343 1426 1377 dive,
1438 1353 1509 1372 meo.
1532 1342 1649 1373 Euam.

1036 1392 1108 1422 153.
1135 1392 1221 1422 Lecti
1239 1402 1349 1431 quoque
1366 1393 1495 1422 succuba
1519 1392 1644 1432 nostri]

989 1441 1090 1471 Vetus
1104 1440 1208 1477 lectio,
1220 1441 1354 1470 subnuba
1368 1443 1473 1472 nostri,
1510 1441 1650 1472 Ninon-

990 1501 1079 1522 mus.
1126 1490 1245 1522 Glossae
1262 1490 1305 1521 H.
1322 1491 1432 1533 Steph.
1471 1493 1650 1530 Παλλακῆ,

991 1540 1173 1577 Concubina,
1202 1541 1341 1577 succuba,
1369 1542 1476 1580 pellei-
1521 1541 1650 1572 Eaedem

987 1591 1118 1620 uuicuba
1132 1588 1331 1631 μονολεχὴς.
1487 1590 1606 1621 Hfflxs.

1033 1639 1106 1668 154.
1132 1638 1225 1679 Leges
1238 1639 1347 1669 senciat
1363 1639 1435 1678 ἱρεες
1449 1639 1532 1679 ima]
1573 1639 1643 1670 San-

987 1688 1050 1717 ciut
1078 1686 1276 1717 scribendum
1313 1697 1437 1718 censeo.
1482 1693 1576 1729 atque
1603 1688 1645 1721 ita

988 1735 1067 1766 liber
1088 1736 1261 1767 Vossianus
1275 1742 1306 1767 et
1327 1736 1404 1767 alter
1420 1737 1648 1769 Mentelianus.

989 1786 1113 1816 Sancire
1124 1787 1200 1828 leges
1212 1785 1338 1817 obvium
1350 1786 1433 1827 apud
1444 1791 1564 1819 veteres
1575 1798 1648 1819 auc-

988 1839 1081 1865 tores.
1125 1836 1271 1866 Lucanus
1286 1834 1340 1866 vii.
1358 1836 1434 1866 351.

1033 1885 1182 1916 Romanas
1192 1886 1308 1916 sancire
1322 1885 1419 1915 volent
1434 1885 1486 1915 hoc
1501 1887 1650 1927 sanguine

1076 1935 1164 1976 leges.

988 1982 1094 2014 Livius
1109 1983 1165 2014 lib.
1182 1983 1271 2014 xxiii.
1295 1983 1365 2014 Jam
1380 1996 1442 2025 ego,
1459 1984 1565 2023 inquit,
1580 1993 1649 2014 san-

987 2034 1079 2073 guine
1109 2032 1294 2063 Hannibalis
1322 2035 1453 2063 sum-iam
1481 2032 1649 2062 Romanam

977 2081 1095 2122 foedus.
1133 2081 1223 2111 Nihil
1238 2081 1336 2122 magis
1352 2080 1491 2111 obvium.
1520 2080 1649 2111 Adean-

987 2136 1037 2161 tur
1059 2129 1293 2161 Jurisconsulti.
1330 2130 1503 2161 Hmnsms.
1548 2129 1598 2160 Sic
1616 2140 1649 2160 a-

988 2179 1052 2220 pud
1065 2179 1184 2210 Catull.
1196 2179 1302 2221 Epith.
1315 2179 1408 2210 Thes.
1421 2191 1450 2210 v.
1463 2180 1515 2210 21.
1532 2179 1649 2216 Sanxz't,

988 2239 1042 2270 pro
1057 2230 1144 2258 sensit
1160 2239 1321 2270 reposuere
1337 2227 1394 2259 viri
1409 2228 1506 2258 docti.

1034 2279 1106 2308 155.
1133 2278 1299 2323 Duorum]
1339 2277 1440 2308 Eunei
1466 2284 1497 2308 et
1525 2278 1647 2309 Nebro-

988 2326 1082 2369 phoni
1098 2326 1279 2369 Apollodor.
1295 2327 1351 2358 lib.
1369 2327 1391 2357 i.
1410 2327 1495 2357 Bibl.
1542 2327 1636 2358 Cxor.

1033 2377 1105 2407 156.
1130 2377 1155 2406 A
1187 2378 1318 2412 totidem,
1344 2376 1422 2417 δια]
1457 2376 1648 2408 Felicissime

988 2424 1070 2455 hunc
1094 2425 1196 2455 locum
1221 2425 1395 2456 considerat
1417 2424 1521 2456 Julius
1543 2425 1649 2456 Caesar

987 2474 1125 2515 Scaliger
1150 2474 1179 2504 in
1206 2474 1332 2510 Critico,
1357 2475 1445 2516 cujus
1466 2474 1533 2505 haec
1556 2480 1646 2505 sunt:

990 2523 1143 2553 ovidiana:
1174 2523 1354 2564 Hypsipyles
1379 2524 1463 2554 clara
1489 2524 1647 2554 admodum

988 2573 1158 2612 imprecatio
1177 2580 1217 2603 est
1228 2585 1236 2610 ;
1261 2584 1322 2613 ‹111ae
1338 2584 1429 2613 neque
1452 2574 1578 2608 tamma,
1594 2584 1646 2603 ue-

987 2632 1042 2661 que
1063 2623 1209 2662 vulgaris,
1225 2634 1259 2652 ac
1284 2628 1344 2652 tani
1359 2623 1502 2658 rotunda,
1523 2628 1558 2652 ut
1584 2628 1646 2652 tum

988 2671 1068 2700 brevi
1089 2681 1175 2712 gyro,
1193 2677 1253 2701 tam
1275 2664 1429 2710 composita
1446 2672 1525 2711 apud
1540 2672 1647 2702 multos

988 2720 1076 2748 eciam
1104 2720 1276 2750 eacellentes
1299 2721 1439 2759 possimus
1463 2721 1645 2750 desiderare.

988 2767 1069 2799 Vide
1082 2773 1113 2799 et
1124 2767 1250 2799 Scholia
1262 2768 1294 2799 in
1305 2768 1362 2799 lib.
1378 2767 1536 2800 'l'ristium.
1552 2768 1645 2801 Cror.
