1849 3198
596 215 942 258 HEROIDES.
977 215 1069 256 ΕΡ.
1093 214 1239 255 ΧΧΙ.

224 330 325 376 Aut
350 331 439 377 tibi
458 333 563 394 jam
590 331 724 377 nulla
749 337 825 377 est
850 336 1060 393 speratae
1087 345 1205 376 cura
1229 329 1421 393 puellae,

288 406 451 460 Quam
480 407 610 455 ferus
638 407 838 469 indigna
862 407 977 453 tabe
1002 407 1162 469 perire
1188 406 1336 462 sinis3

1543 408 1607 451 60

221 482 323 529 Aut
348 483 458 531 Dea
482 485 521 531 si
547 484 727 531 frustra
750 499 839 547 pro
865 499 943 530 me
968 482 1057 529 tibi
1083 499 1215 529 saeva
1239 490 1455 545 rogatur,

288 558 420 613 Quid
447 561 565 607 mihi
591 568 640 608 te
659 562 857 624 jactas?
894 561 1052 623 gratia
1076 561 1212 607 nulla
1235 567 1321 607 tua
1345 568 1436 607 est.

221 634 365 698 Elige
391 638 512 700 quid
537 637 711 700 fingas.
751 654 849 685 non
874 638 946 684 vis
972 638 1170 701 placare
1197 637 1440 693 Dianam3

288 712 556 761 Immemor
580 731 633 762 es
659 714 841 762 nostri:
883 731 980 761 non
1005 722 1177 778 potes3
1218 714 1301 761 illa
1324 714 1394 761 tui
1421 722 1512 760 est.

220 788 311 837 Vel
349 807 621 854 numquam
657 791 874 847 mallem,
901 791 979 838 vel
1004 807 1101 838 non
1137 791 1257 837 mihi
1294 797 1518 854 tempore
1556 793 1603 837 in

287 866 437 915 Esset
461 868 509 914 in
535 868 718 930 AEgaeis
745 868 946 930 cognita
972 868 1125 916 Delos
1152 867 1311 930 aquis.

1499 867 1604 930 [illo

217 943 358 991 Tunc
384 961 496 993 mea
520 945 705 992 difficili
729 946 946 993 deducta
970 952 1047 993 est
1070 961 1269 1008 aequore
1295 945 1448 1001 naviS‚

286 1020 352 1068 Et
376 1021 467 1070 fuit
492 1023 553 1070 ad
579 1029 768 1087 coeptas
794 1023 915 1070 hora
939 1022 1137 1069 sinistra
1160 1022 1280 1069 vias.

219 1096 330 1151 Quo
357 1100 485 1162 pede
511 1101 758 1163 processi!
798 1117 898 1164 quo
923 1117 1003 1147 me
1028 1101 1156 1164 pede
1182 1100 1350 1147 limine
1373 1101 1528 1148 movi!

284 1174 430 1224 Picta
454 1177 564 1224 citae
590 1178 731 1240 tetigi
758 1194 857 1240 quo
883 1177 1012 1241 pede
1037 1184 1178 1224 texta
1202 1178 1346 1224 ratis!
1542 1182 1605 1225 70

222 1251 308 1299 Bis
334 1260 500 1301 tamen
526 1255 733 1302 adverso
759 1256 1010 1303 redierunt
1034 1255 1242 1302 carbasa
1265 1262 1429 1302 vento.

285 1328 504 1378 Mentior
528 1332 589 1378 ah
615 1332 848 1379 demens!
887 1332 968 1379 ille
993 1332 1243 1378 secundus
1269 1339 1389 1379 erat.

218 1405 307 1453 Ille
334 1410 584 1456 secundus
610 1417 731 1465 erat,
760 1410 843 1473 qui
871 1426 950 1457 me
977 1409 1222 1456 referebat
1248 1416 1477 1465 euntem3

284 1483 484 1547 Quique
511 1502 685 1549 parum
711 1487 829 1534 felix
855 1486 1161 1550 impediebat
1185 1486 1293 1533 iter.

215 1559 385 1623 Atque
411 1563 598 1610 utinam
624 1570 857 1610 constans
884 1570 1057 1610 contra
1082 1579 1193 1610 mea
1217 1564 1326 1610 vela
1351 1563 1551 1611 fuisset!

285 1637 386 1685 Sed
412 1641 618 1687 stultum
644 1648 721 1687 est
745 1641 876 1687 venti
902 1641 964 1686 de
990 1640 1189 1687 levitate
1215 1640 1371 1702 queri.
1541 1644 1602 1688 76

216 1712 360 1762 Mota
383 1715 477 1763 loci
503 1716 632 1764 fama
657 1718 985 1781 properabam
1010 1717 1167 1764 visere
1196 1717 1386 1774 Delon;

283 1790 349 1838 Et
373 1792 534 1841 facere
560 1794 736 1856 ignava
760 1810 930 1858 puppe
955 1793 1158 1840 videbar
1183 1794 1290 1840 iter.

214 1866 379 1921 Quam
406 1886 555 1934 saepe,
584 1878 638 1918 ut
662 1872 831 1927 tardis,
859 1870 953 1919 feci
979 1871 1200 1918 convicia
1224 1872 1400 1928 remis3

283 1944 575 2010 Questaque
602 1964 711 1995 sum
736 1955 883 1996 vento
908 1949 1060 1997 lintea
1085 1965 1234 2012 parca
1258 1949 1389 1995 dari!
1542 1954 1604 1998 SO

213 2066 296 2108 apud
322 2067 530 2100 Claudianum
561 2070 617 2100 lib.
646 2071 679 2101 ii.
704 2071 743 2102 de
772 2071 874 2101 Laud.

213 2115 285 2147 Stil.
301 2117 376 2148 331.
388 2130 467 2158 posse
478 2130 564 2159 queas
576 2120 669 2150 MSS.
684 2126 715 2151 et
729 2120 874 2161 quaedam

213 2164 377 2197 editiones.
402 2167 473 2198 vide
498 2167 624 2199 Claver.
641 2169 680 2199 ad
704 2170 792 2199 Pers.
807 2170 873 2200 Sat.

213 2213 256 2243 vi.
273 2225 344 2256 pag.
362 2216 437 2247 274.
484 2218 602 2247 Bivnm.

255 2264 309 2294 67.
336 2264 420 2296 Tunc
442 2277 504 2296 mea
517 2266 664 2307 difficili]
691 2267 731 2297 Et
746 2267 813 2297 haec
830 2268 872 2298 lo-

212 2313 296 2343 cutio
311 2313 426 2345 durior.
450 2314 647 2346 deducuntur
666 2315 756 2346 litore
779 2327 875 2347 naves

213 2359 244 2391 in
260 2372 377 2403 aequor.
397 2363 452 2394 sed
468 2364 684 2395 subducuntur
698 2375 734 2395 ex
751 2375 873 2406 aequore

213 2409 246 2440 in
269 2410 356 2441 litus.
380 2411 405 2441 si
429 2412 490 2443 mei
513 2424 561 2443 res
585 2412 701 2444 arbitrii
722 2419 812 2449 esset,
828 2414 872 2444 le-

214 2469 331 2499 gerem,
346 2460 466 2500 difficili
486 2463 615 2492 deducta
634 2469 673 2492 est
692 2463 778 2492 litore
795 2473 872 2502 pnp-

210 2509 266 2547 pis.
312 2508 401 2539 Litus
413 2509 548 2550 difficile,
565 2511 647 2552 quod
672 2511 755 2541 mala
769 2512 873 2542 omina

213 2556 311 2593 daret,
327 2563 359 2588 et
374 2569 454 2599 aegre
470 2559 557 2600 quasi
576 2559 746 2591 dimitteret
760 2571 870 2590 navem

213 2605 412 2638 subductam.
436 2613 537 2649 potest
563 2613 667 2639 tamen
692 2615 724 2639 et
752 2609 872 2650 difficili

212 2667 322 2696 (equore
342 2657 482 2687 absolute
504 2658 636 2699 positum
659 2658 803 2699 intelligi,
817 2669 871 2699 pro

213 2716 282 2735 cuin
301 2716 406 2747 {equor
426 2713 507 2738 esset
529 2708 665 2744 difficile,
683 2708 712 2738 id
739 2714 782 2739 cst
808 2714 869 2738 tui·-

211 2755 328 2785 batum.
378 2756 493 2786 Risum.

988 2073 1040 2101 71.
1068 2072 1125 2101 His
1152 2072 1282 2112 tamem]
1311 2071 1406 2107 Vide,
1436 2082 1472 2102 ne
1499 2073 1604 2114 legen*

943 2120 1018 2151 dum
1047 2121 1098 2156 sit,
1120 2122 1173 2151 bis.
1208 2126 1242 2150 ut
1271 2120 1424 2161 significet
1449 2122 1603 2165 Cydippe,

943 2180 1004 2200 non
1029 2170 1125 2201 semel
1154 2175 1281 2201 ventum
1307 2170 1471 2202 adversum
1497 2172 1604 2204 fuisse.

944 2220 1127 2250 EGNATws.
1175 2219 1228 2249 Bis
1256 2219 1425 2260 legendum
1453 2221 1605 2253 doctiores

942 2268 1154 2299 contendunt:
1190 2274 1224 2299 ut
1251 2269 1463 2309 intelligamus
1486 2271 1534 2302 bis
1557 2282 1603 2303 re-

941 2322 1091 2348 troactam
1127 2328 1239 2348 navem
1277 2317 1436 2360 Cydippes
1473 2320 1603 2352 adverso

942 2373 1044 2401 vento,
1058 2366 1132 2398 dum
1144 2366 1262 2397 Delum
1274 2367 1420 2408 navigare
1432 2370 1603 2402 contendit.

940 2415 1067 2446 an..

984 2465 1034 2495 76.
1059 2464 1116 2494 Sed
1142 2466 1268 2494 stultum
1296 2465 1364 2505 esu]
1393 2465 1510 2498 Versus
1535 2478 1600 2498 sus-

940 2519 1062 2554 pectus.
1108 2512 1226 2544 HEJNS.

984 2562 1037 2592 79.
1064 2562 1162 2596 Quum
1175 2573 1246 2602 serpe
1260 2569 1295 2592 ut
1311 2563 1433 2602 turdi-§.J
1449 2563 1519 2594 Heia
1537 2572 1599 2594 tm·-

938 2612 994 2646 dis,
1010 2610 1105 2641 malo.
1130 2611 1302 2641 HE1NS1t's.
1346 2611 1387 2641 Ut
1402 2617 1448 2642 est
1464 2611 1513 2642 hic
1529 2618 1598 2643 tan-

939 2669 1045 2699 quam,
1064 2659 1138 2690 licet
1152 2659 1311 2690 celerrime
1331 2659 1418 2690 navis
1433 2661 1597 2701 progrede-

939 2715 1033 2738 seilis-

982 2758 1033 2786 81).
1063 2757 1173 2796 Dara]
1204 2757 1268 2786 lino
1283 2759 1364 2787 dari.
1391 2757 1508 2788 Ilum.
