1849 3198
609 223 954 266 HEROIDES.
986 224 1079 266 ΕΡ.
1112 225 1204 267 ΙΙΙ.
1547 228 1605 269 25

682 395 1030 444 EPISTOLA
1069 397 1168 445 III.

551 530 872 572 BRISEIS
916 529 1269 574 ACHILLI.

218 656 381 712 Quam
405 657 545 720 legis,
563 673 592 704 a
614 664 757 721 rapta
782 656 1009 705 Briseide
1033 658 1175 706 litera
1197 659 1347 714 venit,

282 734 381 781 Vix
406 736 534 783 bene
559 735 815 783 barbarica
841 735 1020 782 Graeca
1043 743 1212 783 notata
1234 752 1399 783 manu.

219 811 573 876 Quascumque
598 813 860 876 adspicies,
878 813 1091 860 lacrimae
1116 813 1294 869 fecere,
1312 814 1482 860 lituras
1501 833 1512 871 ;

287 889 389 937 Sed
413 898 579 938 tamen
605 898 655 938 et
678 891 891 938 lacrimae
916 891 1137 954 pondera
1159 891 1292 937 vocis
1318 891 1518 938 habent.

219 966 273 1014 Si
298 967 417 1014 mihi
441 984 603 1032 pauca
625 969 765 1031 queri
791 968 853 1016 de
877 976 943 1024 te,
961 968 1261 1031 dominoque
1285 969 1504 1031 viroque,
1573 971 1602 1015 5

284 1045 378 1092 Fas
405 1053 506 1103 est3
538 1046 601 1094 de
625 1046 822 1093 domino
848 1062 1009 1110 pauca
1030 1045 1232 1108 viroque
1258 1061 1450 1108 querar.

218 1121 349 1179 Non,
368 1139 461 1186 ego
485 1124 711 1188 poscenti
737 1124 871 1187 quod
897 1139 1006 1170 sum
1032 1124 1130 1170 cito
1153 1122 1334 1169 tradita
1360 1122 1505 1185 Regi,

283 1201 450 1265 Culpa
462 1208 549 1249 tua
566 1208 666 1250 est:
695 1201 918 1265 quamvis
929 1201 1022 1248 hoc
1034 1216 1235 1263 quoque
1250 1199 1398 1263 culpa
1410 1207 1495 1246 tua
1509 1206 1600 1246 est.

218 1278 349 1326 Nam
369 1279 515 1325 simul
535 1278 816 1343 Eurybates
832 1295 912 1326 me
927 1277 1326 1340 Talthybiusque
1340 1283 1599 1330 vocarunt;

284 1354 526 1419 Eurybati
551 1356 668 1403 data
692 1373 801 1403 sum
826 1356 1193 1419 Talthybioque
1212 1370 1396 1401 comes.
1545 1356 1604 1400 10

216 1432 356 1480 Alter
379 1433 429 1479 in
455 1433 654 1480 alterius
674 1434 923 1496 jactantes
948 1432 1135 1478 lumina
1156 1431 1362 1485 vultum,

285 1509 589 1564 Quaerebant
613 1510 766 1565 taciti,
785 1516 951 1556 noster
975 1509 1059 1555 ubi
1085 1514 1218 1555 esset
1243 1523 1394 1554 amor.

218 1586 415 1633 Differri
440 1587 594 1650 potui.
633 1603 791 1651 poenae
819 1602 955 1633 mora
979 1592 1118 1648 grata
1141 1584 1332 1630 fuisset.

283 1662 380 1710 Hei
404 1663 544 1710 mihi!
571 1663 832 1710 discedens
859 1663 1028 1710 oscula
1052 1661 1187 1707 nulla
1204 1661 1335 1707 dedi.

217 1745 286 1793 At
307 1746 533 1794 lacrimas
559 1747 664 1794 sine
690 1746 787 1794 fine
813 1745 944 1801 dedi,
962 1744 1173 1808 rupique
1199 1743 1420 1807 capillos.
1545 1745 1601 1790 15

286 1822 465 1870 Infelix
485 1823 662 1870 iterum
688 1839 798 1869 sum
823 1821 942 1868 mihi
965 1821 1070 1869 visa
1087 1820 1215 1884 capi.

262 2000 292 2029 1.
332 1998 496 2039 Briseida]
532 1998 743 2041 Hippodamia
780 2000 876 2030 Brisae

219 2048 294 2078 filia.
308 2047 476 2079 sacerdotis
492 2048 619 2091 Chrysae
634 2049 724 2079 frater
736 2048 794 2080 fuit
809 2048 878 2079 Bri-

218 2108 279 2128 ses.
326 2096 414 2127 AsT.

260 2147 292 2176 6.
318 2145 376 2175 Fas
389 2146 456 2186 est.]
474 2146 563 2176 Forte
576 2146 633 2188 fus
646 2148 696 2176 sit.
716 2146 772 2176 nisi
795 2151 877 2177 totus

218 2194 304 2225 locus
318 2193 431 2225 melius
445 2195 488 2225 ita
505 2195 544 2225 sit
559 2195 793 2226 constituendus
807 2207 813 2223 :

261 2243 307 2273 Sit
329 2245 402 2274 mihi
421 2255 516 2283 pauca
533 2245 616 2284 queri
635 2246 670 2274 de
688 2250 715 2274 te
734 2244 873 2273 Domino-

305 2304 359 2333 que
375 2295 504 2333 viroque,

263 2341 320 2372 Fas
328 2343 352 2372 si
363 2344 398 2373 de
409 2343 534 2372 Domino
545 2354 640 2382 pauca
654 2344 771 2383 viroque
781 2344 875 2383 queri.

218 2390 302 2421 Nam
318 2392 494 2422 Puteaneus
508 2399 539 2422 et
551 2391 670 2432 Regius
681 2394 764 2432 queri
781 2392 875 2422 habe-

218 2439 305 2470 bant.
323 2440 441 2471 mes.
488 2441 559 2471 Non
581 2447 675 2471 recte.
696 2440 773 2471 solet
794 2439 876 2471 enim

219 2488 332 2519 Noster
346 2488 439 2520 simili
451 2488 631 2530 repetitione
644 2489 804 2519 verborum
821 2488 876 2519 ali-

219 2537 344 2580 quando
365 2538 512 2579 argutari.
532 2550 562 2569 v.
576 2538 636 2579 Ep.
656 2549 708 2568 xv.
722 2539 776 2568 39.
796 2538 878 2568 color

219 2593 323 2618 autem
352 2592 471 2617 sumtus
493 2592 538 2617 est
565 2586 603 2616 de
617 2587 698 2628 jure,
719 2597 781 2628 quo
802 2586 878 2617 veti-

219 2642 285 2668 tum
310 2636 406 2667 servis
429 2636 468 2668 de
493 2635 636 2666 Dominis
661 2636 759 2677 queri,
785 2641 819 2666 ut
841 2646 878 2666 cx

220 2685 359 2716 Platonis
375 2685 430 2716 lib.
444 2686 488 2716 ix.
501 2685 540 2716 de
556 2685 697 2727 Republ.
711 2685 880 2716 adnotabat

220 2734 442 2765 Bersmannus.
487 2734 605 2764 Bumr.

263 2783 295 2814 7.
321 2783 392 2813 Sum
421 2782 507 2823 ciem]
540 2783 627 2813 Forte
658 2789 715 2812 tam
749 2784 817 2818 cito,
847 2787 878 2812 et

944 2011 1015 2030 mox
1031 2010 1068 2030 ex
1089 1998 1222 2040 scriptis,
1244 1999 1294 2028 hoc
1310 2008 1419 2039 quoque
1435 1998 1526 2036 culpa
1549 2003 1601 2026 tua

944 2055 998 2079 est.
1036 2049 1210 2079 Hizixsics.
1257 2046 1412 2089 Respexit
1440 2046 1515 2077 forte
1550 2046 1604 2076 illa

945 2097 1062 2130 Catulli
1079 2098 1185 2128 Carrn.
1198 2096 1298 2128 lxviii.

990 2146 1058 2177 Non
1074 2148 1117 2176 ita
1135 2146 1252 2176 Caecilio
1264 2147 1410 2186 placeam,
1423 2146 1473 2175 cui
1488 2146 1602 2175 credita

1031 2207 1112 2226 nunc
1126 2206 1201 2226 snm.

990 2245 1087 2284 Culpa
1120 2257 1183 2275 mea
1209 2252 1260 2281 est,
1287 2255 1463 2285 quamquam
1488 2245 1603 2273 (licitur

1027 2305 1083 2324 ESSE
1100 2305 1172 2324 mea.

943 2354 974 2372 v.
1001 2343 1106 2373 Vorst.
1126 2342 1164 2373 de
1187 2341 1290 2372 Latin.
1305 2342 1414 2372 Merit.
1437 2341 1529 2382 Susp.
1547 2342 1601 2371 27.

943 2396 974 2421 et
988 2401 1072 2432 supr.
1086 2391 1125 2422 ad
1138 2390 1237 2432 Epist.
1250 2389 1283 2420 ii.
1299 2392 1352 2421 56.
1399 2391 1515 2420 Burni.

986 2440 1019 2469 9.
1049 2440 1227 2480 Vos-arunt]
1272 2439 1424 2481 Exprimit
1456 2439 1602 2470 Graeeum

945 2488 1130 2529 κηρύσσειν,
1143 2489 1225 2530 quod
1235 2487 1390 2530 proprium
1405 2488 1600 2518 Praeconum.

945 2537 1027 2567 idem
1057 2537 1133 2569 forte
1157 2537 1240 2579 quod
1269 2537 1375 2568 Caesar
1398 2548 1429 2567 v.
1449 2536 1488 2567 de
1518 2535 1602 2565 Bell.

947 2586 1032 2616 Gall.
1046 2588 1100 2617 26.
1114 2586 1192 2617 dixit
1207 2587 1402 2621 conclamare,
1418 2591 1452 2616 ut
1467 2585 1602 2626 explicat

946 2634 1144 2677 Brantius,p.
1160 2636 1234 2666 450.
1249 2634 1326 2665 edit.
1339 2635 1472 2675 Junger.
1498 2634 1600 2663 Hem.

993 2685 1043 2714 12.
1071 2684 1207 2724 Noster]
1227 2683 1294 2714 Imo
1317 2690 1416 2719 vester,
1433 2683 1481 2713 vel
1499 2681 1602 2712 invitis

947 2732 1045 2764 libris.
1069 2732 1125 2764 nisi
1154 2732 1362 2775 interpretaris
1381 2743 1527 2769 amorem,
1548 2730 1600 2772 qui

948 2781 1026 2813 inter
1042 2792 1095 2813 nos
1111 2782 1180 2813 suit.
1227 2782 1345 2813 mes.
