<?xml version="1.0" encoding="UTF-8"?>
<!DOCTYPE html PUBLIC "-//W3C//DTD XHTML 1.0 Transitional//EN"
    "http://www.w3.org/TR/xhtml1/DTD/xhtml1-transitional.dtd">
<html xmlns="http://www.w3.org/1999/xhtml" xml:lang="en" lang="en">
 <head>
  <title>
</title>
<meta http-equiv="Content-Type" content="text/html;charset=utf-8" />
  <meta name='ocr-system' content='tesseract 3.04.00' />
  <meta name='ocr-capabilities' content='ocr_page ocr_carea ocr_par ocr_line ocrx_word'/>
</head>
<body>
  <div class='ocr_page' id='page_1' title='image "./povidiinasonisop01oviduoft_0172.png"; bbox 0 0 1849 3198; ppageno 0'>
   <div class='ocr_carea' id='block_1_1' title="bbox 213 210 1201 254">
    <p class='ocr_par' dir='ltr' id='par_1_1' title="bbox 213 210 1201 254">
     <span class='ocr_line' id='line_1_1' title="bbox 213 210 1201 254; baseline -0.001 0"><span class='ocrx_word' id='word_1_1' title='bbox 213 211 270 254; x_wconf 81' lang='lat'>88</span> <span class='ocrx_word' id='word_1_2' title='bbox 544 222 551 227; x_wconf 89' lang='grc'><em>·</em></span> <span class='ocrx_word' id='word_1_3' title='bbox 592 211 642 252; x_wconf 92' lang='grc' dir='ltr'>Ρ.</span> <span class='ocrx_word' id='word_1_4' title='bbox 677 210 889 252; x_wconf 92' lang='lat' dir='ltr'>OVIDII</span> <span class='ocrx_word' id='word_1_5' title='bbox 923 210 1201 253; x_wconf 86' lang='lat' dir='ltr'>NASONIS</span> 
     </span>
    </p>
   </div>
   <div class='ocr_carea' id='block_1_2' title="bbox 217 325 1600 1081">
    <p class='ocr_par' dir='ltr' id='par_1_2' title="bbox 217 325 1600 1081">
     <span class='ocr_line' id='line_1_2' title="bbox 217 325 1286 392; baseline 0.002 -20"><span class='ocrx_word' id='word_1_6' title='bbox 217 325 473 374; x_wconf 85' lang='lat' dir='ltr'>Fluctibus</span> <span class='ocrx_word' id='word_1_7' title='bbox 498 327 713 389; x_wconf 91' lang='lat' dir='ltr'>ejectum</span> <span class='ocrx_word' id='word_1_8' title='bbox 736 333 845 374; x_wconf 89' lang='lat' dir='ltr'>tuta</span> <span class='ocrx_word' id='word_1_9' title='bbox 868 327 1079 374; x_wconf 90' lang='lat' dir='ltr'>statione</span> <span class='ocrx_word' id='word_1_10' title='bbox 1104 327 1286 392; x_wconf 85' lang='lat' dir='ltr'>recepi,</span> 
     </span>
     <span class='ocr_line' id='line_1_3' title="bbox 282 402 1599 466; baseline 0.002 -17"><span class='ocrx_word' id='word_1_11' title='bbox 282 402 482 465; x_wconf 82' lang='lat' dir='ltr'>Vixque</span> <span class='ocrx_word' id='word_1_12' title='bbox 506 403 633 450; x_wconf 90' lang='lat' dir='ltr'>bene</span> <span class='ocrx_word' id='word_1_13' title='bbox 658 404 825 450; x_wconf 85' lang='lat' dir='ltr'>audito</span> <span class='ocrx_word' id='word_1_14' title='bbox 850 403 1064 459; x_wconf 88' lang='lat' dir='ltr'>nomine,</span> <span class='ocrx_word' id='word_1_15' title='bbox 1091 419 1243 466; x_wconf 83' lang='lat' dir='ltr'>regna</span> <span class='ocrx_word' id='word_1_16' title='bbox 1266 403 1398 450; x_wconf 89' lang='lat' dir='ltr'>dedi.</span> <span class='ocrx_word' id='word_1_17' title='bbox 1534 407 1599 451; x_wconf 86' lang='lat'>90</span> 
     </span>
     <span class='ocr_line' id='line_1_4' title="bbox 217 479 1421 528; baseline 0.002 -2"><span class='ocrx_word' id='word_1_18' title='bbox 217 479 309 526; x_wconf 93' lang='lat' dir='ltr'>His</span> <span class='ocrx_word' id='word_1_19' title='bbox 333 487 499 527; x_wconf 90' lang='lat' dir='ltr'>tamen</span> <span class='ocrx_word' id='word_1_20' title='bbox 524 480 693 527; x_wconf 85' lang='lat' dir='ltr'>officiis</span> <span class='ocrx_word' id='word_1_21' title='bbox 718 481 907 527; x_wconf 90' lang='lat' dir='ltr'>utinam</span> <span class='ocrx_word' id='word_1_22' title='bbox 931 488 1166 528; x_wconf 89' lang='lat' dir='ltr'>contenta</span> <span class='ocrx_word' id='word_1_23' title='bbox 1189 481 1421 528; x_wconf 84' lang='lat' dir='ltr'>fuissem:</span> 
     </span>
     <span class='ocr_line' id='line_1_5' title="bbox 285 556 1360 620; baseline 0 -17"><span class='ocrx_word' id='word_1_24' title='bbox 285 556 350 604; x_wconf 87' lang='lat' dir='ltr'>Et</span> <span class='ocrx_word' id='word_1_25' title='bbox 372 557 491 603; x_wconf 91' lang='lat' dir='ltr'>mihi</span> <span class='ocrx_word' id='word_1_26' title='bbox 516 557 809 604; x_wconf 68' lang='lat' dir='ltr'>concubitus</span> <span class='ocrx_word' id='word_1_27' title='bbox 836 556 966 603; x_wconf 89' lang='lat' dir='ltr'>fama</span> <span class='ocrx_word' id='word_1_28' title='bbox 991 558 1186 620; x_wconf 87' lang='lat' dir='ltr'>sepulta</span> <span class='ocrx_word' id='word_1_29' title='bbox 1209 557 1360 604; x_wconf 87' lang='lat' dir='ltr'>foret!</span> 
     </span>
     <span class='ocr_line' id='line_1_6' title="bbox 218 633 1443 695; baseline 0 -16"><span class='ocrx_word' id='word_1_30' title='bbox 218 634 312 681; x_wconf 89' lang='lat' dir='ltr'>Illa</span> <span class='ocrx_word' id='word_1_31' title='bbox 333 634 439 681; x_wconf 87' lang='lat' dir='ltr'>dies</span> <span class='ocrx_word' id='word_1_32' title='bbox 464 634 649 688; x_wconf 89' lang='lat' dir='ltr'>nocuit,</span> <span class='ocrx_word' id='word_1_33' title='bbox 677 649 777 695; x_wconf 85' lang='lat' dir='ltr'>qua</span> <span class='ocrx_word' id='word_1_34' title='bbox 800 649 889 679; x_wconf 87' lang='lat' dir='ltr'>nos</span> <span class='ocrx_word' id='word_1_35' title='bbox 915 633 1105 680; x_wconf 87' lang='lat' dir='ltr'>declive</span> <span class='ocrx_word' id='word_1_36' title='bbox 1130 634 1223 680; x_wconf 90' lang='lat' dir='ltr'>sub</span> <span class='ocrx_word' id='word_1_37' title='bbox 1249 640 1443 680; x_wconf 85' lang='lat' dir='ltr'>antrum</span> 
     </span>
     <span class='ocr_line' id='line_1_7' title="bbox 286 709 1375 772; baseline -0.002 -15"><span class='ocrx_word' id='word_1_38' title='bbox 286 711 541 758; x_wconf 84' lang='lat' dir='ltr'>Caeruleus</span> <span class='ocrx_word' id='word_1_39' title='bbox 568 710 743 757; x_wconf 84' lang='lat' dir='ltr'>subitis</span> <span class='ocrx_word' id='word_1_40' title='bbox 769 709 1011 772; x_wconf 90' lang='lat' dir='ltr'>compulit</span> <span class='ocrx_word' id='word_1_41' title='bbox 1034 709 1191 755; x_wconf 86' lang='lat' dir='ltr'>imber</span> <span class='ocrx_word' id='word_1_42' title='bbox 1215 710 1375 772; x_wconf 87' lang='lat' dir='ltr'>aquis.</span> 
     </span>
     <span class='ocr_line' id='line_1_8' title="bbox 219 786 1600 850; baseline 0 -17"><span class='ocrx_word' id='word_1_43' title='bbox 219 787 485 834; x_wconf 82' lang='lat' dir='ltr'>Audieram</span> <span class='ocrx_word' id='word_1_44' title='bbox 509 803 710 843; x_wconf 83' lang='lat' dir='ltr'>vocem3</span> <span class='ocrx_word' id='word_1_45' title='bbox 753 786 1017 850; x_wconf 84' lang='lat' dir='ltr'>Nymphas</span> <span class='ocrx_word' id='word_1_46' title='bbox 1043 786 1258 833; x_wconf 86' lang='lat' dir='ltr'>ululasse</span> <span class='ocrx_word' id='word_1_47' title='bbox 1283 786 1480 850; x_wconf 82' lang='lat' dir='ltr'>putavi3</span> <span class='ocrx_word' id='word_1_48' title='bbox 1537 789 1600 834; x_wconf 85' lang='lat'>95</span> 
     </span>
     <span class='ocr_line' id='line_1_9' title="bbox 285 863 1257 926; baseline 0 -16"><span class='ocrx_word' id='word_1_49' title='bbox 285 863 586 911; x_wconf 86' lang='lat' dir='ltr'>Eumenides</span> <span class='ocrx_word' id='word_1_50' title='bbox 611 864 722 911; x_wconf 86' lang='lat' dir='ltr'>fatis</span> <span class='ocrx_word' id='word_1_51' title='bbox 748 864 889 926; x_wconf 78' lang='lat' dir='ltr'>signa</span> <span class='ocrx_word' id='word_1_52' title='bbox 913 864 1092 911; x_wconf 72' lang='lat' dir='ltr'>dedere</span> <span class='ocrx_word' id='word_1_53' title='bbox 1116 863 1257 910; x_wconf 88' lang='lat' dir='ltr'>meis.</span> 
     </span>
     <span class='ocr_line' id='line_1_10' title="bbox 220 940 1371 1004; baseline 0.002 -18"><span class='ocrx_word' id='word_1_54' title='bbox 220 940 380 1003; x_wconf 84' lang='lat' dir='ltr'>Exige</span> <span class='ocrx_word' id='word_1_55' title='bbox 404 942 521 988; x_wconf 85' lang='lat' dir='ltr'>laese</span> <span class='ocrx_word' id='word_1_56' title='bbox 546 942 704 1004; x_wconf 89' lang='lat' dir='ltr'>pudor</span> <span class='ocrx_word' id='word_1_57' title='bbox 728 957 915 1004; x_wconf 86' lang='lat' dir='ltr'>poenas,</span> <span class='ocrx_word' id='word_1_58' title='bbox 941 941 1119 987; x_wconf 86' lang='lat' dir='ltr'>violate</span> <span class='ocrx_word' id='word_1_59' title='bbox 1147 941 1340 988; x_wconf 85' lang='lat' dir='ltr'>Sichaeo</span> <span class='ocrx_word' id='word_1_60' title='bbox 1361 958 1371 988; x_wconf 89' lang='lat'><strong>:</strong></span> 
     </span>
     <span class='ocr_line' id='line_1_11' title="bbox 283 1018 1475 1081; baseline 0 -17"><span class='ocrx_word' id='word_1_61' title='bbox 283 1018 363 1065; x_wconf 93' lang='lat' dir='ltr'>Ad</span> <span class='ocrx_word' id='word_1_62' title='bbox 388 1035 536 1080; x_wconf 90' lang='lat' dir='ltr'>quem</span> <span class='ocrx_word' id='word_1_63' title='bbox 562 1020 662 1079; x_wconf 86' lang='lat' dir='ltr'>(me</span> <span class='ocrx_word' id='word_1_64' title='bbox 687 1019 916 1065; x_wconf 82' lang='lat' dir='ltr'>miseram</span> <span class='ocrx_word' id='word_1_65' title='bbox 932 1018 966 1079; x_wconf 83' lang='lat'>!&gt;</span> <span class='ocrx_word' id='word_1_66' title='bbox 1003 1019 1150 1081; x_wconf 87' lang='lat' dir='ltr'>plena</span> <span class='ocrx_word' id='word_1_67' title='bbox 1175 1018 1374 1081; x_wconf 91' lang='lat' dir='ltr'>pudoris</span> <span class='ocrx_word' id='word_1_68' title='bbox 1401 1034 1475 1065; x_wconf 92' lang='lat' dir='ltr'>eo.</span> 
     </span>
    </p>
   </div>
   <div class='ocr_carea' id='block_1_3' title="bbox 218 1182 883 2790">
    <p class='ocr_par' dir='ltr' id='par_1_3' title="bbox 218 1182 876 1358">
     <span class='ocr_line' id='line_1_12' title="bbox 260 1182 876 1223; baseline 0.002 -11"><span class='ocrx_word' id='word_1_69' title='bbox 260 1182 312 1212; x_wconf 89' lang='lat'>89.</span> <span class='ocrx_word' id='word_1_70' title='bbox 338 1182 503 1222; x_wconf 63' lang='lat' dir='ltr'>Ejectum]</span> <span class='ocrx_word' id='word_1_71' title='bbox 538 1182 683 1223; x_wconf 76' lang='lat' dir='ltr'>Ereptum</span> <span class='ocrx_word' id='word_1_72' title='bbox 708 1182 823 1213; x_wconf 88' lang='lat' dir='ltr'>Moreti</span> <span class='ocrx_word' id='word_1_73' title='bbox 846 1190 876 1213; x_wconf 83' lang='lat' dir='ltr'>et</span> 
     </span>
     <span class='ocr_line' id='line_1_13' title="bbox 218 1230 876 1272; baseline 0.003 -12"><span class='ocrx_word' id='word_1_74' title='bbox 218 1230 280 1260; x_wconf 91' lang='lat' dir='ltr'>duo</span> <span class='ocrx_word' id='word_1_75' title='bbox 302 1230 355 1261; x_wconf 82' lang='lat' dir='ltr'>alii</span> <span class='ocrx_word' id='word_1_76' title='bbox 378 1231 506 1261; x_wconf 87' lang='lat' dir='ltr'>frustra:</span> <span class='ocrx_word' id='word_1_77' title='bbox 531 1231 688 1272; x_wconf 83' lang='lat' dir='ltr'>proprium</span> <span class='ocrx_word' id='word_1_78' title='bbox 712 1232 795 1261; x_wconf 89' lang='lat' dir='ltr'>enim</span> <span class='ocrx_word' id='word_1_79' title='bbox 818 1232 876 1262; x_wconf 86' lang='lat' dir='ltr'>hoc</span> 
     </span>
     <span class='ocr_line' id='line_1_14' title="bbox 219 1279 876 1322; baseline 0.003 -13"><span class='ocrx_word' id='word_1_80' title='bbox 219 1279 257 1309; x_wconf 87' lang='lat' dir='ltr'>de</span> <span class='ocrx_word' id='word_1_81' title='bbox 268 1280 424 1320; x_wconf 82' lang='lat' dir='ltr'>naufragis</span> <span class='ocrx_word' id='word_1_82' title='bbox 434 1280 466 1310; x_wconf 86' lang='lat' dir='ltr'>in</span> <span class='ocrx_word' id='word_1_83' title='bbox 478 1280 552 1310; x_wconf 85' lang='lat' dir='ltr'>litus</span> <span class='ocrx_word' id='word_1_84' title='bbox 562 1280 682 1322; x_wconf 86' lang='lat' dir='ltr'>ejectis.</span> <span class='ocrx_word' id='word_1_85' title='bbox 700 1280 805 1311; x_wconf 84' lang='lat' dir='ltr'>Catal.</span> <span class='ocrx_word' id='word_1_86' title='bbox 818 1281 876 1311; x_wconf 90' lang='lat' dir='ltr'>Pe-</span> 
     </span>
     <span class='ocr_line' id='line_1_15' title="bbox 220 1328 326 1358; baseline 0.009 -1"><span class='ocrx_word' id='word_1_87' title='bbox 220 1328 326 1358; x_wconf 79' lang='lat' dir='ltr'>tronii:</span> 
     </span>
    </p>

    <p class='ocr_par' dir='ltr' id='par_1_4' title="bbox 264 1376 878 1419">
     <span class='ocr_line' id='line_1_16' title="bbox 264 1376 878 1419; baseline 0.002 -13"><span class='ocrx_word' id='word_1_88' title='bbox 264 1376 444 1419; x_wconf 62' lang='lat' dir='ltr'>Naufragus</span> <span class='ocrx_word' id='word_1_89' title='bbox 458 1379 550 1417; x_wconf 69' lang='lat' dir='ltr'>ejecta</span> <span class='ocrx_word' id='word_1_90' title='bbox 573 1378 673 1408; x_wconf 75' lang='lat' dir='ltr'>nudus</span> <span class='ocrx_word' id='word_1_91' title='bbox 694 1385 759 1408; x_wconf 78' lang='lat' dir='ltr'>rate</span> <span class='ocrx_word' id='word_1_92' title='bbox 773 1380 878 1418; x_wconf 79' lang='lat' dir='ltr'>quae1it</span> 
     </span>
    </p>

    <p class='ocr_par' dir='ltr' id='par_1_5' title="bbox 220 1427 881 2242">
     <span class='ocr_line' id='line_1_17' title="bbox 347 1427 445 1455; baseline 0 0"><span class='ocrx_word' id='word_1_93' title='bbox 347 1427 445 1455; x_wconf 80' lang='lat' dir='ltr'>eodem</span> 
     </span>
     <span class='ocr_line' id='line_1_18' title="bbox 306 1474 879 1516; baseline 0.002 -12"><span class='ocrx_word' id='word_1_94' title='bbox 306 1475 484 1505; x_wconf 77' lang='lat' dir='ltr'>Percussum</span> <span class='ocrx_word' id='word_1_95' title='bbox 500 1475 565 1510; x_wconf 73' lang='lat' dir='ltr'>telo,</span> <span class='ocrx_word' id='word_1_96' title='bbox 581 1477 630 1505; x_wconf 80' lang='lat' dir='ltr'>cui</span> <span class='ocrx_word' id='word_1_97' title='bbox 641 1486 695 1505; x_wconf 80' lang='lat' dir='ltr'>sua</span> <span class='ocrx_word' id='word_1_98' title='bbox 701 1474 777 1516; x_wconf 80' lang='lat' dir='ltr'>fata</span> <span class='ocrx_word' id='word_1_99' title='bbox 790 1476 879 1516; x_wconf 78' lang='lat' dir='ltr'>legat.</span> 
     </span>
     <span class='ocr_line' id='line_1_19' title="bbox 221 1523 879 1565; baseline 0.002 -11"><span class='ocrx_word' id='word_1_100' title='bbox 221 1523 284 1554; x_wconf 91' lang='lat' dir='ltr'>Ubi</span> <span class='ocrx_word' id='word_1_101' title='bbox 299 1534 459 1565; x_wconf 83' lang='lat' dir='ltr'>perperam</span> <span class='ocrx_word' id='word_1_102' title='bbox 470 1525 581 1555; x_wconf 83' lang='lat' dir='ltr'>Douza</span> <span class='ocrx_word' id='word_1_103' title='bbox 595 1535 692 1554; x_wconf 75' lang='lat' dir='ltr'>eversa</span> <span class='ocrx_word' id='word_1_104' title='bbox 707 1531 783 1555; x_wconf 78' lang='lat' dir='ltr'>rate.</span> <span class='ocrx_word' id='word_1_105' title='bbox 809 1524 879 1555; x_wconf 89' lang='lat' dir='ltr'>vide</span> 
     </span>
     <span class='ocr_line' id='line_1_20' title="bbox 221 1572 878 1614; baseline -0.002 -11"><span class='ocrx_word' id='word_1_106' title='bbox 221 1584 290 1614; x_wconf 88' lang='lat' dir='ltr'>quae</span> <span class='ocrx_word' id='word_1_107' title='bbox 312 1583 367 1603; x_wconf 85' lang='lat' dir='ltr'>nos</span> <span class='ocrx_word' id='word_1_108' title='bbox 390 1573 429 1603; x_wconf 85' lang='lat' dir='ltr'>ad</span> <span class='ocrx_word' id='word_1_109' title='bbox 445 1572 582 1603; x_wconf 83' lang='lat' dir='ltr'>Petronii</span> <span class='ocrx_word' id='word_1_110' title='bbox 597 1583 669 1614; x_wconf 88' lang='lat' dir='ltr'>cap.</span> <span class='ocrx_word' id='word_1_111' title='bbox 685 1583 756 1603; x_wconf 84' lang='lat' dir='ltr'>cxv.</span> <span class='ocrx_word' id='word_1_112' title='bbox 780 1578 811 1603; x_wconf 88' lang='lat' dir='ltr'>et</span> <span class='ocrx_word' id='word_1_113' title='bbox 832 1584 878 1603; x_wconf 86' lang='lat' dir='ltr'>re-</span> 
     </span>
     <span class='ocr_line' id='line_1_21' title="bbox 220 1621 878 1663; baseline 0 -12"><span class='ocrx_word' id='word_1_114' title='bbox 220 1621 313 1663; x_wconf 87' lang='lat' dir='ltr'>spicit</span> <span class='ocrx_word' id='word_1_115' title='bbox 327 1622 442 1651; x_wconf 81' lang='lat' dir='ltr'>Noster</span> <span class='ocrx_word' id='word_1_116' title='bbox 456 1621 512 1652; x_wconf 83' lang='lat' dir='ltr'>illa</span> <span class='ocrx_word' id='word_1_117' title='bbox 527 1621 652 1662; x_wconf 79' lang='lat' dir='ltr'>Virgilii</span> <span class='ocrx_word' id='word_1_118' title='bbox 667 1621 724 1651; x_wconf 87' lang='lat' dir='ltr'>lib.</span> <span class='ocrx_word' id='word_1_119' title='bbox 741 1621 784 1651; x_wconf 91' lang='lat' dir='ltr'>iv.</span> <span class='ocrx_word' id='word_1_120' title='bbox 801 1621 878 1652; x_wconf 85' lang='lat'>373.</span> 
     </span>
     <span class='ocr_line' id='line_1_22' title="bbox 450 1670 844 1711; baseline 0 -12"><span class='ocrx_word' id='word_1_121' title='bbox 450 1670 587 1709; x_wconf 80' lang='lat' dir='ltr'>Ejectum</span> <span class='ocrx_word' id='word_1_122' title='bbox 603 1671 698 1705; x_wconf 76' lang='lat' dir='ltr'>litore,</span> <span class='ocrx_word' id='word_1_123' title='bbox 714 1676 844 1711; x_wconf 79' lang='lat' dir='ltr'>egentem</span> 
     </span>
     <span class='ocr_line' id='line_1_23' title="bbox 266 1719 878 1761; baseline -0.002 -12"><span class='ocrx_word' id='word_1_124' title='bbox 266 1719 385 1758; x_wconf 70' lang='lat' dir='ltr'>Excepi,</span> <span class='ocrx_word' id='word_1_125' title='bbox 401 1725 429 1749; x_wconf 86' lang='lat' dir='ltr'>et</span> <span class='ocrx_word' id='word_1_126' title='bbox 442 1722 529 1761; x_wconf 78' lang='lat' dir='ltr'>regni</span> <span class='ocrx_word' id='word_1_127' title='bbox 551 1721 666 1750; x_wconf 82' lang='lat' dir='ltr'>demens</span> <span class='ocrx_word' id='word_1_128' title='bbox 685 1721 716 1749; x_wconf 82' lang='lat' dir='ltr'>in</span> <span class='ocrx_word' id='word_1_129' title='bbox 735 1725 821 1758; x_wconf 76' lang='lat' dir='ltr'>parte</span> <span class='ocrx_word' id='word_1_130' title='bbox 838 1720 878 1749; x_wconf 81' lang='lat' dir='ltr'>lo-</span> 
     </span>
     <span class='ocr_line' id='line_1_24' title="bbox 306 1771 384 1799; baseline 0 -1"><span class='ocrx_word' id='word_1_131' title='bbox 306 1771 384 1799; x_wconf 82' lang='lat' dir='ltr'>cavi.</span> 
     </span>
     <span class='ocr_line' id='line_1_25' title="bbox 222 1816 879 1854; baseline 0.002 -6"><span class='ocrx_word' id='word_1_132' title='bbox 222 1818 262 1848; x_wconf 80' lang='lat' dir='ltr'>Et</span> <span class='ocrx_word' id='word_1_133' title='bbox 283 1828 365 1854; x_wconf 83' lang='lat' dir='ltr'>mox,</span> <span class='ocrx_word' id='word_1_134' title='bbox 390 1823 424 1849; x_wconf 79' lang='lat' dir='ltr'>ut</span> <span class='ocrx_word' id='word_1_135' title='bbox 438 1817 616 1848; x_wconf 85' lang='lat' dir='ltr'>Priscianus</span> <span class='ocrx_word' id='word_1_136' title='bbox 638 1816 726 1853; x_wconf 84' lang='lat' dir='ltr'>citat,</span> <span class='ocrx_word' id='word_1_137' title='bbox 751 1823 879 1850; x_wconf 85' lang='lat' dir='ltr'>notante</span> 
     </span>
     <span class='ocr_line' id='line_1_26' title="bbox 222 1866 343 1897; baseline -0.008 0"><span class='ocrx_word' id='word_1_138' title='bbox 222 1866 343 1897; x_wconf 87' lang='lat' dir='ltr'>Pierio:</span> 
     </span>
     <span class='ocr_line' id='line_1_27' title="bbox 266 1916 878 1955; baseline 0 -9"><span class='ocrx_word' id='word_1_139' title='bbox 266 1916 400 1955; x_wconf 80' lang='lat' dir='ltr'>Ejectam</span> <span class='ocrx_word' id='word_1_140' title='bbox 422 1917 552 1952; x_wconf 85' lang='lat' dir='ltr'>classem,</span> <span class='ocrx_word' id='word_1_141' title='bbox 565 1916 652 1946; x_wconf 80' lang='lat' dir='ltr'>socios</span> <span class='ocrx_word' id='word_1_142' title='bbox 676 1927 694 1945; x_wconf 88' lang='lat' dir='ltr'>a</span> <span class='ocrx_word' id='word_1_143' title='bbox 717 1922 809 1946; x_wconf 72' lang='lat' dir='ltr'>morte</span> <span class='ocrx_word' id='word_1_144' title='bbox 833 1927 878 1946; x_wconf 52' lang='lat' dir='ltr'>&#39;re-</span> 
     </span>
     <span class='ocr_line' id='line_1_28' title="bbox 307 1966 392 1995; baseline -0.012 0"><span class='ocrx_word' id='word_1_145' title='bbox 307 1966 392 1995; x_wconf 70' lang='lat' dir='ltr'>duxi.</span> 
     </span>
     <span class='ocr_line' id='line_1_29' title="bbox 223 2011 878 2053; baseline 0 -9"><span class='ocrx_word' id='word_1_146' title='bbox 223 2014 287 2044; x_wconf 87' lang='lat' dir='ltr'>Ubi</span> <span class='ocrx_word' id='word_1_147' title='bbox 323 2024 405 2044; x_wconf 90' lang='lat' dir='ltr'>nunc</span> <span class='ocrx_word' id='word_1_148' title='bbox 441 2011 555 2053; x_wconf 86' lang='lat' dir='ltr'>legitur</span> <span class='ocrx_word' id='word_1_149' title='bbox 586 2016 719 2044; x_wconf 82' lang='lat' dir='ltr'>amissam</span> <span class='ocrx_word' id='word_1_150' title='bbox 748 2013 878 2044; x_wconf 80' lang='lat' dir='ltr'>classem.</span> 
     </span>
     <span class='ocr_line' id='line_1_30' title="bbox 221 2061 879 2102; baseline -0.005 -9"><span class='ocrx_word' id='word_1_151' title='bbox 221 2064 336 2094; x_wconf 87' lang='lat' dir='ltr'>Terent</span> <span class='ocrx_word' id='word_1_152' title='bbox 347 2061 449 2092; x_wconf 88' lang='lat' dir='ltr'>Andr.</span> <span class='ocrx_word' id='word_1_153' title='bbox 462 2073 493 2093; x_wconf 91' lang='lat' dir='ltr'>v.</span> <span class='ocrx_word' id='word_1_154' title='bbox 505 2062 537 2092; x_wconf 89' lang='lat'>4.</span> <span class='ocrx_word' id='word_1_155' title='bbox 586 2062 706 2102; x_wconf 77' lang='lat' dir='ltr'>Ejectus</span> <span class='ocrx_word' id='word_1_156' title='bbox 721 2063 801 2100; x_wconf 79' lang='lat' dir='ltr'>apud</span> <span class='ocrx_word' id='word_1_157' title='bbox 816 2063 879 2091; x_wconf 77' lang='lat' dir='ltr'>An-</span> 
     </span>
     <span class='ocr_line' id='line_1_31' title="bbox 222 2111 879 2153; baseline -0.002 -10"><span class='ocrx_word' id='word_1_158' title='bbox 222 2114 310 2143; x_wconf 80' lang='lat' dir='ltr'>drum</span> <span class='ocrx_word' id='word_1_159' title='bbox 325 2114 396 2142; x_wconf 79' lang='lat' dir='ltr'>navi</span> <span class='ocrx_word' id='word_1_160' title='bbox 399 2111 522 2153; x_wconf 83' lang='lat' dir='ltr'>fracta.</span> <span class='ocrx_word' id='word_1_161' title='bbox 547 2111 653 2141; x_wconf 87' lang='lat' dir='ltr'>Plaut.</span> <span class='ocrx_word' id='word_1_162' title='bbox 671 2111 832 2141; x_wconf 82' lang='lat' dir='ltr'>Rudente.</span> <span class='ocrx_word' id='word_1_163' title='bbox 844 2111 879 2142; x_wconf 81' lang='lat' dir='ltr'>ii.</span> 
     </span>
     <span class='ocr_line' id='line_1_32' title="bbox 222 2159 881 2201; baseline 0 -9"><span class='ocrx_word' id='word_1_164' title='bbox 222 2162 277 2193; x_wconf 90' lang='lat' dir='ltr'>vii.</span> <span class='ocrx_word' id='word_1_165' title='bbox 324 2161 446 2201; x_wconf 78' lang='lat' dir='ltr'>Ejertzts</span> <span class='ocrx_word' id='word_1_166' title='bbox 459 2172 474 2191; x_wconf 89' lang='lat' dir='ltr'>e</span> <span class='ocrx_word' id='word_1_167' title='bbox 487 2163 577 2191; x_wconf 78' lang='lat' dir='ltr'>mari.</span> <span class='ocrx_word' id='word_1_168' title='bbox 601 2166 632 2190; x_wconf 87' lang='lat' dir='ltr'>et</span> <span class='ocrx_word' id='word_1_169' title='bbox 646 2160 691 2191; x_wconf 86' lang='lat' dir='ltr'>ita</span> <span class='ocrx_word' id='word_1_170' title='bbox 707 2170 788 2201; x_wconf 86' lang='lat' dir='ltr'>saepe</span> <span class='ocrx_word' id='word_1_171' title='bbox 800 2159 832 2191; x_wconf 90' lang='lat' dir='ltr'>in</span> <span class='ocrx_word' id='word_1_172' title='bbox 843 2171 881 2192; x_wconf 87' lang='lat' dir='ltr'>ea</span> 
     </span>
     <span class='ocr_line' id='line_1_33' title="bbox 222 2210 505 2242; baseline -0.014 1"><span class='ocrx_word' id='word_1_173' title='bbox 222 2210 342 2242; x_wconf 80' lang='lat' dir='ltr'>fabula.</span> <span class='ocrx_word' id='word_1_174' title='bbox 389 2211 505 2240; x_wconf 69' lang='lat' dir='ltr'>Euan.</span> 
     </span>
    </p>

    <p class='ocr_par' dir='ltr' id='par_1_6' title="bbox 223 2258 883 2632">
     <span class='ocr_line' id='line_1_34' title="bbox 265 2258 881 2299; baseline -0.005 -8"><span class='ocrx_word' id='word_1_175' title='bbox 265 2261 319 2291; x_wconf 86' lang='lat'>95.</span> <span class='ocrx_word' id='word_1_176' title='bbox 350 2259 463 2299; x_wconf 61' lang='lat' dir='ltr'>Voces]</span> <span class='ocrx_word' id='word_1_177' title='bbox 481 2259 581 2289; x_wconf 76' lang='lat' dir='ltr'>Vocem</span> <span class='ocrx_word' id='word_1_178' title='bbox 596 2258 752 2289; x_wconf 83' lang='lat' dir='ltr'>meliores.</span> <span class='ocrx_word' id='word_1_179' title='bbox 776 2258 881 2288; x_wconf 73' lang='grc' dir='ltr'>ΗΕιΝ-</span> 
     </span>
     <span class='ocr_line' id='line_1_35' title="bbox 223 2307 880 2349; baseline -0.003 -9"><span class='ocrx_word' id='word_1_180' title='bbox 223 2320 305 2341; x_wconf 78' lang='lat' dir='ltr'>sws.</span> <span class='ocrx_word' id='word_1_181' title='bbox 350 2309 401 2338; x_wconf 83' lang='lat' dir='ltr'>Ita</span> <span class='ocrx_word' id='word_1_182' title='bbox 431 2319 552 2349; x_wconf 86' lang='lat' dir='ltr'>quoque</span> <span class='ocrx_word' id='word_1_183' title='bbox 583 2307 725 2337; x_wconf 83' lang='lat' dir='ltr'>Francos.</span> <span class='ocrx_word' id='word_1_184' title='bbox 752 2308 880 2338; x_wconf 87' lang='lat' dir='ltr'>Sueton.</span> 
     </span>
     <span class='ocr_line' id='line_1_36' title="bbox 224 2355 880 2398; baseline -0.003 -10"><span class='ocrx_word' id='word_1_185' title='bbox 224 2359 321 2389; x_wconf 87' lang='lat' dir='ltr'>Nero.</span> <span class='ocrx_word' id='word_1_186' title='bbox 338 2358 390 2387; x_wconf 83' lang='lat'>46.</span> <span class='ocrx_word' id='word_1_187' title='bbox 408 2357 447 2387; x_wconf 89' lang='lat' dir='ltr'>de</span> <span class='ocrx_word' id='word_1_188' title='bbox 462 2356 640 2386; x_wconf 84' lang='lat' dir='ltr'>Mausoleo.</span> <span class='ocrx_word' id='word_1_189' title='bbox 686 2355 880 2398; x_wconf 69' lang='lat' dir='ltr'>Spontejim&#39;-</span> 
     </span>
     <span class='ocr_line' id='line_1_37' title="bbox 224 2406 882 2448; baseline -0.005 -11"><span class='ocrx_word' id='word_1_190' title='bbox 224 2409 276 2437; x_wconf 81' lang='lat' dir='ltr'>bus</span> <span class='ocrx_word' id='word_1_191' title='bbox 287 2406 446 2448; x_wconf 74' lang='lat' dir='ltr'>patefactis</span> <span class='ocrx_word' id='word_1_192' title='bbox 469 2407 611 2436; x_wconf 62' lang='lat' dir='ltr'>exaudita</span> <span class='ocrx_word' id='word_1_193' title='bbox 633 2415 685 2434; x_wconf 73' lang='lat' dir='ltr'>vor</span> <span class='ocrx_word' id='word_1_194' title='bbox 699 2411 751 2441; x_wconf 82' lang='lat' dir='ltr'>est,</span> <span class='ocrx_word' id='word_1_195' title='bbox 767 2407 882 2435; x_wconf 47' lang='lat' dir='ltr'>&#39;nomine</span> 
     </span>
     <span class='ocr_line' id='line_1_38' title="bbox 224 2453 883 2495; baseline -0.003 -9"><span class='ocrx_word' id='word_1_196' title='bbox 224 2467 291 2487; x_wconf 80' lang='lat' dir='ltr'>eum</span> <span class='ocrx_word' id='word_1_197' title='bbox 318 2457 451 2485; x_wconf 72' lang='lat' dir='ltr'>citantis.</span> <span class='ocrx_word' id='word_1_198' title='bbox 488 2453 559 2484; x_wconf 89' lang='lat' dir='ltr'>vide</span> <span class='ocrx_word' id='word_1_199' title='bbox 588 2453 626 2484; x_wconf 88' lang='lat' dir='ltr'>de</span> <span class='ocrx_word' id='word_1_200' title='bbox 657 2453 714 2483; x_wconf 91' lang='lat' dir='ltr'>hoc</span> <span class='ocrx_word' id='word_1_201' title='bbox 743 2453 883 2495; x_wconf 81' lang='lat' dir='ltr'>prodigio</span> 
     </span>
     <span class='ocr_line' id='line_1_39' title="bbox 225 2500 882 2543; baseline -0.003 -9"><span class='ocrx_word' id='word_1_202' title='bbox 225 2504 394 2543; x_wconf 85' lang='lat' dir='ltr'>Bulenger.</span> <span class='ocrx_word' id='word_1_203' title='bbox 420 2503 458 2533; x_wconf 87' lang='lat' dir='ltr'>de</span> <span class='ocrx_word' id='word_1_204' title='bbox 480 2500 607 2543; x_wconf 82' lang='lat' dir='ltr'>Prodig.</span> <span class='ocrx_word' id='word_1_205' title='bbox 630 2502 672 2532; x_wconf 87' lang='lat' dir='ltr'>iv.</span> <span class='ocrx_word' id='word_1_206' title='bbox 699 2503 749 2532; x_wconf 89' lang='lat'>19.</span> <span class='ocrx_word' id='word_1_207' title='bbox 773 2502 827 2532; x_wconf 88' lang='lat' dir='ltr'>sed</span> <span class='ocrx_word' id='word_1_208' title='bbox 851 2502 882 2532; x_wconf 93' lang='lat' dir='ltr'>in</span> 
     </span>
     <span class='ocr_line' id='line_1_40' title="bbox 226 2553 881 2593; baseline -0.002 -11"><span class='ocrx_word' id='word_1_209' title='bbox 226 2553 297 2582; x_wconf 83' lang='lat' dir='ltr'>MS.</span> <span class='ocrx_word' id='word_1_210' title='bbox 335 2562 458 2593; x_wconf 86' lang='lat' dir='ltr'>quoque</span> <span class='ocrx_word' id='word_1_211' title='bbox 487 2561 568 2592; x_wconf 78' lang='lat' dir='ltr'>saepe</span> <span class='ocrx_word' id='word_1_212' title='bbox 597 2561 677 2580; x_wconf 84' lang='lat' dir='ltr'>voces</span> <span class='ocrx_word' id='word_1_213' title='bbox 705 2556 881 2581; x_wconf 87' lang='lat' dir='ltr'>occurrunt.</span> 
     </span>
     <span class='ocr_line' id='line_1_41' title="bbox 228 2600 588 2632; baseline -0.006 0"><span class='ocrx_word' id='word_1_214' title='bbox 228 2602 334 2632; x_wconf 90' lang='lat' dir='ltr'>Valer.</span> <span class='ocrx_word' id='word_1_215' title='bbox 349 2601 436 2631; x_wconf 83' lang='lat' dir='ltr'>Flac.</span> <span class='ocrx_word' id='word_1_216' title='bbox 452 2600 497 2631; x_wconf 90' lang='lat' dir='ltr'>iii.</span> <span class='ocrx_word' id='word_1_217' title='bbox 513 2601 588 2631; x_wconf 80' lang='lat'>405.</span> 
     </span>
    </p>

    <p class='ocr_par' dir='ltr' id='par_1_7' title="bbox 228 2650 883 2790">
     <span class='ocr_line' id='line_1_42' title="bbox 380 2650 883 2689; baseline -0.004 -9"><span class='ocrx_word' id='word_1_218' title='bbox 380 2651 418 2680; x_wconf 77' lang='lat' dir='ltr'>Et</span> <span class='ocrx_word' id='word_1_219' title='bbox 441 2652 540 2680; x_wconf 75' lang='lat' dir='ltr'>subitoe</span> <span class='ocrx_word' id='word_1_220' title='bbox 564 2656 626 2688; x_wconf 77' lang='lat' dir='ltr'>post</span> <span class='ocrx_word' id='word_1_221' title='bbox 655 2650 741 2689; x_wconf 66' lang='lat' dir='ltr'>lunga</span> <span class='ocrx_word' id='word_1_222' title='bbox 764 2650 883 2680; x_wconf 75' lang='lat' dir='ltr'>silentia</span> 
     </span>
     <span class='ocr_line' id='line_1_43' title="bbox 314 2710 403 2729; baseline -0.011 0"><span class='ocrx_word' id='word_1_223' title='bbox 314 2710 403 2729; x_wconf 68' lang='lat' dir='ltr'>voces.</span> 
     </span>
     <span class='ocr_line' id='line_1_44' title="bbox 228 2747 883 2790; baseline -0.003 -11"><span class='ocrx_word' id='word_1_224' title='bbox 228 2750 267 2780; x_wconf 76' lang='lat' dir='ltr'>Et</span> <span class='ocrx_word' id='word_1_225' title='bbox 287 2748 336 2779; x_wconf 87' lang='lat' dir='ltr'>hic</span> <span class='ocrx_word' id='word_1_226' title='bbox 352 2758 476 2790; x_wconf 85' lang='lat' dir='ltr'>quoquc</span> <span class='ocrx_word' id='word_1_227' title='bbox 501 2759 579 2778; x_wconf 70' lang='lat' dir='ltr'>voces</span> <span class='ocrx_word' id='word_1_228' title='bbox 602 2747 725 2778; x_wconf 83' lang='lat' dir='ltr'>retineri</span> <span class='ocrx_word' id='word_1_229' title='bbox 750 2753 883 2788; x_wconf 74' lang='lat' dir='ltr'>possent,</span> 
     </span>
    </p>
   </div>
   <div class='ocr_carea' id='block_1_4' title="bbox 329 1688 434 1693">
    <p class='ocr_par' dir='ltr' id='par_1_8' title="bbox 329 1688 434 1693">
     <span class='ocr_line' id='line_1_45' title="bbox 329 1688 434 1693; baseline 0 0"><span class='ocrx_word' id='word_1_230' title='bbox 329 1688 434 1693; x_wconf 95' lang='lat' dir='ltr'> </span> 
     </span>
    </p>
   </div>
   <div class='ocr_carea' id='block_1_5' title="bbox 273 2669 352 2674">
    <p class='ocr_par' dir='ltr' id='par_1_9' title="bbox 273 2669 352 2674">
     <span class='ocr_line' id='line_1_46' title="bbox 273 2669 352 2674; baseline 0 0"><span class='ocrx_word' id='word_1_231' title='bbox 273 2669 352 2674; x_wconf 95' lang='lat' dir='ltr'> </span> 
     </span>
    </p>
   </div>
   <div class='ocr_carea' id='block_1_6' title="bbox 943 1181 1609 2777">
    <p class='ocr_par' dir='ltr' id='par_1_10' title="bbox 943 1181 1576 1224">
     <span class='ocr_line' id='line_1_47' title="bbox 943 1181 1576 1224; baseline -0.003 -11"><span class='ocrx_word' id='word_1_232' title='bbox 943 1182 1018 1224; x_wconf 84' lang='lat' dir='ltr'>quia</span> <span class='ocrx_word' id='word_1_233' title='bbox 1032 1183 1071 1213; x_wconf 85' lang='lat' dir='ltr'>de</span> <span class='ocrx_word' id='word_1_234' title='bbox 1088 1183 1243 1224; x_wconf 86' lang='lat' dir='ltr'>Nymphis</span> <span class='ocrx_word' id='word_1_235' title='bbox 1258 1182 1410 1223; x_wconf 83' lang='lat' dir='ltr'>sequitur.</span> <span class='ocrx_word' id='word_1_236' title='bbox 1457 1181 1576 1212; x_wconf 78' lang='lat' dir='ltr'>BURM.</span> 
     </span>
    </p>

    <p class='ocr_par' dir='ltr' id='par_1_11' title="bbox 944 1231 1607 1812">
     <span class='ocr_line' id='line_1_48' title="bbox 986 1231 1604 1272; baseline -0.005 -9"><span class='ocrx_word' id='word_1_237' title='bbox 986 1233 1041 1263; x_wconf 88' lang='grc'>97.</span> <span class='ocrx_word' id='word_1_238' title='bbox 1070 1232 1182 1263; x_wconf 71' lang='lat' dir='ltr'>Viulate</span> <span class='ocrx_word' id='word_1_239' title='bbox 1207 1232 1342 1271; x_wconf 62' lang='lat' dir='ltr'>Sichaei]</span> <span class='ocrx_word' id='word_1_240' title='bbox 1376 1232 1454 1262; x_wconf 84' lang='lat' dir='ltr'>Sunt</span> <span class='ocrx_word' id='word_1_241' title='bbox 1478 1231 1531 1272; x_wconf 85' lang='lat' dir='ltr'>qui</span> <span class='ocrx_word' id='word_1_242' title='bbox 1557 1232 1604 1261; x_wconf 79' lang='lat' dir='ltr'>Si-</span> 
     </span>
     <span class='ocr_line' id='line_1_49' title="bbox 944 1280 1604 1312; baseline -0.002 0"><span class='ocrx_word' id='word_1_243' title='bbox 944 1282 1020 1312; x_wconf 80' lang='lat' dir='ltr'>chaeo</span> <span class='ocrx_word' id='word_1_244' title='bbox 1042 1281 1166 1312; x_wconf 85' lang='lat' dir='ltr'>malint.</span> <span class='ocrx_word' id='word_1_245' title='bbox 1191 1282 1375 1312; x_wconf 66' lang='lat' dir='ltr'>EGNATms.</span> <span class='ocrx_word' id='word_1_246' title='bbox 1421 1280 1537 1310; x_wconf 74' lang='lat' dir='ltr'>Sichaeu</span> <span class='ocrx_word' id='word_1_247' title='bbox 1555 1291 1604 1311; x_wconf 87' lang='lat' dir='ltr'>ve-</span> 
     </span>
     <span class='ocr_line' id='line_1_50' title="bbox 944 1329 1605 1371; baseline 0 -10"><span class='ocrx_word' id='word_1_248' title='bbox 944 1335 1024 1361; x_wconf 85' lang='lat' dir='ltr'>teres</span> <span class='ocrx_word' id='word_1_249' title='bbox 1052 1341 1171 1361; x_wconf 87' lang='lat' dir='ltr'>omnes.</span> <span class='ocrx_word' id='word_1_250' title='bbox 1210 1332 1293 1371; x_wconf 81' lang='lat' dir='ltr'>quod</span> <span class='ocrx_word' id='word_1_251' title='bbox 1320 1329 1508 1360; x_wconf 84' lang='lat' dir='ltr'>notandum:</span> <span class='ocrx_word' id='word_1_252' title='bbox 1546 1339 1605 1361; x_wconf 90' lang='lat' dir='ltr'>nec</span> 
     </span>
     <span class='ocr_line' id='line_1_51' title="bbox 945 1377 1605 1420; baseline 0 -11"><span class='ocrx_word' id='word_1_253' title='bbox 945 1384 1050 1409; x_wconf 87' lang='lat' dir='ltr'>tamen</span> <span class='ocrx_word' id='word_1_254' title='bbox 1066 1378 1140 1419; x_wconf 89' lang='lat' dir='ltr'>quid</span> <span class='ocrx_word' id='word_1_255' title='bbox 1166 1378 1224 1408; x_wconf 86' lang='lat' dir='ltr'>sibi</span> <span class='ocrx_word' id='word_1_256' title='bbox 1240 1378 1316 1409; x_wconf 87' lang='lat' dir='ltr'>velit</span> <span class='ocrx_word' id='word_1_257' title='bbox 1339 1377 1413 1408; x_wconf 84' lang='lat' dir='ltr'>satis</span> <span class='ocrx_word' id='word_1_258' title='bbox 1438 1377 1605 1420; x_wconf 84' lang='lat' dir='ltr'>adsequor.</span> 
     </span>
     <span class='ocr_line' id='line_1_52' title="bbox 949 1426 1607 1470; baseline 0.002 -13"><span class='ocrx_word' id='word_1_259' title='bbox 949 1427 1036 1459; x_wconf 84' lang='lat' dir='ltr'>Thais</span> <span class='ocrx_word' id='word_1_260' title='bbox 1063 1428 1239 1458; x_wconf 78' lang='lat' dir='ltr'>Menandru</span> <span class='ocrx_word' id='word_1_261' title='bbox 1263 1438 1317 1470; x_wconf 86' lang='lat' dir='ltr'>pro</span> <span class='ocrx_word' id='word_1_262' title='bbox 1342 1426 1550 1469; x_wconf 75' lang='grc' dir='ltr'><strong>Μενάνδρου.</strong></span> <span class='ocrx_word' id='word_1_263' title='bbox 1575 1426 1607 1458; x_wconf 90' lang='lat' dir='ltr'>in</span> 
     </span>
     <span class='ocr_line' id='line_1_53' title="bbox 946 1476 1606 1509; baseline 0.002 -1"><span class='ocrx_word' id='word_1_264' title='bbox 946 1477 1076 1508; x_wconf 87' lang='lat' dir='ltr'>vetustis</span> <span class='ocrx_word' id='word_1_265' title='bbox 1101 1476 1260 1508; x_wconf 86' lang='lat' dir='ltr'>codicibus</span> <span class='ocrx_word' id='word_1_266' title='bbox 1285 1482 1441 1507; x_wconf 83' lang='lat' dir='ltr'>exaratur.</span> <span class='ocrx_word' id='word_1_267' title='bbox 1476 1477 1530 1507; x_wconf 86' lang='lat' dir='ltr'>sed</span> <span class='ocrx_word' id='word_1_268' title='bbox 1554 1477 1606 1509; x_wconf 81' lang='lat' dir='ltr'>hic</span> 
     </span>
     <span class='ocr_line' id='line_1_54' title="bbox 947 1526 1604 1557; baseline 0.002 -1"><span class='ocrx_word' id='word_1_269' title='bbox 947 1526 1061 1557; x_wconf 79' lang='lat' dir='ltr'>Sichaeu</span> <span class='ocrx_word' id='word_1_270' title='bbox 1085 1532 1131 1557; x_wconf 89' lang='lat' dir='ltr'>est</span> <span class='ocrx_word' id='word_1_271' title='bbox 1154 1536 1243 1556; x_wconf 84' lang='lat' dir='ltr'>casus</span> <span class='ocrx_word' id='word_1_272' title='bbox 1264 1526 1385 1556; x_wconf 87' lang='lat' dir='ltr'>tertius.</span> <span class='ocrx_word' id='word_1_273' title='bbox 1434 1526 1492 1556; x_wconf 80' lang='lat' dir='ltr'>Ceu</span> <span class='ocrx_word' id='word_1_274' title='bbox 1510 1526 1604 1557; x_wconf 75' lang='lat' dir='ltr'>Simo-</span> 
     </span>
     <span class='ocr_line' id='line_1_55' title="bbox 946 1574 1605 1617; baseline 0.002 -12"><span class='ocrx_word' id='word_1_275' title='bbox 946 1577 1038 1610; x_wconf 71' lang='lat' dir='ltr'>nidei,</span> <span class='ocrx_word' id='word_1_276' title='bbox 1061 1585 1115 1617; x_wconf 88' lang='lat' dir='ltr'>pro</span> <span class='ocrx_word' id='word_1_277' title='bbox 1133 1575 1183 1605; x_wconf 71' lang='lat' dir='ltr'>Cei</span> <span class='ocrx_word' id='word_1_278' title='bbox 1197 1574 1318 1605; x_wconf 87' lang='lat' dir='ltr'>Auson.</span> <span class='ocrx_word' id='word_1_279' title='bbox 1335 1574 1456 1605; x_wconf 80' lang='lat' dir='ltr'>Profes.</span> <span class='ocrx_word' id='word_1_280' title='bbox 1478 1574 1542 1606; x_wconf 88' lang='lat' dir='ltr'>xiv.</span> <span class='ocrx_word' id='word_1_281' title='bbox 1567 1586 1605 1606; x_wconf 88' lang='lat' dir='ltr'>ex</span> 
     </span>
     <span class='ocr_line' id='line_1_56' title="bbox 946 1623 1604 1662; baseline 0.002 -8"><span class='ocrx_word' id='word_1_282' title='bbox 946 1624 1042 1655; x_wconf 89' lang='lat' dir='ltr'>veteri</span> <span class='ocrx_word' id='word_1_283' title='bbox 1058 1624 1177 1654; x_wconf 84' lang='lat' dir='ltr'>codice.</span> <span class='ocrx_word' id='word_1_284' title='bbox 1226 1624 1378 1662; x_wconf 75' lang='lat' dir='ltr'>Melampu</span> <span class='ocrx_word' id='word_1_285' title='bbox 1402 1623 1434 1654; x_wconf 92' lang='lat' dir='ltr'>in</span> <span class='ocrx_word' id='word_1_286' title='bbox 1450 1624 1604 1655; x_wconf 82' lang='lat' dir='ltr'>vocativo.</span> 
     </span>
     <span class='ocr_line' id='line_1_57' title="bbox 946 1673 1607 1714; baseline 0 -10"><span class='ocrx_word' id='word_1_287' title='bbox 946 1673 1025 1704; x_wconf 84' lang='lat' dir='ltr'>Stat.</span> <span class='ocrx_word' id='word_1_288' title='bbox 1040 1673 1086 1703; x_wconf 87' lang='lat' dir='ltr'>iii.</span> <span class='ocrx_word' id='word_1_289' title='bbox 1101 1673 1203 1703; x_wconf 85' lang='lat' dir='ltr'>Theb.</span> <span class='ocrx_word' id='word_1_290' title='bbox 1220 1673 1295 1703; x_wconf 88' lang='lat'>546.</span> <span class='ocrx_word' id='word_1_291' title='bbox 1313 1677 1343 1702; x_wconf 86' lang='lat' dir='ltr'>et</span> <span class='ocrx_word' id='word_1_292' title='bbox 1358 1673 1432 1703; x_wconf 88' lang='grc'><strong>573.</strong></span> <span class='ocrx_word' id='word_1_293' title='bbox 1455 1678 1607 1714; x_wconf 81' lang='lat' dir='ltr'>praeterea</span> 
     </span>
     <span class='ocr_line' id='line_1_58' title="bbox 946 1721 1607 1762; baseline 0.002 -10"><span class='ocrx_word' id='word_1_294' title='bbox 946 1721 977 1752; x_wconf 88' lang='lat' dir='ltr'>in</span> <span class='ocrx_word' id='word_1_295' title='bbox 993 1722 1095 1762; x_wconf 83' lang='lat' dir='ltr'>Regio</span> <span class='ocrx_word' id='word_1_296' title='bbox 1117 1721 1224 1752; x_wconf 87' lang='lat' dir='ltr'>codice</span> <span class='ocrx_word' id='word_1_297' title='bbox 1250 1721 1317 1752; x_wconf 81' lang='lat' dir='ltr'>haec</span> <span class='ocrx_word' id='word_1_298' title='bbox 1342 1721 1386 1751; x_wconf 90' lang='lat' dir='ltr'>ita</span> <span class='ocrx_word' id='word_1_299' title='bbox 1411 1721 1551 1753; x_wconf 89' lang='lat' dir='ltr'>auctiora</span> <span class='ocrx_word' id='word_1_300' title='bbox 1576 1728 1607 1754; x_wconf 82' lang='lat' dir='ltr'>et</span> 
     </span>
     <span class='ocr_line' id='line_1_59' title="bbox 946 1770 1349 1812; baseline -0.002 -11"><span class='ocrx_word' id='word_1_301' title='bbox 946 1771 1134 1812; x_wconf 84' lang='lat' dir='ltr'>interpolata</span> <span class='ocrx_word' id='word_1_302' title='bbox 1149 1770 1349 1812; x_wconf 84' lang='lat' dir='ltr'>legebantur:</span> 
     </span>
    </p>

    <p class='ocr_par' dir='ltr' id='par_1_12' title="bbox 990 1820 1607 1860">
     <span class='ocr_line' id='line_1_60' title="bbox 990 1820 1607 1860; baseline 0.003 -11"><span class='ocrx_word' id='word_1_303' title='bbox 990 1821 1084 1860; x_wconf 66' lang='lat' dir='ltr'>Exige</span> <span class='ocrx_word' id='word_1_304' title='bbox 1095 1820 1156 1850; x_wconf 73' lang='lat' dir='ltr'>larse</span> <span class='ocrx_word' id='word_1_305' title='bbox 1165 1821 1263 1859; x_wconf 77' lang='lat' dir='ltr'>pudor</span> <span class='ocrx_word' id='word_1_306' title='bbox 1272 1830 1381 1858; x_wconf 70' lang='lat' dir='ltr'>poevms,</span> <span class='ocrx_word' id='word_1_307' title='bbox 1393 1821 1607 1860; x_wconf 78' lang='lat' dir='ltr'>violataque—</span> 
     </span>
    </p>

    <p class='ocr_par' dir='ltr' id='par_1_13' title="bbox 993 1868 1608 2143">
     <span class='ocr_line' id='line_1_61' title="bbox 1032 1868 1607 1909; baseline 0.005 -11"><span class='ocrx_word' id='word_1_308' title='bbox 1032 1869 1054 1898; x_wconf 86' lang='lat' dir='ltr'><strong><em>J</em></strong></span> <span class='ocrx_word' id='word_1_309' title='bbox 1057 1880 1123 1904; x_wconf 81' lang='lat' dir='ltr'>ura,</span> <span class='ocrx_word' id='word_1_310' title='bbox 1139 1879 1191 1899; x_wconf 72' lang='lat' dir='ltr'>uec</span> <span class='ocrx_word' id='word_1_311' title='bbox 1207 1870 1246 1899; x_wconf 81' lang='lat' dir='ltr'>ad</span> <span class='ocrx_word' id='word_1_312' title='bbox 1261 1871 1371 1899; x_wconf 78' lang='lat' dir='ltr'>cineres</span> <span class='ocrx_word' id='word_1_313' title='bbox 1384 1868 1478 1909; x_wconf 83' lang='lat' dir='ltr'>fama</span> <span class='ocrx_word' id='word_1_314' title='bbox 1491 1876 1607 1901; x_wconf 68' lang='lat' dir='ltr'>retenta</span> 
     </span>
     <span class='ocr_line' id='line_1_62' title="bbox 1073 1928 1165 1948; baseline 0 -1"><span class='ocrx_word' id='word_1_315' title='bbox 1073 1928 1146 1948; x_wconf 79' lang='lat' dir='ltr'>‘meos</span> <span class='ocrx_word' id='word_1_316' title='bbox 1157 1930 1165 1947; x_wconf 86' lang='grc'>.”</span> 
     </span>
     <span class='ocr_line' id='line_1_63' title="bbox 993 1967 1608 2008; baseline 0.003 -11"><span class='ocrx_word' id='word_1_317' title='bbox 993 1967 1099 2007; x_wconf 75' lang='lat' dir='ltr'>Vosque</span> <span class='ocrx_word' id='word_1_318' title='bbox 1112 1968 1167 1997; x_wconf 79' lang='lat' dir='ltr'>mei</span> <span class='ocrx_word' id='word_1_319' title='bbox 1182 1977 1291 2002; x_wconf 69' lang='lat' dir='ltr'>manes,</span> <span class='ocrx_word' id='word_1_320' title='bbox 1304 1968 1463 2007; x_wconf 73' lang='lat' dir='ltr'>animaeque</span> <span class='ocrx_word' id='word_1_321' title='bbox 1478 1969 1608 2008; x_wconf 79' lang='lat' dir='ltr'>cinisque</span> 
     </span>
     <span class='ocr_line' id='line_1_64' title="bbox 1076 2015 1191 2051; baseline 0.009 -7"><span class='ocrx_word' id='word_1_322' title='bbox 1076 2015 1191 2051; x_wconf 68' lang='lat' dir='ltr'>Sichaei,</span> 
     </span>
     <span class='ocr_line' id='line_1_65' title="bbox 1033 2064 1607 2104; baseline 0.005 -12"><span class='ocrx_word' id='word_1_323' title='bbox 1033 2064 1081 2093; x_wconf 82' lang='lat' dir='ltr'>Ad</span> <span class='ocrx_word' id='word_1_324' title='bbox 1097 2075 1177 2103; x_wconf 76' lang='lat' dir='ltr'>quas,</span> <span class='ocrx_word' id='word_1_325' title='bbox 1193 2074 1237 2093; x_wconf 86' lang='lat' dir='ltr'>me</span> <span class='ocrx_word' id='word_1_326' title='bbox 1252 2065 1398 2099; x_wconf 82' lang='lat' dir='ltr'>miseram,</span> <span class='ocrx_word' id='word_1_327' title='bbox 1411 2065 1500 2104; x_wconf 81' lang='lat' dir='ltr'>plena</span> <span class='ocrx_word' id='word_1_328' title='bbox 1511 2065 1607 2103; x_wconf 73' lang='lat' dir='ltr'>pudo-</span> 
     </span>
     <span class='ocr_line' id='line_1_66' title="bbox 1075 2113 1339 2143; baseline 0.004 -2"><span class='ocrx_word' id='word_1_329' title='bbox 1075 2115 1115 2142; x_wconf 84' lang='lat' dir='ltr'>ris</span> <span class='ocrx_word' id='word_1_330' title='bbox 1130 2124 1172 2142; x_wconf 77' lang='lat' dir='ltr'>eo.</span> <span class='ocrx_word' id='word_1_331' title='bbox 1219 2113 1339 2143; x_wconf 69' lang='lat' dir='ltr'>Hssms.</span> 
     </span>
    </p>

    <p class='ocr_par' dir='ltr' id='par_1_14' title="bbox 945 2161 1609 2777">
     <span class='ocr_line' id='line_1_67' title="bbox 991 2161 1606 2201; baseline 0.002 -10"><span class='ocrx_word' id='word_1_332' title='bbox 991 2161 1044 2191; x_wconf 76' lang='lat'>98.</span> <span class='ocrx_word' id='word_1_333' title='bbox 1070 2162 1117 2191; x_wconf 73' lang='lat' dir='ltr'>Ad</span> <span class='ocrx_word' id='word_1_334' title='bbox 1132 2172 1203 2201; x_wconf 81' lang='lat' dir='ltr'>quas</span> <span class='ocrx_word' id='word_1_335' title='bbox 1224 2172 1267 2191; x_wconf 84' lang='lat' dir='ltr'>me</span> <span class='ocrx_word' id='word_1_336' title='bbox 1283 2163 1417 2191; x_wconf 80' lang='lat' dir='ltr'>miseram</span> <span class='ocrx_word' id='word_1_337' title='bbox 1437 2161 1527 2199; x_wconf 82' lang='lat' dir='ltr'>plena</span> <span class='ocrx_word' id='word_1_338' title='bbox 1548 2173 1606 2200; x_wconf 79' lang='lat' dir='ltr'>pu-</span> 
     </span>
     <span class='ocr_line' id='line_1_68' title="bbox 948 2210 1608 2251; baseline 0.003 -12"><span class='ocrx_word' id='word_1_339' title='bbox 948 2211 1028 2240; x_wconf 80' lang='lat' dir='ltr'>doris</span> <span class='ocrx_word' id='word_1_340' title='bbox 1050 2210 1109 2250; x_wconf 85' lang='lat' dir='ltr'>e0.]</span> <span class='ocrx_word' id='word_1_341' title='bbox 1137 2210 1186 2240; x_wconf 83' lang='lat' dir='ltr'>Sic</span> <span class='ocrx_word' id='word_1_342' title='bbox 1212 2210 1317 2251; x_wconf 82' lang='lat' dir='ltr'>scripti</span> <span class='ocrx_word' id='word_1_343' title='bbox 1339 2220 1457 2240; x_wconf 90' lang='lat' dir='ltr'>omnes.</span> <span class='ocrx_word' id='word_1_344' title='bbox 1503 2210 1608 2242; x_wconf 91' lang='lat' dir='ltr'>Occu-</span> 
     </span>
     <span class='ocr_line' id='line_1_69' title="bbox 949 2258 1609 2300; baseline 0 -11"><span class='ocrx_word' id='word_1_345' title='bbox 949 2259 1109 2300; x_wconf 77' lang='lat' dir='ltr'>paratjam</span> <span class='ocrx_word' id='word_1_346' title='bbox 1118 2258 1269 2289; x_wconf 83' lang='lat' dir='ltr'>editiones</span> <span class='ocrx_word' id='word_1_347' title='bbox 1279 2259 1444 2289; x_wconf 87' lang='lat' dir='ltr'>nonnullas</span> <span class='ocrx_word' id='word_1_348' title='bbox 1455 2258 1502 2289; x_wconf 74' lang='lat' dir='ltr'>Ad</span> <span class='ocrx_word' id='word_1_349' title='bbox 1514 2270 1609 2299; x_wconf 78' lang='lat' dir='ltr'>quem.</span> 
     </span>
     <span class='ocr_line' id='line_1_70' title="bbox 949 2307 1609 2350; baseline 0.003 -13"><span class='ocrx_word' id='word_1_350' title='bbox 949 2318 1005 2339; x_wconf 87' lang='lat' dir='ltr'>nec</span> <span class='ocrx_word' id='word_1_351' title='bbox 1027 2308 1173 2338; x_wconf 76' lang='lat' dir='ltr'>auderem</span> <span class='ocrx_word' id='word_1_352' title='bbox 1195 2307 1227 2338; x_wconf 88' lang='lat' dir='ltr'>id</span> <span class='ocrx_word' id='word_1_353' title='bbox 1251 2308 1409 2343; x_wconf 84' lang='lat' dir='ltr'>damnare,</span> <span class='ocrx_word' id='word_1_354' title='bbox 1434 2307 1459 2337; x_wconf 85' lang='lat' dir='ltr'>si</span> <span class='ocrx_word' id='word_1_355' title='bbox 1480 2308 1609 2350; x_wconf 87' lang='lat' dir='ltr'>scripto-</span> 
     </span>
     <span class='ocr_line' id='line_1_71' title="bbox 948 2355 1608 2389; baseline 0.003 -2"><span class='ocrx_word' id='word_1_356' title='bbox 948 2367 1015 2387; x_wconf 85' lang='lat' dir='ltr'>rum</span> <span class='ocrx_word' id='word_1_357' title='bbox 1037 2356 1178 2387; x_wconf 90' lang='lat' dir='ltr'>codicum</span> <span class='ocrx_word' id='word_1_358' title='bbox 1203 2356 1385 2387; x_wconf 84' lang='lat' dir='ltr'>auctoritate</span> <span class='ocrx_word' id='word_1_359' title='bbox 1411 2355 1608 2389; x_wconf 86' lang='lat' dir='ltr'>inniteretur.</span> 
     </span>
     <span class='ocr_line' id='line_1_72' title="bbox 950 2405 1608 2446; baseline 0.002 -10"><span class='ocrx_word' id='word_1_360' title='bbox 950 2405 993 2436; x_wconf 88' lang='lat' dir='ltr'>Ut</span> <span class='ocrx_word' id='word_1_361' title='bbox 1018 2405 1095 2441; x_wconf 84' lang='lat' dir='ltr'>haec,</span> <span class='ocrx_word' id='word_1_362' title='bbox 1111 2416 1171 2436; x_wconf 87' lang='lat' dir='ltr'>non</span> <span class='ocrx_word' id='word_1_363' title='bbox 1195 2405 1296 2435; x_wconf 89' lang='lat' dir='ltr'>minus</span> <span class='ocrx_word' id='word_1_364' title='bbox 1318 2415 1411 2446; x_wconf 86' lang='lat' dir='ltr'>quam</span> <span class='ocrx_word' id='word_1_365' title='bbox 1435 2405 1608 2446; x_wconf 79' lang='lat' dir='ltr'>sequentia,</span> 
     </span>
     <span class='ocr_line' id='line_1_73' title="bbox 948 2453 1608 2494; baseline 0 -10"><span class='ocrx_word' id='word_1_366' title='bbox 948 2454 988 2484; x_wconf 86' lang='lat' dir='ltr'>ad</span> <span class='ocrx_word' id='word_1_367' title='bbox 1013 2459 1147 2485; x_wconf 83' lang='lat' dir='ltr'>statuam</span> <span class='ocrx_word' id='word_1_368' title='bbox 1170 2453 1341 2484; x_wconf 77' lang='lat' dir='ltr'>referantur</span> <span class='ocrx_word' id='word_1_369' title='bbox 1367 2453 1490 2489; x_wconf 78' lang='lat' dir='ltr'>Sichaei,</span> <span class='ocrx_word' id='word_1_370' title='bbox 1514 2464 1608 2494; x_wconf 83' lang='lat' dir='ltr'>quam</span> 
     </span>
     <span class='ocr_line' id='line_1_74' title="bbox 950 2502 1608 2539; baseline 0 -6"><span class='ocrx_word' id='word_1_371' title='bbox 950 2502 1071 2533; x_wconf 83' lang='lat' dir='ltr'>aditura</span> <span class='ocrx_word' id='word_1_372' title='bbox 1100 2503 1139 2532; x_wconf 86' lang='lat' dir='ltr'>sit</span> <span class='ocrx_word' id='word_1_373' title='bbox 1168 2502 1264 2532; x_wconf 92' lang='lat' dir='ltr'>Dido.</span> <span class='ocrx_word' id='word_1_374' title='bbox 1311 2502 1467 2532; x_wconf 66' lang='lat' dir='ltr'>Praeterea</span> <span class='ocrx_word' id='word_1_375' title='bbox 1497 2502 1608 2539; x_wconf 87' lang='lat' dir='ltr'>scribe,</span> 
     </span>
     <span class='ocr_line' id='line_1_75' title="bbox 945 2549 1609 2590; baseline 0.003 -11"><span class='ocrx_word' id='word_1_376' title='bbox 945 2552 1036 2590; x_wconf 26' lang='lat' dir='ltr'>plena*</span> <span class='ocrx_word' id='word_1_377' title='bbox 1047 2553 1172 2586; x_wconf 63' lang='lat' dir='ltr'>ruboris,</span> <span class='ocrx_word' id='word_1_378' title='bbox 1184 2561 1222 2581; x_wconf 86' lang='lat' dir='ltr'>ne</span> <span class='ocrx_word' id='word_1_379' title='bbox 1235 2549 1325 2580; x_wconf 84' lang='lat' dir='ltr'>toties</span> <span class='ocrx_word' id='word_1_380' title='bbox 1337 2550 1445 2580; x_wconf 86' lang='lat' dir='ltr'>eodem</span> <span class='ocrx_word' id='word_1_381' title='bbox 1455 2550 1609 2581; x_wconf 83' lang='lat' dir='ltr'>vocabulo</span> 
     </span>
     <span class='ocr_line' id='line_1_76' title="bbox 950 2598 1608 2641; baseline -0.003 -11"><span class='ocrx_word' id='word_1_382' title='bbox 950 2605 1054 2630; x_wconf 79' lang='lat' dir='ltr'>utatur</span> <span class='ocrx_word' id='word_1_383' title='bbox 1066 2610 1188 2641; x_wconf 75' lang='lat' dir='ltr'>prorsus</span> <span class='ocrx_word' id='word_1_384' title='bbox 1202 2598 1398 2629; x_wconf 85' lang='lat' dir='ltr'>inconcinne.</span> <span class='ocrx_word' id='word_1_385' title='bbox 1423 2608 1494 2628; x_wconf 87' lang='lat' dir='ltr'>nam</span> <span class='ocrx_word' id='word_1_386' title='bbox 1507 2603 1539 2628; x_wconf 87' lang='lat' dir='ltr'>et</span> <span class='ocrx_word' id='word_1_387' title='bbox 1551 2611 1608 2638; x_wconf 76' lang='lat' dir='ltr'>pn-</span> 
     </span>
     <span class='ocr_line' id='line_1_77' title="bbox 950 2648 1606 2690; baseline 0 -13"><span class='ocrx_word' id='word_1_388' title='bbox 950 2650 1003 2678; x_wconf 79' lang='lat' dir='ltr'>dm·</span> <span class='ocrx_word' id='word_1_389' title='bbox 1018 2648 1154 2690; x_wconf 83' lang='lat' dir='ltr'>proximo</span> <span class='ocrx_word' id='word_1_390' title='bbox 1169 2653 1367 2689; x_wconf 69' lang='lat' dir='ltr'>praecesserat</span> <span class='ocrx_word' id='word_1_391' title='bbox 1378 2657 1479 2682; x_wconf 89' lang='lat' dir='ltr'>versu,</span> <span class='ocrx_word' id='word_1_392' title='bbox 1489 2652 1521 2677; x_wconf 81' lang='lat' dir='ltr'>et</span> <span class='ocrx_word' id='word_1_393' title='bbox 1536 2658 1606 2677; x_wconf 86' lang='lat' dir='ltr'>mox</span> 
     </span>
     <span class='ocr_line' id='line_1_78' title="bbox 951 2696 1605 2737; baseline -0.003 -10"><span class='ocrx_word' id='word_1_394' title='bbox 951 2697 1147 2737; x_wconf 69' lang='lat' dir='ltr'>subsequitur</span> <span class='ocrx_word' id='word_1_395' title='bbox 1170 2697 1282 2731; x_wconf 77' lang='lat' dir='ltr'>denuo,</span> <span class='ocrx_word' id='word_1_396' title='bbox 1297 2696 1415 2726; x_wconf 75' lang='lat' dir='ltr'>admissi</span> <span class='ocrx_word' id='word_1_397' title='bbox 1439 2697 1527 2726; x_wconf 81' lang='lat' dir='ltr'>tarda</span> <span class='ocrx_word' id='word_1_398' title='bbox 1546 2707 1605 2735; x_wconf 79' lang='lat' dir='ltr'>pu-</span> 
     </span>
     <span class='ocr_line' id='line_1_79' title="bbox 951 2746 1268 2777; baseline 0 -1"><span class='ocrx_word' id='word_1_399' title='bbox 951 2748 1103 2777; x_wconf 80' lang='lat' dir='ltr'>doremei.</span> <span class='ocrx_word' id='word_1_400' title='bbox 1150 2746 1268 2776; x_wconf 60' lang='lat' dir='ltr'>litiss.</span> 
     </span>
    </p>
   </div>
  </div>
 </body>
</html>
