1849 3198
247 210 303 250 522
626 207 676 249 Ρ.
710 206 922 250 OVIDII
955 206 1233 250 NASONIS

252 323 401 372 Retia
421 340 556 388 saepe
580 339 764 380 comes,
790 323 997 372 maculis
1021 323 1271 380 distincta,
1297 321 1512 380 tetendi3

318 401 464 465 Saepe
488 401 612 449 citos
637 401 716 464 egi
741 417 830 464 per
848 401 971 464 juga
993 401 1141 462 longa
1164 416 1329 448 canes.

1564 402 1629 446 20

252 476 427 524 Incisae
453 484 651 525 servant
674 493 703 525 a
725 484 776 525 te
800 493 913 524 mea
935 478 1134 524 nomina
1156 477 1254 540 fagi
1273 494 1283 524 :

318 553 384 601 Et
406 555 543 617 legor
568 554 780 610 OEnone,
808 554 932 601 falce
958 561 1141 609 notata,
1168 561 1280 601 tua:

251 630 318 677 Et
342 638 582 694 quantum
606 631 783 687 trunci,
804 637 996 677 tanturn
1021 647 1132 679 mea
1155 631 1353 678 nomina
1376 635 1626 677 crescunt:

320 707 559 764 Crescite,
585 714 636 755 et
659 707 708 754 in
732 707 899 754 titulos
925 708 1108 770 surgite
1133 714 1269 755 recta
1291 723 1443 754 meos

252 784 474 848 Populus
500 792 577 832 est
599 784 845 847 (memini)
871 785 1053 832 fluviali
1077 785 1268 832 consita
1291 784 1413 848 ripa,

1565 785 1628 829 25

318 861 411 908 Est
433 862 482 908 in
508 878 608 925 qua
631 862 784 909 nostri
809 862 951 909 litera
974 863 1159 926 scripta
1182 877 1384 910 memor.

251 937 458 1003 Popule,
484 939 590 986 vive
614 955 801 1003 precor,
829 956 940 1002 quae
966 940 1157 987 consita
1184 938 1404 1001 margine
1428 937 1562 1002 ripae,

317 1014 427 1063 Hoc
452 1016 500 1063 in
526 1033 704 1079 rugoso
729 1017 911 1064 cortice
936 1033 1133 1065 carmen
1158 1017 1341 1064 habes:

253 1091 382 1139 Cum
407 1093 548 1140 Paris
574 1094 770 1141 OEnone
797 1094 976 1157 poterit
1000 1094 1185 1157 spirare
1209 1093 1396 1148 relicta,

316 1168 396 1216 Ad
420 1169 606 1218 fontem
631 1171 819 1218 Xanthi
842 1186 984 1218 versa
1007 1176 1227 1219 recurret
1250 1183 1394 1234 aqua.

294 1381 343 1412 19.
360 1380 512 1412 Distincta
522 1382 674 1423 maculis]
689 1381 727 1412 Id
743 1388 789 1413 est
801 1381 902 1414 nodis.

249 1429 408 1470 Mac-ulis]
435 1430 485 1461 Sic
500 1431 631 1462 maculae
646 1431 678 1462 in
693 1432 851 1463 arboribus
872 1438 904 1462 et

247 1477 351 1518 lignis.
396 1478 478 1509 Vide
507 1479 633 1511 Clariss.
661 1480 704 1511 V.
735 1480 779 1512 D.
807 1481 903 1512 Gron-

248 1526 381 1557 Observ.
398 1527 453 1558 lib.
468 1526 513 1558 iii.
528 1539 557 1559 c.
574 1528 618 1559 xi.

291 1576 344 1606 25.
358 1576 466 1616 Ripa]
492 1577 586 1607 MSS.
603 1578 711 1608 xxxiii.
728 1580 803 1614 rivo,
821 1577 903 1619 quod

247 1630 280 1653 et
295 1624 434 1664 agnoscit
449 1625 580 1655 Gualth.
596 1625 769 1657 Alexandr.
786 1627 843 1656 lib.
860 1626 881 1657 i.

293 1672 430 1713 Dumque
461 1676 617 1705 vetustatis
644 1677 747 1706 saltem
779 1677 904 1717 vestigia

333 1724 439 1761 quoerit

291 1769 427 1807 Sedulus,
464 1772 605 1811 objicitur
627 1772 757 1814 fluviali
792 1774 904 1804 consita

332 1831 397 1850 rzvo

296 1867 426 1908 Populus
441 1869 564 1900 OEnmze.

250 1916 312 1947 Ubi
323 1917 362 1947 de
372 1917 543 1949 Alexandri
553 1917 750 1960 expeditione
762 1918 794 1948 in
805 1917 903 1960 Phry-

247 1965 331 2006 giam
355 1966 429 2007 agit,
451 1972 485 1997 ut
509 1966 585 1997 forte
600 1967 742 2007 fluvialis
764 1969 846 1998 riuus
863 1966 903 1999 sit

247 2014 349 2046 dictus
373 2026 427 2057 pro
453 2015 578 2047 torrenti
603 2015 680 2047 rivo.
719 2017 773 2047 sed
798 2022 902 2048 tamen

249 2064 291 2094 nil
306 2070 421 2095 temere
435 2071 563 2096 mutem.
587 2065 668 2095 Stat.
678 2065 701 2096 i.
717 2065 785 2107 Syl.
797 2066 902 2108 Epith.

248 2113 326 2143 Stel.
342 2125 371 2144 v.
386 2115 462 2145 245.
508 2115 668 2145 Fluminea
682 2116 761 2154 ripa.
785 2115 902 2148 HmNs.

248 2162 363 2204 Neque
386 2173 454 2203 ego,
470 2164 544 2204 quia
557 2170 675 2195 certum
690 2170 736 2194 est
759 2164 798 2195 ad
821 2165 903 2206 ripas

246 2211 377 2252 populos
399 2211 461 2243 sere
484 2212 616 2244 conseri.
661 2213 737 2244 Val.
763 2213 850 2244 Flac.
869 2225 900 2244 v.

252 2261 325 2291 186.

292 2309 547 2351 Populeosflexus,
559 2311 764 2351 tumulumque
774 2312 903 2342 virentia

334 2369 426 2397 supra

292 2404 435 2438 Flumina
449 2409 569 2449 cognati
581 2409 674 2439 medio
695 2410 774 2440 videt
793 2420 904 2451 aggere

337 2457 456 2488 Phrixi.

249 2504 384 2546 Populos
398 2516 469 2537 vero
484 2505 516 2536 in
525 2506 645 2537 Troade
656 2505 750 2538 fuisse
760 2506 902 2548 frequen-

251 2560 297 2585 tes
311 2554 416 2586 docuit
429 2556 513 2586 Sam.
526 2556 646 2587 Petitus
656 2556 711 2587 lib.
722 2557 763 2587 vi.
774 2556 901 2589 Miscel.

249 2614 279 2634 c.
301 2605 348 2635 lo.
363 2610 394 2635 et
408 2615 478 2636 cum
493 2605 552 2635 ista
566 2607 654 2636 arbor
668 2605 801 2636 maxime
812 2606 903 2637 undis

249 2657 281 2683 et
303 2652 438 2685 humidis
458 2654 534 2685 locis
557 2655 702 2695 gaudeat,
723 2660 801 2686 teste
827 2656 900 2686 Vir-

248 2700 323 2741 gilio
343 2701 450 2743 Eclog.
474 2702 526 2734 vii.
542 2714 570 2734 v.
585 2703 638 2734 66.
656 2709 688 2734 et
706 2703 789 2734 circa
811 2703 901 2735 Idam

248 2749 280 2781 in
295 2750 427 2782 vallibus
441 2758 543 2784 essem
558 2751 680 2794 plurimi
695 2752 804 2790 sontes,
819 2753 901 2785 unde

1563 1169 1627 1213 30

969 1383 1159 1413 celeberrima
1169 1381 1313 1424 fontibus
1333 1379 1398 1416 Ide,
1414 1379 1528 1410 Nostro
1550 1377 1627 1409 diei-

969 1438 1019 1463 tur
1033 1431 1065 1463 ii.
1080 1432 1214 1462 Metam.
1232 1432 1306 1462 218.
1321 1436 1352 1461 et
1367 1441 1473 1470 aquosa
1483 1429 1527 1460 vi.
1543 1429 1627 1459 Fast.

973 1482 1022 1512 15.
1038 1486 1068 1511 et
1082 1480 1166 1516 alibi,
1182 1480 1297 1521 optime
1309 1478 1381 1509 huic
1396 1478 1495 1509 arbori
1510 1487 1627 1509 amores

970 1541 1040 1561 suos
1053 1529 1242 1572 inscripsisse
1256 1528 1412 1560 inducitur
1426 1529 1558 1558 OEnone.
1575 1538 1625 1558 se-

971 1579 1078 1620 quenti
1091 1589 1162 1609 vero
1177 1578 1308 1609 disticho
1319 1577 1456 1613 mallem,
1469 1589 1531 1617 ‹111ae
1546 1588 1625 1607 mar-

971 1630 1041 1670 gine
1066 1631 1180 1660 consita
1208 1630 1280 1658 rivi.
1311 1632 1343 1658 et
1370 1626 1460 1657 multi
1488 1626 1624 1661 codices,

971 1688 1104 1718 sequens
1139 1676 1293 1708 distichon
1321 1682 1505 1718 praeponunt
1539 1674 1625 1705 huic.

970 1726 1088 1757 Bmm.

1013 1777 1064 1806 28.
1089 1774 1238 1817 Rugoso.]
1265 1773 1358 1811 Quod
1381 1772 1499 1804 indicat
1523 1778 1626 1804 vetus-

970 1828 1066 1854 tatem
1082 1823 1206 1859 arboris,
1221 1823 1356 1853 Metam.
1367 1821 1419 1852 vii.
1435 1822 1509 1852 627.

1013 1873 1188 1914 Rugosoque
1214 1883 1301 1902 suum
1336 1877 1484 1902 servantes
1516 1873 1626 1902 cortice

1053 1923 1172 1952 callem..

969 1969 1065 2001 Multi
1079 1980 1202 2011 quoque
1224 1968 1347 1999 codices
1370 1968 1421 1999 hic
1443 1979 1547 2000 nomen
1570 1969 1624 1999 ha-

969 2021 1055 2055 bent5
1078 2019 1134 2049 sed
1148 2027 1321 2060 perperam.
1365 2018 1482 2048 Euam.

1011 2069 1063 2099 30.
1087 2069 1136 2099 Ad
1148 2068 1268 2110 jbwztem
1284 2067 1433 2107 Xanthi]
1459 2067 1530 2098 Jam
1545 2067 1623 2098 illud

968 2117 1163 2158 proverbium
1200 2115 1319 2147 Graeeis
1346 2121 1525 2158 usurpatum
1561 2116 1622 2147 sre-

968 2176 1066 2207 quens
1086 2165 1199 2201 innuit,
1223 2164 1317 2195 dubio
1340 2164 1458 2206 procul,
1473 2164 1555 2204 quod
1577 2164 1624 2195 illi

968 2215 1038 2246 ἅνω
1053 2217 1223 2255 ποταμῶν.
1259 2214 1306 2244 Ex
1322 2212 1478 2254 Euripidis
1491 2212 1624 2244 iambico

969 2263 1001 2294 in
1016 2263 1142 2299 Medea,
1158 2262 1202 2293 sic
1214 2261 1296 2293 enim
1310 2261 1436 2292 chorus:

1005 2311 1098 2344 Ἀνω
1114 2314 1273 2353 ποταμῶν
1287 2312 1429 2352 χωροῦσι
1443 2310 1559 2353 πάγαι.

971 2361 1062 2392 Unde
1077 2361 1171 2392 etiam
1186 2359 1333 2391 Horatius
1346 2372 1351 2385 τ
1379 2360 1454 2394 Quis
1468 2368 1554 2402 neget
1568 2372 1620 2391 ar-

969 2411 1036 2441 duis
1052 2410 1164 2440 Pronus
1178 2411 1270 2440 relabi
1283 2420 1362 2448 posse
1378 2411 1404 2439 ri
1409 2420 1453 2440 vos
1467 2412 1622 2448 montibus,

969 2466 998 2490 et
1014 2459 1149 2500 Tyberim
1163 2460 1292 2490 reverti?
1315 2458 1425 2489 Cicero
1446 2470 1570 2500 quoque
1590 2460 1621 2491 in

968 2508 1113 2550 Epistolis
1127 2508 1166 2538 ad
1177 2508 1328 2544 Atticum,
1339 2508 1489 2549 principio
1500 2513 1621 2539 tantum

967 2555 1071 2587 Graeci
1094 2566 1200 2588 versus
1220 2567 1302 2592 usus,
1319 2556 1420 2597 adagii
1443 2556 1534 2598 hujus
1553 2568 1619 2588 me-

967 2605 1070 2636 minit.
1094 2606 1275 2637 EGNATms.
1305 2605 1449 2636 Xanthus
1465 2605 1548 2636 haud
1563 2606 1620 2637 du-

967 2655 1018 2687 bie
1041 2666 1077 2686 εκ
1100 2661 1204 2686 monte
1224 2655 1417 2691 decurrebat,
1442 2654 1525 2686 unde
1543 2654 1620 2686 α’ὂὺ-

968 2716 1084 2741 νατον,
1098 2709 1133 2735 ut
1147 2709 1227 2736 retro
1249 2709 1351 2748 posset
1365 2703 1459 2736 flecti.
1505 2703 1618 2736 Claud.

967 2753 989 2785 i.
1004 2754 1093 2786 Eutr.
1108 2754 1184 2786 353.
