1849 3198
239 233 324 273 140
616 231 667 272 Ρ.
700 229 912 272 OVIDII
943 229 1221 271 NASONIS

244 346 483 410 Fictaque
508 361 647 393 sacra
671 345 803 402 facit,
829 346 1051 409 dicitque
1076 345 1330 410 precantia
1351 345 1515 392 verba.

310 425 411 471 Dat
434 423 645 487 populus
672 423 839 479 sacris,
866 423 951 470 dat
974 430 1114 486 pater
1139 424 1260 486 ipse,
1287 422 1431 468 viam.
1553 424 1618 468 70

241 502 271 549 J
277 519 355 549 am
380 517 534 565 prope
559 500 708 546 limen
733 507 863 547 erat:
908 499 1091 562 patrias
1115 499 1307 561 vagitus
1334 500 1395 546 ad
1420 514 1561 545 aures

308 578 473 633 Venit,
501 584 550 624 et
574 576 752 623 indicio
776 576 998 639 proditur
1023 576 1104 622 ille
1130 592 1235 622 suo.

245 657 404 720 Eripit
427 656 678 710 infantem,
705 654 1011 716 mentitaque
1037 669 1178 700 sacra
1200 653 1384 700 revelat

308 734 495 781 AEolus,
533 734 706 779 insana
729 732 864 794 regia
885 747 1004 778 voce
1031 738 1187 778 sonat.

245 812 316 858 Ut
339 827 471 858 mare
496 810 551 856 fit
573 810 851 865 tremulum,
878 809 1015 856 tenui
1040 826 1153 855 cum
1180 807 1432 869 stringitur
1457 821 1600 861 aura3

311 888 381 935 Ut
405 887 622 950 quatitur
647 886 814 950 tepido
839 886 1029 933 fraxina
1047 887 1183 947 virga
1207 892 1351 941 noto;
1555 884 1618 928 76

247 966 330 1012 Sic
356 980 467 1012 mea
488 963 666 1010 vibrari
691 963 926 1027 pallentia
949 963 1172 1010 membra
1194 962 1402 1009 videres,

311 1042 534 1096 Quassus
560 1041 621 1087 ab
647 1040 875 1103 imposito
901 1056 1104 1103 corpore
1129 1041 1288 1086 lectus
1314 1044 1433 1085 erat.

243 1119 417 1175 Irruit;
458 1124 508 1164 et
531 1124 751 1164 nostrum
775 1118 942 1179 vulgat
965 1117 1178 1164 clamore
1202 1116 1469 1180 pudorem:

310 1195 376 1242 Et
397 1195 479 1242 vix
505 1211 534 1241 a
557 1194 735 1241 misero
760 1195 980 1242 continet
1003 1211 1086 1241 ore
1111 1210 1301 1241 manus.
1554 1193 1617 1236 80

245 1273 364 1337 Ipsa
387 1271 523 1327 nihil,
551 1278 729 1334 praeter
752 1271 996 1327 lacrimas,
1023 1270 1314 1334 pudibunda
1337 1266 1528 1332 profudi
1547 1283 1557 1314 :

310 1349 584 1412 Torpuerat
609 1349 770 1410 gelido
795 1348 963 1411 lingua
986 1356 1178 1396 retenta
1200 1354 1352 1394 metu.

241 1427 456 1489 Jamque
480 1425 585 1472 dari
609 1441 814 1489 parvum
839 1426 1146 1488 canibusque
1170 1425 1442 1486 avibusque
1466 1436 1617 1484 nepo-

307 1502 336 1549 J
342 1509 564 1559 usserat3
604 1503 653 1548 in
679 1503 794 1548 solis
819 1502 1122 1565 destituique
1146 1501 1284 1548 locis.
1494 1499 1618 1560 [tem

243 1580 451 1642 Vagitus
476 1579 614 1626 dedit
637 1578 718 1625 ille
742 1579 889 1626 miser
909 1597 919 1636 ;
960 1568 1199 1641 (sensisse
1223 1575 1446 1641 putares)
1554 1578 1615 1622 85

310 1657 522 1719 Quaque
547 1672 689 1703 suum
713 1664 907 1719 poterat
929 1673 1049 1704 voce
1072 1656 1277 1718 rogabat
1301 1670 1461 1702 avum.

244 1734 376 1789 Quid
400 1733 519 1779 mihi
542 1740 660 1780 tunc
687 1734 833 1780 animi
859 1734 1049 1789 credas,
1078 1733 1341 1787 Germane,
1368 1730 1548 1786 fuisse3

307 1810 463 1874 <Nam
487 1816 628 1873 potes
654 1827 716 1857 ex
742 1811 903 1857 animo
929 1810 1159 1872 colligere
1183 1810 1290 1873 ipse
1312 1806 1421 1868 tuo)

245 1889 374 1936 Cum
399 1904 510 1935 mea
533 1904 611 1934 me
637 1904 802 1934 coram
827 1888 972 1935 silvas
997 1888 1226 1934 inimicus
1250 1887 1300 1933 in
1324 1886 1448 1932 altas

307 1965 512 2012 Viscera
535 1965 779 2011 montanis
805 1964 952 2012 ferret
976 1965 1169 2012 edenda
1190 1963 1354 2026 lupis?
1553 1962 1618 2006 90

244 2042 448 2089 Exierat
469 2042 713 2089 thalamo:
751 2048 870 2088 tunc
895 2042 1096 2088 demum
1120 2046 1323 2104 pectora
1344 2037 1512 2102 plangi

311 2119 547 2180 Contigit,
574 2119 724 2181 inque
749 2135 884 2166 meas
910 2120 1156 2181 unguibus
1182 2118 1251 2164 ire
1276 2131 1444 2179 genas,

240 2228 350 2259 Senec.
365 2226 464 2269 Hipp.
481 2227 554 2257 499.
968 2228 1037 2257 173.
1081 2228 1197 2257 Bumu.

456 2275 555 2317 Fruge
570 2286 623 2305 nec
637 2276 730 2314 sparsi
745 2286 831 2305 sacra
1004 2278 1058 2307 91.
1095 2276 1169 2306 Tum,
1197 2278 1314 2306 denium,
1341 2279 1457 2313 pectora
1482 2272 1615 2312 planisi]

286 2325 418 2355 Centena
429 2326 508 2355 nivei
522 2325 599 2355 colla
613 2325 789 2354 submittunt
806 2326 895 2354 boves.
965 2327 1078 2365 I’langi
1105 2326 1199 2356 iidem
1234 2323 1304 2354 libri
1341 2333 1411 2353 cum
1441 2322 1617 2353 Erfurtano.

733 2373 852 2403 IIi-:lxs-
963 2366 1069 2417 probe.
1095 2376 1222 2405 Sti-ozzae
1237 2375 1358 2413 plango.
1381 2374 1506 2411 deniqne
1521 2371 1615 2402 etiam

286 2423 418 2452 Alhentis
446 2422 559 2462 olivas]
599 2422 676 2451 Haec
721 2422 803 2451 enim
847 2433 895 2452 ar·
964 2424 1116 2455 nonnulli.
1148 2423 1286 2464 Epistola
1298 2421 1439 2463 Sapphus
1458 2422 1529 2451 133.

242 2473 295 2501 bor
319 2478 384 2501 erat
404 2471 434 2501 in
459 2472 559 2501 tutela
584 2470 731 2505 Palladis,
747 2476 778 2500 et
792 2470 896 2501 dicata

1178 2472 1239 2501 Nec
1251 2477 1370 2510 pectora
1386 2472 1502 2509 plangi,

241 2521 308 2563 Paci
322 2532 329 2557 3
353 2526 425 2562 apta
446 2520 614 2555 sacrificiis,
630 2530 699 2560 quae
724 2530 799 2550 unus
814 2520 891 2550 vole-
1008 2521 1188 2560 Necpndnic
1204 2522 1294 2550 scissis
1306 2520 1459 2550 exululare
1475 2520 1573 2548 contis.

242 2572 294 2600 bat
308 2570 463 2600 simulare.
1452 2568 1571 2596 ΙΙι-ῑικε.

285 2620 337 2649 74.
362 2620 481 2659 Souna]
509 2619 614 2649 Codex
641 2618 827 2649 Basileensis
854 2625 895 2649 tu·
963 2619 1006 2649 Τὸ
1021 2620 1144 2657 denique
1159 2618 1284 2658 elegans
1294 2622 1352 2648 est.
1397 2617 1456 2657 Ep.
1474 2615 1528 2645 xii.
1546 2617 1614 2646 105.

242 2674 307 2698 nat.
332 2667 397 2698 vid.
414 2668 469 2698 inf.
487 2669 547 2710 Ep.
564 2667 628 2698 xix.
647 2668 700 2698 81.
717 2674 747 2698 et
771 2680 799 2699 v.
824 2669 894 2699 Me-
1006 2667 1066 2697 Illa.
1080 2680 1142 2709 ego,
1159 2679 1219 2707 (ματ
1243 2665 1304 2696 tibi'
1317 2677 1380 2695 sum
1396 2676 1475 2695 nunc
1491 2666 1615 2705 denique

240 2723 315 2748 tarn.
330 2717 406 2747 204.
421 2722 452 2747 et
464 2716 522 2747 hoc
535 2716 704 2747 meliusirae
720 2717 809 2757 regite
822 2728 894 2748 con-
1047 2716 1281 2757 luti-Imrafacta.
1326 2715 1443 2745 Bumu.

240 2765 335 2798 venit.
350 2765 415 2798 vid.
433 2765 543 2797 Heius.
560 2765 598 2797 ad
623 2765 736 2798 Claud.
753 2766 785 2798 ii.
809 2767 893 2808 Rap.
1004 2767 1058 2797 92.
1085 2766 1214 2806 Genus]
1243 2766 1343 2796 Cumas
1368 2769 1513 2806 excerpta
1537 2762 1613 2794 Gal-
