1849 3198
232 223 289 264 98
621 221 669 263 P.
705 222 915 264 OVIDII
950 221 1228 264 NASONIS

235 337 457 401 Pyrrhus
482 336 771 395 Achillides,
800 338 1049 385 animosus
1075 338 1287 400 imagine
1311 334 1482 399 patris,

301 413 550 461 Inclusam
575 422 747 462 contra
763 416 947 477 jusque
972 415 1211 478 piumque
1234 419 1385 460 tenet.

234 489 382 544 Quod
408 492 563 554 potui,
591 492 756 549 renui3
797 508 858 538 ne
885 508 982 538 non
1009 492 1158 538 invita
1182 500 1400 546 tenerer3
1586 488 1615 532 5

302 567 485 616 Cetera
507 569 730 616 femineae
755 585 853 615 non
877 569 1073 616 valuere
1091 585 1281 615 manus.

235 643 368 698 Quid
393 646 529 702 facis,
558 647 796 694 AEacide?
833 662 932 692 non
957 663 1066 692 sum
1092 646 1196 693 sine
1221 645 1430 699 vindice,
1458 643 1591 690 dixi:

302 721 425 770 Haec
450 724 540 772 tibi
565 725 657 771 sub
682 724 898 779 domino,
926 723 1135 787 Pyrrhe,
1162 722 1329 786 puella
1352 737 1440 767 suo
1467 727 1559 768 est.

236 799 441 847 Surdior
465 801 546 849 ille
571 801 694 849 freto
720 802 1015 849 clamantem
1040 816 1220 847 nomen
1247 799 1439 846 Orestae

301 877 473 925 Traxit
496 879 731 927 inornatis
756 880 805 926 in
831 894 920 926 sua
943 885 1076 926 tecta
1099 877 1270 925 comis.
1558 877 1617 921 10

234 1089 386 1126 omnibus,
408 1101 483 1131 quos
510 1091 585 1127 vidi,
609 1091 696 1122 libris
716 1100 810 1121 manu
837 1090 892 1121 (le-

233 1138 354 1180 scriptis
377 1140 475 1175 abest,
496 1140 553 1171 nisi
577 1140 661 1182 quod
685 1140 716 1170 in
740 1151 801 1170 uno
824 1151 893 1170 meo

233 1187 364 1228 margini
376 1194 422 1219 est
438 1189 605 1230 adjectum,
619 1195 650 1220 et
661 1189 787 1230 quidem
798 1200 892 1220 manu

232 1237 407 1267 recentiori.
457 1238 591 1269 Videtur
619 1244 723 1269 autem
752 1239 891 1280 ejusdem

232 1291 313 1315 notae
326 1296 404 1322 esse,
416 1297 487 1317 cum
499 1287 536 1318 iis
547 1287 699 1323 versibus,
713 1298 789 1329 quos
804 1287 891 1318 initio

232 1334 380 1376 Epistolae
403 1336 540 1367 OEnones
562 1342 592 1367 et
613 1336 716 1367 Didfis
737 1343 841 1367 extare
860 1337 892 1368 in

232 1384 389 1415 nonnullis
404 1384 490 1416 libris
504 1386 692 1416 monuimus.
737 1387 856 1417 Hssrxs.

276 1434 307 1462 3.
323 1434 529 1475 Achilleidcs.]
549 1435 599 1465 De
610 1435 728 1476 Pyrrho
739 1441 770 1466 et
780 1436 890 1466 Oreste

232 1480 303 1511 vide
316 1493 385 1523 quae
402 1494 439 1513 ex
453 1484 578 1525 Hygino
594 1483 625 1513 in
642 1484 712 1514 Ibin
725 1484 891 1516 adnotabo.

233 1530 369 1571 Pyrrhus
387 1538 491 1562 autem
507 1532 609 1563 dictus
632 1539 678 1563 est
695 1543 712 1563 a
726 1533 821 1574 patris
843 1534 890 1564 sui

232 1579 367 1615 nomine,
383 1580 435 1621 qui
451 1591 522 1611 cum
536 1581 568 1611 in
584 1582 678 1622 Scyro
695 1582 775 1612 inter
789 1583 889 1624 Lyco-

232 1627 332 1659 medis
343 1629 425 1669 regis
439 1629 518 1660 filias
531 1630 653 1666 lateret,
666 1631 785 1672 Pyrrha
800 1642 890 1662 voca·

231 1677 335 1708 batur.
396 1678 513 1709 Auctor
539 1679 622 1710 idem
650 1680 794 1721 Hyginus
822 1691 891 1722 cap.

232 1726 315 1758 xcvi.
333 1732 364 1758 et
379 1728 472 1759 xcvii.
497 1729 680 1760 Cmmmrs.
728 1731 892 1761 Achillides

231 1775 311 1806 bene
335 1776 513 1808 Puteaneus
538 1778 598 1815 hic,
614 1783 648 1809 ut
664 1784 693 1809 et
708 1778 798 1809 Ibide
815 1780 890 1810 301.

231 1825 275 1855 sic
299 1826 430 1862 Atrides,
447 1828 580 1868 Aigides,
606 1828 734 1863 Pelides,
759 1828 890 1865 Belides,

233 1873 388 1911 Phinides,
404 1875 551 1912 Thesides,
568 1877 756 1913 Driantides‚
770 1878 890 1908 Prome-

232 1923 335 1959 thides,
352 1924 484 1961 OEuides,
500 1926 737 1966 Amphiaraides,
753 1931 784 1957 et
806 1926 890 1957 simi-

229 1972 272 2003 lia
285 1973 367 2015 apud
383 1974 544 2005 Nostrum.
590 1975 709 2006 Hmss.

274 2023 461 2063 Animosns]
488 2024 538 2054 Ita
563 2024 686 2065 egregie
709 2023 740 2055 in
765 2035 889 2055 scenam

230 2070 333 2112 prodit
361 2071 445 2112 apud
470 2072 621 2103 Senecam
650 2072 682 2103 in
712 2073 826 2104 Troad.
857 2086 888 2105 v.

231 2120 307 2150 210.
324 2125 355 2150 et
370 2130 461 2162 seqq.

274 2169 304 2198 4.
323 2168 436 2208 Jusqzte
448 2170 617 2210 piumque]
637 2170 693 2200 Est
709 2169 791 2200 idem
807 2170 889 2211 quod

221 2219 277 2257 jus
291 2218 395 2259 etfas.
420 2218 497 2248 Vid.
515 2219 554 2248 ad
570 2220 694 2249 Petron.
710 2219 795 2250 cviii.

274 2269 304 2297 5.
330 2267 416 2300 Quod
441 2268 555 2307 paracl]
586 2268 680 2302 Quam
704 2270 788 2307 potui
812 2268 890 2298 alter

230 2315 454 2351 Mentelianus‚
467 2327 521 2357 pro
531 2317 652 2347 diversa
663 2316 807 2353 lectione,
818 2328 888 2347 cum

230 2365 343 2405 glossa,
359 2365 391 2395 id
405 2371 452 2396 est
466 2372 623 2405 quantum.
655 2366 705 2396 adi
721 2371 808 2397 notas
824 2366 888 2397 Re-

230 2414 315 2444 med.
341 2414 449 2444 Amor.
474 2426 505 2444 v.
522 2415 598 2447 325.
633 2415 799 2456 Gottorph.
820 2427 888 2456 qua.

230 2463 309 2494 alius
332 2475 400 2503 quo.
436 2464 610 2494 HEINsms.
663 2463 751 2494 Nihil
780 2471 866 2495 muta
881 2477 888 2502 ;

230 2523 302 2543 nam
314 2523 403 2554 aeque
415 2513 493 2543 bene
506 2517 537 2543 et
549 2513 707 2554 eleganter
718 2516 793 2553 quod
803 2516 888 2552 potui

230 2562 363 2592 dicitur:
388 2562 432 2592 ita
445 2562 571 2593 Terent.
590 2563 735 2593 Eunuch.
753 2563 787 2593 ii.
809 2565 836 2594 l.
854 2565 887 2594 9.

231 2613 347 2642 Bonna.

273 2661 305 2691 9.
333 2660 515 2691 Clumantem
535 2661 798 2702 ozome71.0restis.]
826 2661 888 2692 Pu-

230 2716 358 2740 teaneus
386 2710 511 2740 Orestes.
559 2710 643 2750 Lege
670 2710 790 2740 Oresta.
826 2721 887 2741 non

229 2758 311 2789 enim
327 2758 416 2790 aliter
439 2760 609 2791 secundum
632 2759 818 2800 tertiumque
834 2770 886 2790 ca-

960 1100 1028 1120 sum
1045 1089 1111 1131 ejus
1126 1086 1260 1119 nominis
1278 1086 1397 1117 meliori
1421 1096 1487 1117 aevo
1509 1086 1618 1117 effere-

959 1140 1048 1169 bant.
1074 1138 1132 1169 nisi
1151 1137 1234 1179 quod
1246 1137 1423 1167 Priscianus
1438 1142 1524 1167 notet
1538 1136 1617 1168 libro

960 1195 1057 1225 sexto,
1074 1188 1256 1219 Ciceronem
1272 1193 1303 1218 et
1319 1185 1501 1217 Sallustium
1521 1187 1619 1217 semel
1646 1195 1651 1200 ⁴

962 1238 1074 1268 Orestis
1084 1247 1157 1267 casu
1170 1236 1307 1267 secundo
1316 1235 1503 1266 enuntiasse.
1521 1235 1618 1266 Oresti

959 1290 1005 1317 est
1031 1286 1113 1328 apud
1138 1285 1224 1317 Gen.
1249 1285 1306 1315 lib.
1325 1284 1370 1315 iii.
1392 1294 1463 1326 cap.
1481 1284 1533 1314 10.
1578 1284 1617 1315 In

958 1336 1049 1366 Ibide
1065 1346 1102 1366 ex
1115 1335 1253 1377 scriptis:

1014 1385 1110 1426 thue
1140 1385 1370 1426 Agamemnonio
1398 1384 1510 1413 vulnus
1535 1384 1617 1413 dedit

1045 1435 1153 1475 anguis
1170 1433 1291 1463 Orestae.

960 1483 1096 1519 Orestes,
1113 1483 1246 1513 Orestae.
1281 1481 1444 1522 Thyestes,
1457 1481 1615 1522 Thyesta?-

959 1532 1120 1567 Geriones,
1136 1531 1293 1563 Gerionae.
1319 1530 1465 1572 Pylades,
1476 1531 1617 1572 Pyladae.

959 1582 1073 1612 Noster
1096 1582 1188 1611 Pont.
1214 1580 1271 1611 lib.
1297 1579 1329 1610 ii.
1358 1580 1449 1620 Eleg.
1474 1579 1520 1610 iii.
1545 1590 1617 1611 cum

957 1630 1074 1672 optimo
1089 1630 1196 1661 codice
1209 1642 1215 1660 ε

980 1679 1092 1721 Adfuit
1104 1681 1208 1709 insano
1211 1680 1337 1719 juvenis
1350 1678 1482 1709 Phoceus
1496 1679 1617 1710 Orestam

959 1729 1041 1760 Hinc
1063 1734 1095 1759 et
1120 1729 1224 1759 Oresta
1246 1738 1306 1759 non
1328 1728 1424 1758 semel
1453 1728 1485 1758 in
1508 1727 1617 1769 quinto

958 1788 1033 1809 casu
1059 1777 1141 1820 apud
1169 1778 1330 1808 Nostrum.
1375 1776 1420 1807 At
1445 1777 1618 1808 Patavinus

958 1827 1037 1857 liber
1059 1827 1154 1858 habet
1176 1838 1280 1857 nomen
1298 1827 1406 1857 Oresti.
1452 1827 1618 1864 Quomodo

958 1876 1147 1912 Priscianus,
1167 1876 1281 1912 Bootes,
1298 1875 1407 1912 Bootoe,
1422 1880 1454 1906 et
1477 1876 1563 1906 Booti
1579 1887 1616 1907 ex

959 1925 1118 1956 Ciceronis
1142 1925 1269 1956 Arateis
1294 1931 1390 1962 notat,
1416 1930 1451 1956 ut
1476 1925 1616 1967 Ulysses,

960 1975 1076 2017 Ulyssi,
1092 1981 1123 2006 et
1138 1975 1262 2006 similia.
1306 1975 1421 2006 Noster
1435 1975 1467 2005 in
1483 1975 1571 2007 Ibin:

1128 2026 1165 2054 sit
1179 2026 1256 2065 quod
1270 2024 1397 2063 Pelopea
1415 2024 1456 2054 Th
1458 2031 1558 2065 yestae.

958 2072 1055 2103 Bootae
1085 2073 1168 2115 apud
1197 2074 1346 2104 Nostrum
1372 2073 1508 2104 secundo
1542 2084 1616 2106 casu

956 2122 1071 2163 passim
1092 2122 1234 2153 occurrit.
1264 2122 1347 2164 apud
1369 2121 1526 2153 Avienum
1549 2124 1615 2154 De—

957 2170 1122 2212 scriptione
1160 2171 1253 2202 Orbis
1290 2171 1390 2201 Bootis
1425 2171 1614 2212 frequenter.

958 2219 1020 2250 vid.
1032 2220 1173 2251 Servium
1186 2220 1225 2251 ad
1238 2220 1328 2261 Virg.
1341 2219 1469 2251 AEneid.
1481 2220 1615 2254 vii.662.

957 2269 1076 2299 Hsslxs.

1002 2320 1052 2348 10.
1095 2318 1227 2358 Traiil]
1271 2318 1377 2349 Tradit
1414 2318 1615 2358 Basileensis‚

956 2367 1038 2398 unde
1063 2367 1211 2398 Heinsius
1230 2367 1303 2397 olim
1326 2367 1462 2398 faciebat
1488 2368 1614 2400 Tradit.

956 2429 1013 2459 ego
1027 2418 1103 2448 nihil
1119 2423 1217 2448 muto.
1248 2424 1293 2448 est
1309 2418 1391 2448 enim
1415 2419 1541 2459 elegans
1556 2430 1612 2461 op-

956 2466 1065 2509 positio
1081 2466 1206 2496 violenti
1222 2471 1337 2508 raptus,
1354 2472 1385 2497 et
1403 2467 1534 2508 placidae
1559 2468 1613 2499 de-

956 2515 1108 2546 ductionis
1123 2526 1256 2557 sponsae.
1283 2526 1376 2557 quam
1391 2516 1504 2547 ducere
1520 2517 1614 2548 debe-

954 2565 1008 2596 bat
1022 2570 1160 2595 ornatam
1184 2570 1214 2595 et
1235 2571 1389 2607 comptam
1406 2565 1494 2606 (vide
1510 2565 1612 2607 Epist.

955 2613 998 2644 ix.
1019 2615 1089 2644 125.
1116 2619 1146 2644 et
1162 2613 1215 2644 xii.
1235 2614 1306 2644 156.
1323 2620 1354 2644 et
1377 2614 1468 2654 alibi)
1488 2625 1557 2645 eam
1583 2615 1612 2645 vi

954 2662 1048 2693 traxit
1062 2662 1210 2693 inornatis
1233 2663 1365 2705 capillis.
1391 2663 1423 2694 in
1444 2675 1497 2694 suu
1514 2671 1613 2695 castra

954 2711 1047 2742 etiam
1063 2711 1222 2742 venustius
1238 2712 1463 2744 Gronovianus.
1495 2713 1613 2745 Burni.
