1849 3198
287 160 324 190 12
682 157 891 190 BENTLEII
914 159 1040 190 EMEN
1045 158 1219 192 DATION
1224 160 1286 191 Es.

289 245 352 274 340
783 244 908 276 Graecia
922 251 1002 276 mota
1017 255 1100 276 suas.

289 298 348 327 341
374 298 434 328 Tot
449 298 534 339 prius
549 297 706 334 abductis,
722 308 817 338 ecquae

288 351 350 380 343
784 351 948 382 Erecthida
962 349 1116 382 Thraces:

289 406 351 434 353
653 415 747 446 quam
765 405 868 436 Graiae
883 405 974 447 copia
987 410 1075 435 terrae
1088 417 1094 434 :
1121 403 1160 444 [i.
1175 405 1243 445 47.]

289 458 349 487 371
375 458 407 488 N
409 468 444 488 ec
460 462 564 488 tamen
579 459 740 499 indignum
755 465 797 488 est
813 468 867 500 pro
882 458 970 488 tanta
984 467 1107 488 sumere
1122 458 1233 488 bellum

420 521 649 562 Abjudicentur
672 532 724 551 vv.
746 522 799 557 39,
816 522 875 560 40;
905 522 958 558 49,
982 523 1035 553 50.
1078 522 1156 552 Post
1179 533 1208 551 v.
1231 523 1273 552 50
1296 521 1387 563 plura
1409 522 1536 553 desunt.
1590 523 1683 553 MSS.

463 575 550 605 Dun.
565 574 639 605 Rel.
654 580 685 605 et
700 574 753 605 alii
767 575 911 606 omnibus
926 585 944 606 a
959 575 1000 606 39
1015 575 1055 605 ad
1076 575 1146 606 143.
1163 574 1302 606 versibus
1317 581 1434 606 carent.

421 627 555 658 Dubitat
583 627 745 658 Bentleius
776 638 815 658 an
845 627 979 659 Ovidius
1008 627 1100 670 hujus
1127 628 1266 670 epistolae
1295 628 1336 659 sit
1365 635 1494 660 auctor:
1535 628 1605 660 vide
1633 627 1686 658 Cl.

464 679 636 711 Burmanni
651 680 789 712 notulam
805 680 845 711 ad
860 693 891 712 v.
909 681 959 712 13.

817 778 994 815 EPIST.
1025 778 1165 816 XVII.

381 892 516 931 [Versus
530 892 620 928 duos,
637 902 715 933 quos
731 892 771 922 ad
791 892 911 923 calcem
929 893 1050 935 paginae
1064 894 1170 924 2241ae
1188 892 1359 936 adscriptos
1375 893 1539 930 habemus,
1554 893 1688 925 restituit

422 944 595 981 Bendeius,
611 950 645 976 ut
660 944 849 985 Puteanus]

339 999 357 1028 7
531 997 653 1029 diversa
669 997 812 1039 quamvis
827 1000 862 1028 cle
877 1003 971 1039 gente
988 998 1121 1035 venires,

319 1051 357 1081 15
380 1050 411 1081 Si
429 1061 488 1082 non
504 1056 552 1082 est
565 1058 632 1082 acto
648 1051 736 1091 [MS.
753 1050 859 1090 Dum]

317 1104 356 1135 16
379 1104 448 1135 Nec
470 1104 562 1135 sedeo
583 1106 674 1135 torvis
694 1105 774 1134 dura
794 1104 883 1145 (MS.
898 1103 986 1135 Dun.
1002 1103 1066 1135 vid.
1080 1104 1145 1136 xvi.
1161 1105 1236 1137 287.
1256 1105 1337 1147 lege,
1355 1105 1419 1137 Nec
1441 1107 1519 1136 sedet
1544 1108 1577 1136 in
1601 1107 1692 1137 torvis

422 1168 498 1188 cura
513 1158 679 1197 superciliis
689 1155 719 1197 5)

317 1209 355 1238 19
658 1220 727 1251 quae
743 1208 784 1240 sit
798 1208 915 1240 fiducia
930 1216 1022 1248 coepto
1037 1209 1135 1251 (capti
1150 1210 1244 1242 MSS.
1260 1212 1349 1243 Dun.
1367 1217 1399 1243 et
1414 1211 1505 1252 Rel.)

314 1263 357 1292 29
658 1273 720 1293 non
734 1261 783 1292 his
798 1268 954 1293 contentus
968 1264 1083 1295 abisses.

315 1315 359 1345 30
617 1315 728 1346 similis
744 1325 804 1346 non
820 1315 879 1346 fuit
893 1315 946 1347 ille
961 1317 1025 1347 tibi.

317 1369 359 1399 35
578 1369 668 1410 (quis
685 1368 768 1400 enim
783 1371 933 1400 irascetur
948 1370 1066 1401 amanti
1076 1370 1107 1412 ⁷.)
1135 1370 1223 1411 [MS.
1238 1371 1326 1402 Dun.
1339 1381 1394 1413 pro
1409 1370 1692 1413 interpretatione.]

317 1422 356 1451 37
662 1433 724 1453 non
738 1425 814 1463 quod
829 1422 946 1454 fiducia
962 1423 1055 1461 desit,

315 1475 353 1504 41
649 1477 842 1518 formosaque
858 1487 927 1508 rara
942 1477 1059 1519 pudica
1074 1486 1131 1510 est.

316 1528 357 1558 54
706 1530 951 1572 Tyndaridaeque
967 1531 1081 1568 decus;

317 1583 357 1612 58
382 1581 525 1623 Cumque
541 1593 596 1612 suo
610 1582 732 1613 Priamo

316 1636 354 1665 61
702 1636 842 1678 potentia
858 1645 955 1674 terra,
975 1637 1056 1678 [xvi.
1074 1638 1163 1678 175.]

317 1688 359 1718 66
382 1689 426 1719 Ut
439 1696 551 1728 possent
570 1688 652 1731 ipsas

317 1741 355 1771 71
660 1742 704 1773 sic
720 1745 919 1783 acceptissima
934 1746 1082 1784 quondam

318 1794 358 1824 73
660 1795 743 1837 quod
759 1807 827 1827 sum
842 1796 899 1827 tibi
914 1807 1024 1829 caussa
1039 1799 1158 1834 doloris,

318 1849 359 1878 79
705 1849 846 1891 proxima
862 1853 952 1882 nostis

317 1902 359 1931 83
388 1902 427 1932 Ut
444 1912 526 1943 saepe
543 1901 686 1938 extimui,

317 1955 358 1984 90
659 1954 703 1986 sic
717 1967 770 1997 ego
781 1967 869 1998 posse
884 1957 982 1998 loqui.

315 2009 357 2039 95
384 2007 492 2038 Altera
507 2010 557 2039 sed
572 2008 674 2050 potius
692 2009 800 2049 [MSS.
818 2011 907 2042 Dun.
920 2011 1008 2051 ReLJ

300 2061 359 2090 102
617 2072 671 2092 nec
689 2062 775 2102 [MS.
791 2063 852 2103 D.]
870 2065 968 2093 minus
985 2063 1072 2104 [MS.
1088 2064 1147 2104 R.]
1165 2065 1236 2100 oris,
1251 2066 1346 2095 adeat.
1366 2065 1476 2105 [MSS.
1494 2065 1567 2096 Rel.
1582 2066 1690 2106 Dum]

299 2114 356 2144 107
615 2120 835 2157 praeceptaque
849 2117 963 2155 praeclia
977 2127 1071 2148 serus.
1089 2117 1157 2157 [xx.
1177 2117 1266 2157 143.]

299 2168 357 2196 109
386 2167 426 2197 Ut
442 2172 546 2198 tamen
560 2171 699 2208 optarem
715 2168 780 2199 fieri
795 2168 861 2205 tibi,
880 2169 995 2205 Troice,
1012 2169 1137 2211 conjux,
1157 2170 1245 2210 [MS.
1261 2171 1366 2211 Duu.]

299 2220 359 2249 110
382 2219 519 2250 Invitam
535 2231 593 2250 non
610 2231 659 2250 me
676 2222 716 2252 sic

297 2273 357 2303 113
703 2281 817 2304 natura
833 2274 930 2304 tueri:
960 2275 1050 2315 [MS.
1067 2276 1173 2316 Dum]

297 2326 357 2356 115
701 2327 773 2357 altae
790 2328 913 2357 collibus
928 2327 994 2358 Idae

297 2377 357 2407 119
658 2379 800 2410 coelestia
814 2386 932 2418 pectora
947 2389 1072 2421 possum

296 2429 356 2460 127
381 2429 441 2460 Sed
457 2429 532 2460 nihil
549 2431 685 2470 inficior.-
700 2431 767 2471 (vel
783 2433 941 2472 irgsirmior,
957 2432 1007 2463 vel
1021 2432 1166 2474 offendor,
1183 2439 1217 2463 ut
1232 2434 1302 2463 MS.
1318 2434 1427 2474 Dun.)

298 2484 357 2513 128
383 2483 465 2513 Nam
479 2495 535 2514 cnr
550 2493 620 2520 vox,
636 2487 760 2515 emimus
775 2485 871 2526 quod,
887 2491 947 2516 etc.
963 2486 1030 2525 (vel
1047 2497 1119 2517 nam
1136 2497 1203 2517 mea
1222 2487 1317 2528 mem)

298 2536 358 2565 137
704 2537 758 2568 sed
774 2547 877 2569 amare
892 2549 994 2569 recuso

299 2588 360 2617 140
661 2600 753 2631 quam
771 2590 857 2621 locus
872 2591 937 2633 ipse
954 2599 1043 2633 negat

298 2641 354 2670 141
382 2642 454 2671 Sum
473 2641 555 2671 rudis
573 2642 744 2684 adsta-tum
762 2643 894 2674 Veneris
911 2644 1002 2683 [MS.
1020 2644 1127 2683 Dum]

299 2694 357 2723 147
386 2693 451 2733 lpm
466 2696 561 2724 virum
579 2696 763 2737 ›11el110,jam
781 2707 874 2732 nunc,
892 2703 953 2728 etc.
975 2697 1062 2737 [MS.
1079 2696 1164 2733 Rem
