1849 3198
163 179 250 221 264

558 180 609 221 Ρ.
644 179 858 222 OVIDII
891 180 1174 222 NASONIS

167 295 273 342 Has
299 303 432 343 certe
458 295 726 359 pluresque
750 304 951 352 canunt,
981 296 1235 360 Neptune,
1262 296 1421 360 poetae

233 372 390 420 Molle
415 373 544 420 latus
569 373 710 421 lateri
736 374 1079 437 composuisse
1105 380 1208 420 tuo.

167 449 270 497 Cur
294 449 458 512 igitur,
485 450 632 498 toties
657 451 785 498 vires
811 458 1049 515 expertus
1075 451 1274 507 amoris,

231 526 511 575 Adsuetum
537 528 679 575 nobis
704 528 901 575 turbine
926 528 1116 576 claudis
1143 529 1268 576 iter?

1468 531 1559 575 140

165 604 324 652 Parce
349 604 516 662 ferox;
556 606 758 668 latoque
784 605 905 652 mari
931 613 1016 653 tua
1039 607 1213 670 proelia
1238 606 1408 653 misce.

235 681 443 729 Seducit
465 689 620 729 terras
646 682 753 730 haec
779 682 941 730 brevis
968 684 1102 731 unda
1125 684 1268 731 duas,

165 758 237 805 Te
262 759 408 806 decet
433 766 518 806 aut
542 775 747 822 magnas
774 776 1010 822 magnum
1030 762 1220 824 jactare
1246 761 1467 818 carinas;

232 836 336 884 Aut
359 837 509 884 etiam
534 837 650 884 totis
677 838 921 885 classibus
947 855 1057 886 esse
1081 845 1290 886 trucem.

165 913 331 979 Turpe
348 914 457 962 Deo
473 915 655 978 pelagi,
671 916 909 978 juvenem
933 923 1117 962 terrere
1143 923 1425 963 natantem:
1468 917 1558 961 145

234 992 505 1056 Gloriaque
531 1000 607 1040 est
632 1001 809 1056 stagno
836 994 1062 1057 quolibet
1086 994 1181 1041 ista
1205 994 1380 1040 minor.

168 1069 364 1117 Nobilis
390 1071 471 1118 ille
491 1071 695 1135 quidem
721 1079 813 1128 est,
835 1078 885 1119 et
907 1072 1070 1118 clarus
1090 1072 1277 1134 origine
1297 1089 1306 1119 ε
1347 1071 1437 1118 sed
1463 1087 1560 1117 non

232 1148 277 1194 A
303 1148 393 1194 tibi
419 1156 654 1212 suspecto
679 1149 818 1195 ducit
845 1148 996 1195 Ulixe
1022 1165 1196 1211 genus.

168 1225 248 1272 Da
272 1226 484 1282 veniam,
512 1242 755 1289 servaque
781 1226 923 1273 duos.
964 1232 1100 1273 natat
1126 1225 1234 1273 ille:
1275 1225 1364 1272 sed
1390 1225 1548 1272 isdem

235 1303 432 1367 Corpus
460 1302 688 1359 Leandri,
718 1320 833 1367 spes
860 1319 986 1358 mea,
1014 1303 1202 1366 pendet
1226 1304 1386 1365 aquis.

1471 1305 1562 1349 150

169 1381 393 1429 Sternuit
416 1388 467 1429 et
489 1381 686 1430 lumen:
728 1381 913 1445 (posito
940 1398 1053 1428 nam
1080 1381 1343 1428 scribimus
1368 1380 1494 1441 illo.)

237 1460 487 1518 Sternuit3
528 1467 578 1507 et
602 1460 745 1508 nobis
771 1476 1011 1524 prospera
1036 1460 1178 1522 signa
1202 1459 1356 1506 dedit.

166 1595 373 1637 navigationis
387 1595 510 1634 initium
522 1601 589 1626 ortu
601 1606 656 1626 suo
667 1595 830 1626 ostendere

164 1645 255 1677 solet.
281 1646 348 1676 Has
361 1645 465 1676 Latini
482 1645 642 1687 appellant
658 1645 829 1687 Vergilias.

213 1696 285 1726 140.
322 1695 453 1726 Turbine
479 1696 595 1726 claudis
622 1695 712 1736 itera]
752 1696 829 1726 Tur-

166 1746 232 1776 bide
247 1744 308 1776 duo
323 1743 441 1786 scripti.
485 1743 547 1775 Sed
562 1750 682 1775 rectum
699 1751 746 1775 est
760 1751 828 1775 rur-

165 1796 249 1826 bine:
283 1794 309 1825 si
339 1794 422 1825 enim
453 1800 621 1833 tempestate
645 1795 832 1834 pust-ludere

165 1846 262 1876 maria
289 1844 426 1886 potuerit
455 1843 569 1874 dixisse
596 1843 705 1874 Florus
729 1842 772 1874 iii.
797 1845 830 1875 6.

165 1905 221 1926 cur
249 1904 309 1924 non
338 1893 397 1923 iter
424 1892 521 1934 possit
550 1892 673 1924 turbine
702 1893 831 1924 claudi?

168 1944 267 1974 Turbo
282 1948 387 1974 autem
406 1942 511 1973 Poetis
526 1952 585 1973 vox
601 1941 762 1973 familiaris
777 1954 831 1985 pro

164 1992 312 2035 procella.
336 1992 453 2022 Burin.

211 2042 285 2072 141.
313 2041 379 2071 Τιιιι
401 2040 539 2081 praelim]
573 2041 723 2071 Francius
748 2040 832 2072 vole-

164 2091 317 2132 bat,sera
329 2091 450 2130 proelia.

212 2140 286 2170 142.
310 2139 432 2170 Seducit
449 2145 545 2169 terras
559 2138 617 2168 haec
634 2140 727 2169 brevis
749 2141 833 2169 mida

166 2189 269 2230 ditas]
296 2190 423 2230 Septem
447 2188 559 2224 stadia,
585 2199 655 2230 quae
682 2188 832 2219 interfluit

166 2238 402 2280 Hellespontus,
418 2237 551 2279 Abydus
576 2248 595 2268 a
615 2238 705 2269 Sesto
723 2237 831 2269 distat.

166 2288 288 2320 Plinius
302 2287 359 2318 lib.
375 2288 419 2318 iv.
436 2297 507 2329 cap.
522 2287 566 2318 xi.

213 2338 287 2369 148.
314 2338 339 2368 A
359 2339 412 2368 tibi
427 2337 586 2377 suspecta]
607 2336 659 2367 Ad
674 2336 830 2378 Polyphe-

167 2399 252 2419 mum
267 2387 432 2418 reserenda
444 2392 517 2417 sunt
532 2387 611 2423 haec,
628 2386 719 2428 cujus
732 2385 834 2427 gratia

166 2438 337 2480 Neptunus
357 2436 463 2478 Ulyssi
486 2436 625 2467 infensus
646 2442 722 2466 erat.
769 2436 830 2466 Ex-

167 2492 341 2519 caecaverat
368 2487 449 2517 enim
480 2486 570 2517 illum
593 2486 734 2527 Ulysses‚
760 2496 832 2517 cum

168 2537 404 2580 exprobratione
433 2547 481 2572 ea,
512 2542 546 2566 ut
572 2536 701 2571 diceret,
731 2546 832 2576 neque

168 2593 287 2628 patrem
317 2586 501 2628 Neptunum
534 2584 756 2615 auxiliaturum
787 2585 833 2615 illi

169 2648 248 2672 esse,
267 2642 322 2667 aut
336 2636 459 2667 oculum
477 2635 690 2666 rostimmrum
706 2647 710 2663 τ
739 2641 771 2665 ut
787 2641 833 2666 cst

172 2686 201 2716 in
218 2686 334 2727 Odyss.
352 2685 476 2716 Homeri
495 2685 515 2715 i.
534 2687 606 2716 525.
630 2685 737 2715 Mic-rr
751 2708 757 2713 .

947 1595 1017 1625 148,-
1054 1594 1150 1624 Ducit
1178 1593 1266 1624 Ulixe
1290 1593 1417 1635 genus]
1458 1593 1563 1630 Quum

898 1645 1005 1675 multis
1029 1655 1045 1675 e
1070 1644 1157 1680 locis,
1180 1643 1212 1674 in
1239 1642 1306 1685 ipsa
1329 1643 1387 1674 hac
1412 1644 1564 1685 Epistola,

898 1700 964 1725 tum
985 1704 1024 1724 ex
1047 1694 1105 1724 hac
1131 1692 1326 1735 potissimum
1352 1693 1454 1724 Ulixis
1477 1704 1564 1725 men-

898 1744 993 1780 tione,
1008 1748 1096 1785 patet
1119 1743 1204 1773 Hero
1223 1741 1475 1784 Leandrumque,
1493 1743 1561 1785 opi-

899 1793 989 1824 nione
1012 1799 1095 1824 certe
1112 1792 1230 1829 Ovidii,
1253 1792 1394 1834 Trojanis
1416 1792 1564 1835 tempori-

898 1842 957 1873 bus
971 1843 1062 1884 longe
1078 1842 1264 1873 recentiores
1285 1841 1451 1873 exstitisse.
1495 1843 1564 1873 Sta-

899 1891 960 1923 tius
980 1898 1085 1923 tamen
1106 1891 1256 1922 Thebano
1281 1892 1365 1923 bello
1386 1892 1462 1923 facit
1485 1893 1565 1923 anti—

899 1941 1033 1984 quioreS‚
1057 1952 1154 1983 quum
1178 1941 1300 1972 illorum
1324 1941 1509 1979 meminerit,
1533 1943 1565 1974 in

898 1991 1007 2032 pallio,
1045 2002 1106 2033 quo
1143 1990 1275 2022 donatur
1302 1991 1438 2022 Admete
1468 1991 1566 2023 victor

899 2040 931 2071 in
946 2041 1029 2072 ludis
1046 2041 1087 2072 ad
1102 2041 1258 2072 tumulum
1274 2041 1455 2072 Archemori
1478 2042 1563 2073 cele-

899 2091 1008 2122 bratis.
1046 2090 1147 2122 Theb.
1164 2091 1207 2122 vi.
1223 2092 1298 2122 541.
1336 2091 1455 2122 Ama.

948 2142 1020 2172 151.
1046 2141 1184 2171 Sternuit
1200 2147 1227 2171 et
1245 2142 1357 2176 lumen,
1375 2141 1454 2182 &tl-J
1481 2142 1565 2172 Ster-

900 2190 1092 2222 nutationem
1129 2189 1194 2220 sive
1234 2190 1385 2232 crepitum
1429 2190 1564 2222 lucernae

899 2240 1035 2271 faustum
1056 2240 1087 2270 in
1112 2239 1268 2270 amoribus
1283 2250 1375 2270 omen
1397 2239 1565 2282 praebuisse

899 2290 992 2321 docet
1006 2289 1136 2320 Anthol.
1154 2289 1259 2320 Graec.
1278 2289 1332 2320 vii.
1347 2290 1454 2331 Epigr.
1473 2291 1543 2321 177.

937 2338 1035 2378 Ἤδη,
1051 2339 1184 2380 φίλτατε
1196 2338 1312 2380 λύχνε,
1332 2340 1400 2381 τρὶς
1415 2340 1562 2382 ἕπταρες·

986 2392 1005 2428 ἡ
1021 2387 1109 2429 τάχα
1124 2389 1272 2429 τερπνὴν

942 2437 996 2475 Ἐς
1003 2436 1170 2479 θαλάμους
1177 2437 1471 2479 ἥξειν’Λντιγόνην
1484 2449 1564 2479 προ-

987 2485 1090 2529 λέγεις
1103 2498 1110 2524 ;

946 2536 984 2567 Εἰ
997 2538 1058 2578 γὰρ
1071 2537 1156 2572 ἅναξ
1172 2536 1219 2575 εἴη
1234 2535 1297 2568 τόδ’
1311 2535 1484 2577 ἐτήτυμον,
1499 2537 1566 2574 οἷος

985 2586 1172 2622 Ἀπόλλων,

946 2636 1086 2673 θνητοῖς
1109 2634 1225 2676 μάντις
1247 2636 1311 2677 {kry-
1332 2636 1384 2666 καὶ
1409 2636 1449 2666 σὺ
1475 2637 1565 2677 παρὰ.

990 2683 1111 2725 τρίποδι
1119 2708 1125 2714 .
1401 2685 1429 2714 A
1435 2696 1457 2714 ,η
1464 2697 1480 2715 A
1488 2696 1503 2715 Ι(
1513 2708 1520 2716 .
