1849 3198
197 176 283 218 :382

590 176 638 216 P.
674 175 886 217 OVIDII
922 174 1199 218 NASONIS

196 291 379 339 Elabar
403 291 575 354 digito,
598 292 824 355 quamvis
851 299 1090 354 angustus
1117 298 1166 339 et
1190 292 1406 348 haerens3

263 368 424 432 Inque
449 369 611 415 sinum
636 369 760 415 mira
783 369 928 416 laxus
954 369 1016 415 ab
1043 375 1148 415 arte
1172 369 1364 416 cadam.

196 445 337 492 Idem
363 461 472 507 ego,
499 452 554 491 ut
578 461 782 492 arcanas
808 445 994 508 possim
1022 445 1216 507 signare
1241 446 1468 500 tabellas,
1529 447 1586 492 15

263 522 404 570 Neve
428 530 579 570 tenax
604 539 769 570 ceram
794 523 986 569 siccave
1013 538 1211 584 gemma
1234 523 1412 576 trahat,

197 598 420 646 Humida
442 598 668 646 formosae
693 606 895 662 tangam
920 599 1055 662 prius
1083 615 1168 645 ora
1191 599 1387 662 puellae.

264 675 479 723 Tantum
506 692 568 723 ne
594 676 787 739 signem
813 677 999 740 scripta
1022 677 1237 723 dolenda
1261 676 1397 722 mihi.

200 751 252 798 Si
279 753 449 808 dabor,
477 759 532 799 ut
555 753 742 800 condar
766 754 964 809 loculis;
1006 753 1141 800 exire
1166 754 1377 815 negabo,

263 828 594 890 Adstringens
620 830 800 892 digitos
826 830 945 876 orbe
970 830 1158 876 minore
1182 837 1313 876 tuos.

1525 832 1589 874 20

199 904 314 952 Non
333 922 425 968 ego
450 906 682 953 dedecori
706 906 795 953 tibi
822 906 931 961 sim,
959 922 1071 953 mea
1093 907 1208 961 vita,
1234 906 1446 961 futurus,

265 981 472 1036 Quodve
496 989 636 1029 tener
656 982 840 1044 digitus
866 982 991 1029 ferre
1017 990 1228 1038 recuset,
1256 999 1397 1030 onus.

200 1058 286 1105 Me
311 1075 443 1120 gere,
471 1075 586 1105 cum
611 1060 783 1106 calidis
809 1059 1117 1123 perfunderis
1144 1060 1384 1107 imbribus
1410 1067 1569 1107 artus:

267 1134 565 1198 Damnaque
590 1137 682 1182 sub
709 1136 906 1198 gemma
930 1136 1091 1200 perfer
1116 1137 1278 1183 euntis
1304 1153 1465 1199 aquae.

203 1213 303 1260 Sed
328 1220 450 1276 puto
473 1220 523 1260 te
539 1214 675 1260 nuda
691 1230 803 1261 mea
817 1215 1040 1261 membra
1054 1214 1258 1261 libidine
1278 1220 1497 1276 surgent,
1526 1216 1590 1260 25

268 1289 333 1336 Et
357 1305 592 1352 peragam
618 1298 784 1353 partes
811 1292 1020 1338 annulus
1047 1291 1127 1337 ille
1152 1290 1257 1337 viri.

201 1365 347 1412 Irrita
371 1367 492 1428 quid
516 1367 697 1414 voveo?
735 1383 939 1430 parvum
965 1367 1279 1430 proficiscere
1304 1383 1500 1414 munus.

267 1442 360 1490 Illa
383 1444 551 1491 datam
576 1451 743 1491 tecum
769 1445 950 1492 sentiat
974 1461 1085 1493 esse
1111 1445 1276 1492 fidem.

248 1587 295 1617 18.
327 1587 483 1628 Tantum]
529 1589 728 1619 Dummodo:
763 1589 863 1619 solum

198 1635 257 1666 hoc
273 1635 348 1665 mihi
364 1636 429 1666 dari
456 1636 560 1672 velim,
584 1648 623 1668 ne
644 1637 775 1678 signem,
803 1638 863 1668 &e-

198 1684 350 1715 RIAmvs.

242 1735 294 1764 24.
306 1734 548 1775 Pensm-euntis]
568 1734 664 1775 Lege,
675 1736 866 1776 transpositis

199 1783 338 1824 syllabis,
353 1783 410 1825 fer
432 1785 585 1823 pereuntis
607 1794 700 1824 aquoe.
721 1784 865 1814 Martial.

199 1831 254 1862 xii.
270 1831 377 1874 Epigr.
395 1834 425 1862 5.

245 1881 286 1911 Et
310 1883 463 1920 pereuntis
495 1892 577 1921 aquae
604 1882 724 1922 fluctus
760 1884 867 1922 ubique

289 1937 386 1961 sonui.
692 1931 821 1961 DOUZA.

201 1979 301 2010 Locus
316 1978 364 2009 his
378 1978 547 2013 obscurior,
563 1989 621 2009 nec
637 1979 675 2009 ab
691 1978 865 2020 interpreti-

200 2028 259 2059 bus
282 2027 357 2058 satis
379 2028 571 2070 explicatus;
605 2028 659 2058 sed
688 2028 743 2058 illa
771 2029 865 2059 verba

200 2079 253 2106 sub
270 2088 385 2118 gemma
411 2077 505 2107 nolim
529 2077 663 2107 construi
689 2087 759 2107 cum
783 2089 864 2117 aquae

202 2127 323 2161 emztis;
348 2126 437 2166 quasi
463 2136 545 2166 aqua
568 2126 624 2156 sub
649 2136 772 2166 gemma
796 2126 866 2162 iret,

200 2180 232 2205 et
257 2174 328 2204 inde
351 2174 500 2204 damnum
523 2174 649 2204 inferret
671 2174 730 2209 illi,
758 2180 790 2205 ut
812 2176 866 2205 ob-

200 2222 317 2253 scurior
343 2222 413 2252 fiat:
449 2223 503 2253 sed
529 2224 581 2252 sub
600 2233 727 2263 gemma,
753 2223 866 2254 dicitur

201 2281 267 2302 esse
288 2271 404 2312 puella,
421 2282 490 2312 quae
513 2281 668 2312 gemmam
692 2271 789 2312 digito
812 2282 865 2312 ge-

200 2320 256 2355 rit:
281 2324 315 2349 ut
330 2320 381 2349 sub
396 2330 483 2354 auro,
497 2330 551 2361 pro
566 2325 685 2355 aurato,
697 2322 750 2350 snb
764 2322 864 2356 armis,

201 2379 256 2409 pro
271 2373 400 2398 armato.
447 2368 478 2398 Si
503 2378 575 2398 vero
600 2378 672 2399 cum
695 2368 805 2399 Douza
820 2369 863 2399 le-

200 2426 322 2457 gamus,
340 2415 398 2458 fer
421 2419 584 2455 pereuntis,
613 2417 801 2458 capiendum
825 2417 864 2448 de

932 1601 1024 1632 aqua,
1055 1601 1148 1631 quam
1176 1590 1299 1621 ancillae
1330 1589 1465 1631 aquariae
1491 1594 1594 1632 porta-

931 1640 1018 1675 bant,
1035 1640 1072 1670 (le
1089 1651 1151 1681 qua
1174 1640 1212 1670 ad
1236 1639 1256 1670 l.
1281 1639 1325 1675 iii,
1348 1639 1438 1680 Eleg.
1462 1638 1516 1669 vii.
1541 1640 1594 1669 84.

933 1695 963 1719 et
978 1689 1060 1730 quod
1077 1689 1200 1730 egregie
1215 1689 1385 1719 illustratur
1400 1688 1464 1718 illis
1486 1699 1523 1719 ex
1547 1687 1594 1718 iii.

932 1737 1002 1768 Art.
1017 1738 1092 1767 Am.
1109 1739 1169 1768 96:

979 1787 1073 1821 Quid,
1102 1788 1158 1816 nisi
1186 1798 1274 1826 quam
1301 1796 1405 1821 sumes,
1436 1786 1485 1816 dic
1511 1786 1595 1821 mihi,

1016 1839 1116 1876 perdis
1131 1848 1236 1877 aquam
1249 1838 1260 1865 ?

934 1885 995 1915 Sed
1021 1896 1078 1927 ego
1103 1885 1263 1926 vulgatam
1291 1895 1390 1920 servo,
1421 1883 1495 1925 quia
1517 1882 1595 1914 Ovi-

933 1934 1002 1964 dius
1027 1940 1177 1975 perpetuo
1205 1934 1361 1964 adhaerere
1389 1933 1503 1975 puellae
1531 1941 1594 1963 suae

933 1983 1075 2019 volebat;
1098 1983 1231 2023 ideoque
1248 1988 1333 2013 recte
1355 1982 1466 2024 perfer,
1481 1982 1513 2012 id
1537 1986 1595 2017 est,

932 2043 1091 2073 nunquam
1106 2032 1238 2072 depone,
1253 2031 1317 2062 sive
1338 2031 1451 2062 laveris
1473 2030 1505 2061 in
1528 2031 1597 2061 bal-

932 2091 1001 2117 neo,
1018 2081 1083 2111 sive
1100 2086 1130 2111 te
1147 2080 1273 2111 flumine
1297 2080 1367 2110 vivo
1390 2079 1597 2121 prolueris.—

934 2129 1011 2159 Haec
1037 2130 1245 2164 Burmannus,
1270 2139 1364 2169 quem
1393 2128 1485 2158 miror
1508 2138 1595 2165 sane,

934 2171 1075 2213 priorem,
1106 2171 1159 2212 qui
1188 2182 1255 2202 sese
1282 2171 1441 2206 offerebat,
1469 2181 1594 2201 sensum
1621 2210 1623 2212 η

934 2231 994 2250 non
1011 2220 1145 2251 tenuisse
1159 2232 1166 2257 ;
1191 2231 1247 2251 nec
1265 2221 1301 2251 τὸ
1315 2219 1417 2261 peifer
1431 2220 1470 2250 ad
1486 2222 1596 2250 dunma

933 2269 1085 2305 retulisse,
1100 2280 1137 2300 ex
1153 2281 1242 2310 aqua,
1259 2279 1327 2310 quae
1351 2279 1507 2309 gemmam
1529 2270 1596 2299 sub-

934 2322 1001 2355 iret,
1016 2319 1048 2350 in
1076 2319 1204 2350 balneo:
1238 2329 1307 2361 quae
1337 2319 1451 2349 damna
1477 2318 1595 2350 nullius

932 2374 1004 2399 suut
1024 2368 1106 2410 apud
1131 2368 1291 2406 Ovidium,
1307 2367 1475 2399 dummodo
1498 2378 1597 2399 annu—

933 2418 997 2447 lum
1014 2417 1150 2449 Corinna
1163 2428 1223 2449 non
1237 2418 1384 2460 deponat.
1426 2417 1543 2449 Ama.
