1849 3198
670 217 1015 260 HEROIDES.
1048 218 1141 259 ΕΡ.
1169 218 1316 259 ΧΙΙΙ.

1605 220 1689 261 165

299 335 365 383 Et
388 335 536 382 facito
562 335 715 391 dicas,
744 334 940 397 quoties
965 349 1187 396 pugnare
1211 333 1426 397 parabis,

365 413 578 461 Parcere
603 430 683 460 me
702 412 854 475 jussit
880 410 1149 458 Laodamia
1172 411 1282 457 sibi.
1621 416 1683 458 70

298 491 351 536 Si
379 491 556 540 cadere
580 489 812 552 Argolico
838 487 910 535 fas
937 495 1013 535 est
1037 488 1128 534 sub
1154 487 1308 534 milite
1334 488 1549 550 Trojam,

363 567 435 615 Te
461 583 661 630 quoque
686 582 783 613 non
809 565 963 612 ullum
987 565 1164 611 vulnus
1193 565 1424 621 habente,
1452 567 1614 615 cadat.

297 643 512 707 Pugnet,
540 651 590 690 et
614 643 846 690 adversos
873 642 1045 688 tendat
1070 640 1332 689 Menelaus
1358 643 1408 688 in
1433 644 1600 692 hostes
1621 662 1631 692 :

364 722 436 769 Ut
459 722 618 786 rapiat
643 720 827 776 Paridi,
857 735 1008 783 quam
1034 719 1176 766 Paris
1203 727 1316 767 ante
1343 720 1454 767 sibi.

298 799 481 857 Irruat3
512 807 562 847 et
585 815 764 846 caussa
789 814 939 861 quem
963 797 1131 853 vincit,
1151 797 1318 844 vincat
1342 805 1392 845 et
1416 799 1580 845 armis.
1621 802 1682 845 75

364 877 607 925 Hostibus
634 894 660 925 e
686 877 862 924 mediis
889 883 1044 939 nupta
1068 876 1288 939 petenda
1310 876 1412 923 viro
1439 884 1531 923 est.

297 953 494 1002 Caussa
516 963 602 1002 tua
626 961 703 1002 est
726 954 910 1017 dispar.
938 960 991 999 tu
1015 959 1209 999 tantum
1233 953 1396 1001 vivere
1420 970 1603 1018 pugna,

362 1031 523 1095 Inque
548 1033 657 1096 pios
683 1032 895 1079 dominae
921 1047 1069 1095 posse
1095 1031 1254 1078 redire
1279 1031 1432 1078 sinus.

297 1107 512 1166 Parcite,
541 1110 858 1166 Dardanidae,
886 1109 950 1156 de
974 1116 1048 1156 tot
1072 1109 1291 1172 (precor)
1317 1110 1543 1157 hostibus
1569 1110 1680 1157 uni:

363 1187 442 1234 Ne
467 1205 607 1235 meus
633 1205 696 1236 ex
721 1188 804 1235 illo
828 1203 1033 1251 corpore
1059 1187 1260 1250 sanguis
1286 1194 1382 1234 eat.
1622 1191 1683 1234 80

296 1264 412 1313 Non
437 1273 528 1321 est,
556 1283 706 1330 quem
731 1267 908 1313 deceat
932 1265 1064 1312 nudo
1090 1281 1382 1312 concurrere
1406 1264 1548 1321 ferro,
1668 1254 1673 1262 ’

365 1343 608 1406 Saevaque
633 1344 683 1390 in
707 1343 962 1407 oppositos
988 1349 1192 1406 pectora
1216 1341 1340 1389 ferre
1364 1342 1508 1388 viros.

297 1419 492 1467 Fortius
518 1421 599 1468 ille
625 1428 792 1485 potest
816 1421 988 1476 multo,
1016 1436 1171 1483 quum
1197 1427 1387 1484 pugnat
1411 1437 1591 1468 amore.

365 1498 509 1546 Bella
532 1507 706 1562 gerant
731 1499 839 1556 alii3
881 1498 1186 1545 Protesilaus
1212 1505 1360 1545 amet.

298 1576 445 1624 Nunc
470 1577 653 1635 fateor3
692 1577 822 1624 volui
848 1592 1106 1633 revocare;
1148 1576 1443 1638 animusque
1467 1575 1680 1631 ferebat;

365 1655 600 1701 Substitit
623 1655 831 1718 auspicii
856 1655 1026 1717 lingua
1048 1654 1224 1702 timore
1249 1654 1382 1701 mali.
1622 1658 1682 1701 86

338 1790 391 1820 69.
418 1792 459 1822 Et
468 1796 570 1831 jacito
588 1789 699 1829 dicas]
725 1788 953 1824 (imum-ianus,

282 1839 388 1879 j'ucito
410 1841 502 1874 dicas,
524 1850 578 1880 pro
592 1839 694 1880 facito
719 1845 750 1868 ut
775 1841 866 1869 dicas.
902 1849 953 1868 ve-

294 1894 399 1919 nuste.
423 1888 598 1918 Hfflxsius.
645 1888 675 1917 Si
688 1888 754 1918 haec
771 1887 956 1928 praedicaret

294 1937 421 1979 publice
438 1937 637 1972 Protesilaus,
649 1942 684 1967 ut
698 1937 830 1977 ignavus
841 1943 872 1967 et
887 1947 955 1977 seg-

295 1985 343 2017 nis
356 1987 394 2016 ab
405 1985 551 2027 aliisjure
564 1993 754 2027 argueretur.
772 1986 848 2016 forte
860 1986 954 2028 scrip-

295 2035 379 2071 serit,
396 2040 428 2065 et
444 2037 543 2071 tacito,
560 2035 608 2065 vel
624 2037 724 2071 tacite,
738 2037 830 2065 (Ιίοαε.
854 2035 898 2065 ita
912 2048 955 2066 se-

293 2096 361 2115 cum
388 2086 476 2125 Ζοψιὶ,
493 2090 524 2114 et
550 2084 664 2114 similia
689 2084 794 2115 obvia.
818 2085 843 2114 si
865 2087 956 2115 tacito

294 2145 349 2176 pro
365 2136 454 2165 tacite
470 2140 590 2164 veteres
606 2133 766 2170 dixissent,
782 2134 860 2164 illud
876 2145 955 2175 prae-

294 2184 417 2215 ferrem.
442 2184 497 2220 ita,
521 2186 666 2224 tacitoque
688 2185 721 2213 in
741 2191 856 2223 pectore
880 2186 954 2220 dixi,

296 2244 366 2265 mox
392 2245 456 2264 ver.
475 2234 527 2264 89.
545 2239 577 2263 et
592 2233 612 2263 i.
629 2233 736 2264 Amor.
762 2234 817 2264 23.
851 2233 955 2264 Tar-ita

294 2290 391 2314 mente
409 2287 506 2323 queri.
531 2283 690 2325 proferunt
713 2283 840 2324 quidem
863 2284 954 2313 Lexi-

295 2333 441 2374 cographi
467 2344 504 2364 ex
535 2332 639 2364 Cicer.
669 2343 723 2374 pro
746 2333 874 2369 Quinct.
905 2334 953 2364 15.

297 2382 380 2413 Huic
398 2394 434 2413 ne
447 2384 546 2422 perire
569 2384 682 2423 quidem
709 2385 800 2413 tacito
821 2384 954 2413 obscure·

294 2443 350 2471 que
370 2434 552 2462 conceditur.
575 2432 629 2462 sed
645 2431 698 2462 alii
720 2432 884 2462 ediderunt
908 2439 952 2462 ta-

295 2483 364 2512 cite.
383 2487 413 2511 et
427 2480 460 2511 ii.
489 2482 576 2511 Verr.
591 2482 642 2512 73.
670 2482 794 2521 Vos-jam
810 2494 852 2512 me
865 2484 953 2512 tnrito

293 2532 480 2571 intelligetis.
506 2530 560 2561 sed
577 2531 619 2561 ibi
635 2537 682 2561 est
705 2531 860 2562 ablativus
874 2543 892 2563 a
908 2539 952 2562 ta-

293 2581 381 2610 citus.
426 2580 542 2610 Burin.

340 2629 485 2671 Pugnare
519 2629 669 2669 parabis]
714 2629 831 2660 Bellure
873 2630 952 2660 Scri-

294 2677 449 2709 verianus.
485 2678 632 2719 frequens
656 2689 693 2709 ea
722 2690 779 2709 vox
811 2679 898 2710 Livio
923 2686 954 2709 et

295 2727 404 2763 Statio,
421 2733 452 2758 et
464 2727 557 2759 etiam
573 2727 730 2759 Ciceroni.
757 2727 800 2758 sic
816 2734 847 2759 et
863 2730 953 2759 rebel-

299 2777 363 2807 lare
379 2776 520 2808 Martial.
536 2777 580 2808 ix.
597 2778 656 2818 Ep.
672 2777 706 2807 ii.
754 2778 869 2808 Herus.

1067 1789 1120 1818 74.
1151 1789 1191 1819 Ut
1209 1789 1334 1828 rapiat]
1355 1788 1415 1818 Hic
1431 1799 1536 1818 versus
1552 1798 1624 1818 cum
1637 1799 1684 1819 se-

1023 1839 1131 1879 quenti
1157 1839 1269 1868 absunt
1297 1848 1315 1867 a
1340 1838 1500 1867 Puteaneo
1525 1843 1556 1867 et
1582 1838 1683 1868 Lova-

1023 1887 1134 1917 niensi.
1161 1894 1235 1917 sunt
1260 1893 1365 1917 tamen
1382 1886 1541 1922 Ovidiani,
1561 1887 1585 1917 si
1609 1887 1684 1928 quid

1025 1935 1126 1971 video,
1139 1935 1268 1965 offendit
1284 1935 1411 1965 fortasse
1427 1935 1579 1966 delicatas
1595 1946 1685 1966 aures

1023 1986 1060 2015 τὸ
1075 1987 1129 2015 sibi
1144 1996 1197 2026 pro
1213 1986 1260 2015 illi
1278 1985 1423 2026 positum.
1462 1984 1561 2025 Atqui
1577 1985 1620 2015 sic
1636 1995 1683 2015 so·-

1023 2035 1089 2065 lent
1131 2034 1255 2076 optiiiiae
1295 2034 1473 2065 Latinitatis
1518 2034 1682 2065 Auctores-

1022 2083 1164 2115 Martial.
1182 2084 1238 2115 lib.
1253 2096 1284 2115 v.
1302 2084 1408 2126 Epigr.
1423 2085 1477 2114 88.

1060 2134 1192 2176 Prql'ecit
1201 2141 1269 2174 poto
1278 2135 1472 2164 Mithridates
1481 2145 1553 2173 soepe
1564 2145 1682 2170 veneno,

1111 2184 1217 2215 Toaica
1234 2197 1269 2215 ne
1284 2191 1399 2224 possent
1411 2195 1486 2214 saeva
1503 2195 1603 2214 nocere
1617 2186 1682 2215 sibi.

1522 2233 1639 2264 mes.

1066 2284 1118 2313 76.
1146 2283 1296 2318 Hostibus,
1310 2282 1388 2322 ἀι]
1427 2282 1501 2313 Post
1517 2283 1599 2313 hunc
1616 2294 1681 2314 ver-

1022 2343 1090 2362 sum
1106 2332 1137 2362 in
1153 2331 1323 2363 Oxoniensi
1340 2331 1405 2362 haec
1422 2332 1622 2373 legebantur:

1067 2382 1169 2412 Hostis
1181 2389 1206 2412 et
1226 2384 1348 2412 insudat
1362 2382 1505 2412 thalamos
1520 2382 1680 2412 Helenam-

1107 2444 1161 2471 que
1176 2433 1309 2466 reducat,

1065 2480 1177 2512 Ictibus
1203 2482 1333 2511 adversis
1353 2487 1450 2519 poscat
1476 2492 1529 2510 sua
1556 2492 1680 2510 munem

1095 2531 1203 2572 fortis·

1023 2580 1058 2609 In
1075 2580 1136 2609 alio
1154 2578 1286 2609 Mureti:

1064 2628 1178 2659 Ictibus
1200 2630 1329 2658 adversis
1350 2635 1449 2668 poseat
1475 2641 1527 2659 sua
1555 2639 1676 2657 innuerit

1137 2678 1244 2718 fortis,

1110 2727 1250 2757 Hostibus
1272 2738 1287 2757 e
1313 2729 1415 2757 mediis
1440 2733 1530 2765 nupta
1555 2728 1678 2763 patrm-la

1151 2778 1213 2807 viro
1229 2783 1282 2807 cst.

1073 2830 1151 2859 313
