1849 3198
564 190 782 230 BENTLEII*
799 190 1168 226 EMENDATIONES.

159 276 223 307 304
246 275 331 307 Ante
346 287 415 307 suas
431 276 554 318 quoties
569 286 662 318 passa
672 276 782 317 jacere
786 275 887 316 fores.

158 330 221 360 307
483 336 671 361 marcescant
686 328 792 360 omnia
806 340 935 361 sensus:

158 383 221 414 317
245 383 350 420 Quam
366 383 462 421 mala,
479 384 623 419 dicebam,
641 389 748 413 nostra*
762 389 833 414 sunt

157 437 219 468 321
245 437 351 475 Quam
366 438 469 469 brevis
484 438 547 469 est!
574 445 602 468 et
619 442 697 468 erat.

157 491 222 522 322
246 491 313 523 Hoc
329 491 399 522 odio

158 545 221 576 323
571 555 670 576 errore
686 545 743 576 sub
759 547 819 585 ipso

159 598 223 630 325
250 599 318 633 Qua
335 605 434 642 potes,
450 599 483 630 in
499 599 589 642 pejus
602 601 713 630 vitium

157 652 221 682 332
245 653 337 683 Hanc
354 664 477 690 moveas,
494 653 564 695 (vel
580 652 735 694 moveat‚)

157 705 222 736 334
481 707 507 738 si
523 716 586 749 qua
601 716 726 738 movere
738 707 853 746 pedem.

157 760 221 791 337
245 761 366 793 Durius
381 760 518 800 incedit;
533 761 595 803 fac
610 762 755 792 ambulet.

157 814 222 846 338
246 815 362 847 Pectus
377 815 494 847 habent
510 817 622 847 crimen
630 829 642 853 ,-

157 869 221 899 339
526 879 629 906 narra,
647 868 732 911 quod
748 868 859 906 rideat,
872 870 950 909 ipsa.

157 923 222 953 340
527 922 612 965 quod
627 923 713 960 fleat,
730 925 790 964 ipse
804 924 894 956 refer.

156 977 220 1008 345
243 978 347 1019 Saepe,
364 975 418 1008 ubi
433 977 484 1014 sit,
500 977 585 1019 quod
600 989 693 1015 amas,
708 977 789 1010 inter
803 983 868 1010 tam
885 978 986 1010 multa
1000 979 1146 1019 requires.

156 1031 218 1062 348
243 1030 359 1063 Infelix
375 1030 459 1063 vitiis
472 1033 590 1062 decidet

157 1085 221 1116 349
246 1086 317 1117 Non
332 1091 439 1117 tamen

157 1139 221 1171 357
246 1140 331 1171 Num
345 1139 416 1176 tibi,

158 1193 223 1224 364
249 1193 311 1229 Qui
327 1194 422 1230 volet,
440 1197 595 1236 impugnet
611 1193 666 1235 (T.
681 1194 719 1226 C.
735 1194 784 1226 vel
799 1193 979 1235 quamlibet)

157 1248 221 1279 365
525 1249 601 1278 livor
617 1250 765 1280 detrectat
781 1249 930 1280 Homeri:

157 1302 221 1332 372
526 1302 617 1344 exige
632 1313 752 1343 querque
768 1312 852 1334 suos.

157 1355 222 1386 376
249 1356 385 1387 Versibus
399 1365 417 1387 e
431 1354 545 1387 mediis

158 1410 222 1441 380
245 1410 287 1442 Et
302 1411 337 1441 lis
351 1409 478 1442 arbitrio
493 1411 576 1440 cedet
592 1410 659 1451 (vel
676 1416 777 1441 cantet
792 1410 831 1440 T.
849 1408 909 1450 C.)
926 1409 1029 1441 amica
1046 1414 1130 1441 tuna.

159 1464 222 1495 389
526 1466 747 1506 magnumjam
762 1474 879 1495 nomen
894 1463 1062 1496 habemus:

159 1519 223 1551 392
246 1520 286 1551 Et
302 1521 421 1560 capient
436 1521 511 1550 anm·

158 1575 222 1606 393
570 1573 682 1604 crescit
696 1574 821 1604 honore.-

160 1629 225 1660 394
531 1634 628 1658 noster
640 1627 771 1659 anhelat
783 1637 898 1669 equus.

159 1683 223 1714 396
527 1681 632 1714 nobile
648 1681 743 1714 debet
758 1693 835 1722 epos.

159 1737 219 1768 401
527 1736 552 1767 si
568 1748 688 1777 corpore
703 1747 818 1773 sumes,

161 1791 224 1822 403
530 1797 583 1821 tua
597 1790 698 1833 prima
713 1790 859 1833 voluptas

163 1845 225 1875 407
494 1844 616 1876 Veneris
631 1855 756 1886 quoque
768 1844 868 1886 junge
884 1843 995 1885 figura,

162 1899 225 1930 408
530 1910 643 1940 quoque
657 1898 769 1930 decere
781 1904 887 1938 potest.

163 1953 226 1983 413
260 1980 267 1987 ,
520 1952 626 1994 faerit
640 1951 728 1983 finita
743 1951 901 1994 voluptas,

164 2007 228 2038 415
529 2008 633 2037 malles
648 2005 787 2047 tetigisse
802 2005 953 2047 puellam,

165 2061 226 2091 417
447 2069 643 2102 quoecumque
658 2059 690 2090 in
706 2070 833 2101 corpore
848 2060 956 2090 menda
972 2062 1035 2089 est:

164 2115 228 2146 425
444 2114 588 2151 totidem,
607 2120 676 2155 quot
691 2116 721 2144 in
739 2125 788 2144 ore
801 2113 929 2155 figurae3
955 2112 1048 2154 [Cut.
1063 2111 1086 2143 i.
1103 2112 1171 2153 75.]

165 2169 228 2201 435
252 2169 395 2200 Attrahet
410 2168 465 2211 (T.
481 2169 518 2201 C.
534 2169 637 2199 forsan
653 2168 790 2200 attrahat
804 2169 864 2208 B.)
882 2167 936 2200 ille
951 2178 1028 2210 puer

164 2223 229 2254 440
575 2224 757 2263 expedienda
772 2227 890 2255 tamen.

166 2278 230 2309 446
254 2278 398 2320 Lataque
413 2279 557 2309 subducto

167 2332 230 2363 453
536 2332 692 2373 Prognide
704 2333 837 2372 perdidit
850 2330 952 2373 ignes:

167 2387 231 2417 455
538 2385 674 2417 Philtida
690 2395 812 2427 semper
829 2389 960 2419 amaret,

166 2439 230 2471 456
255 2439 388 2480 Calliope
404 2439 477 2470 fecit

167 2494 230 2525 463
255 2493 385 2525 Parc-iu:
398 2504 415 2525 e
432 2493 539 2525 multis

167 2548 230 2578 464
254 2548 358 2585 Quam
375 2559 436 2590 quae
451 2548 507 2589 (T.
524 2547 563 2579 C.
580 2553 650 2590 post
665 2548 824 2587 rasurum)

168 2602 232 2633 470
406 2604 477 2633 masi
494 2602 589 2634 flebat
603 2601 720 2643 ubique
733 2608 833 2642 pater.

169 2657 227 2688 471
534 2657 616 2688 bene
631 2656 778 2688 convenit
792 2657 852 2687 illi.

594 2767 607 2781 ³¹
632 2763 714 2803 Lege
733 2763 766 2792 li.»v
781 2766 812 2794 et
829 2772 934 2804 quaere
948 2765 1063 2792 cetera.
1109 2761 1147 2791 B.

1529 191 1569 221 27
