<?xml version="1.0" encoding="UTF-8"?>
<!DOCTYPE html PUBLIC "-//W3C//DTD XHTML 1.0 Transitional//EN"
    "http://www.w3.org/TR/xhtml1/DTD/xhtml1-transitional.dtd">
<html xmlns="http://www.w3.org/1999/xhtml" xml:lang="en" lang="en">
 <head>
  <title>
</title>
<meta http-equiv="Content-Type" content="text/html;charset=utf-8" />
  <meta name='ocr-system' content='tesseract 3.04.00' />
  <meta name='ocr-capabilities' content='ocr_page ocr_carea ocr_par ocr_line ocrx_word'/>
</head>
<body>
  <div class='ocr_page' id='page_1' title='image "./povidiinasonisop01oviduoft_0503.png"; bbox 0 0 1849 3198; ppageno 0'>
   <div class='ocr_carea' id='block_1_1' title="bbox 585 179 1612 222">
    <p class='ocr_par' dir='ltr' id='par_1_1' title="bbox 585 179 1612 222">
     <span class='ocr_line' id='line_1_1' title="bbox 585 179 1612 222; baseline -0.001 0"><span class='ocrx_word' id='word_1_1' title='bbox 585 179 868 222; x_wconf 85' lang='lat' dir='ltr'><strong>AMORUM</strong></span> <span class='ocrx_word' id='word_1_2' title='bbox 902 179 1021 220; x_wconf 91' lang='lat' dir='ltr'>LIB.</span> <span class='ocrx_word' id='word_1_3' title='bbox 1057 179 1146 220; x_wconf 84' lang='grc' dir='ltr'><strong>ΙΙΙ.</strong></span> <span class='ocrx_word' id='word_1_4' title='bbox 1176 181 1216 220; x_wconf 85' lang='grc'>7.</span> <span class='ocrx_word' id='word_1_5' title='bbox 1527 181 1612 221; x_wconf 80' lang='grc'>417</span> 
     </span>
    </p>
   </div>
   <div class='ocr_carea' id='block_1_2' title="bbox 217 295 1608 1360">
    <p class='ocr_par' dir='ltr' id='par_1_2' title="bbox 222 295 1586 434">
     <span class='ocr_line' id='line_1_2' title="bbox 222 295 1586 358; baseline 0.001 -17"><span class='ocrx_word' id='word_1_6' title='bbox 222 295 392 343; x_wconf 84' lang='lat' dir='ltr'>Fontis</span> <span class='ocrx_word' id='word_1_7' title='bbox 418 296 572 343; x_wconf 87' lang='lat' dir='ltr'>habes</span> <span class='ocrx_word' id='word_1_8' title='bbox 598 296 752 342; x_wconf 86' lang='lat' dir='ltr'>instar</span> <span class='ocrx_word' id='word_1_9' title='bbox 770 295 1087 358; x_wconf 77' lang='lat' dir='ltr'>pluviamque</span> <span class='ocrx_word' id='word_1_10' title='bbox 1112 295 1350 357; x_wconf 87' lang='lat' dir='ltr'>nivesque</span> <span class='ocrx_word' id='word_1_11' title='bbox 1377 295 1586 350; x_wconf 85' lang='lat' dir='ltr'>solutas;</span> 
     </span>
     <span class='ocr_line' id='line_1_3' title="bbox 287 371 1397 434; baseline 0 -16"><span class='ocrx_word' id='word_1_12' title='bbox 287 371 424 426; x_wconf 87' lang='lat' dir='ltr'>Quas</span> <span class='ocrx_word' id='word_1_13' title='bbox 449 371 538 418; x_wconf 92' lang='lat' dir='ltr'>tibi</span> <span class='ocrx_word' id='word_1_14' title='bbox 564 371 759 419; x_wconf 87' lang='lat' dir='ltr'>divitias</span> <span class='ocrx_word' id='word_1_15' title='bbox 785 371 927 434; x_wconf 84' lang='lat' dir='ltr'>pigra</span> <span class='ocrx_word' id='word_1_16' title='bbox 952 372 1198 419; x_wconf 82' lang='lat' dir='ltr'>ministrat</span> <span class='ocrx_word' id='word_1_17' title='bbox 1223 372 1397 418; x_wconf 90' lang='lat' dir='ltr'>hiems.</span> 
     </span>
    </p>

    <p class='ocr_par' dir='ltr' id='par_1_3' title="bbox 219 447 1607 588">
     <span class='ocr_line' id='line_1_4' title="bbox 219 447 1607 511; baseline 0 -17"><span class='ocrx_word' id='word_1_18' title='bbox 219 449 321 494; x_wconf 86' lang='lat' dir='ltr'>Aut</span> <span class='ocrx_word' id='word_1_19' title='bbox 344 448 615 495; x_wconf 89' lang='lat' dir='ltr'>lutulentus</span> <span class='ocrx_word' id='word_1_20' title='bbox 642 447 747 509; x_wconf 81' lang='lat' dir='ltr'>agis</span> <span class='ocrx_word' id='word_1_21' title='bbox 773 448 983 494; x_wconf 89' lang='lat' dir='ltr'>brumali</span> <span class='ocrx_word' id='word_1_22' title='bbox 1009 455 1232 511; x_wconf 89' lang='lat' dir='ltr'>tempore</span> <span class='ocrx_word' id='word_1_23' title='bbox 1257 464 1456 495; x_wconf 88' lang='lat' dir='ltr'>cursus:</span> <span class='ocrx_word' id='word_1_24' title='bbox 1545 452 1607 494; x_wconf 80' lang='lat'>95</span> 
     </span>
     <span class='ocr_line' id='line_1_5' title="bbox 285 524 1482 588; baseline 0 -18"><span class='ocrx_word' id='word_1_25' title='bbox 285 524 388 572; x_wconf 89' lang='lat' dir='ltr'>Aut</span> <span class='ocrx_word' id='word_1_26' title='bbox 407 525 590 588; x_wconf 88' lang='lat' dir='ltr'>premis</span> <span class='ocrx_word' id='word_1_27' title='bbox 617 532 838 571; x_wconf 79' lang='lat' dir='ltr'>arentem</span> <span class='ocrx_word' id='word_1_28' title='bbox 863 525 1235 588; x_wconf 83' lang='lat' dir='ltr'>pulverulentus</span> <span class='ocrx_word' id='word_1_29' title='bbox 1261 525 1482 570; x_wconf 85' lang='lat' dir='ltr'>humum.</span> 
     </span>
    </p>

    <p class='ocr_par' dir='ltr' id='par_1_4' title="bbox 219 600 1366 740">
     <span class='ocr_line' id='line_1_6' title="bbox 219 600 1366 664; baseline -0.001 -17"><span class='ocrx_word' id='word_1_30' title='bbox 219 600 343 654; x_wconf 85' lang='lat' dir='ltr'>Quis</span> <span class='ocrx_word' id='word_1_31' title='bbox 369 608 418 648; x_wconf 89' lang='lat' dir='ltr'>te</span> <span class='ocrx_word' id='word_1_32' title='bbox 443 608 548 648; x_wconf 83' lang='lat' dir='ltr'>tuin</span> <span class='ocrx_word' id='word_1_33' title='bbox 574 601 737 664; x_wconf 88' lang='lat' dir='ltr'>potuit</span> <span class='ocrx_word' id='word_1_34' title='bbox 761 601 933 648; x_wconf 87' lang='lat' dir='ltr'>sitiens</span> <span class='ocrx_word' id='word_1_35' title='bbox 959 601 1154 648; x_wconf 89' lang='lat' dir='ltr'>haurire</span> <span class='ocrx_word' id='word_1_36' title='bbox 1178 601 1366 648; x_wconf 82' lang='lat' dir='ltr'>viator?</span> 
     </span>
     <span class='ocr_line' id='line_1_7' title="bbox 285 677 1303 740; baseline 0.002 -17"><span class='ocrx_word' id='word_1_37' title='bbox 285 677 409 731; x_wconf 85' lang='lat' dir='ltr'>Quis</span> <span class='ocrx_word' id='word_1_38' title='bbox 434 679 576 740; x_wconf 73' lang='lat' dir='ltr'>grata</span> <span class='ocrx_word' id='word_1_39' title='bbox 601 677 729 724; x_wconf 85' lang='lat' dir='ltr'>dixit</span> <span class='ocrx_word' id='word_1_40' title='bbox 752 694 889 734; x_wconf 87' lang='lat' dir='ltr'>voce,</span> <span class='ocrx_word' id='word_1_41' title='bbox 917 678 1159 726; x_wconf 86' lang='lat' dir='ltr'>Perennis</span> <span class='ocrx_word' id='word_1_42' title='bbox 1185 679 1303 725; x_wconf 79' lang='lat' dir='ltr'>eas?</span> 
     </span>
    </p>

    <p class='ocr_par' dir='ltr' id='par_1_5' title="bbox 219 753 1608 890">
     <span class='ocr_line' id='line_1_8' title="bbox 219 753 1372 818; baseline 0.002 -19"><span class='ocrx_word' id='word_1_43' title='bbox 219 753 502 802; x_wconf 85' lang='lat' dir='ltr'>Damnosus</span> <span class='ocrx_word' id='word_1_44' title='bbox 527 754 693 818; x_wconf 91' lang='lat' dir='ltr'>pecori</span> <span class='ocrx_word' id='word_1_45' title='bbox 719 756 891 811; x_wconf 86' lang='lat' dir='ltr'>curris,</span> <span class='ocrx_word' id='word_1_46' title='bbox 918 756 1201 802; x_wconf 83' lang='lat' dir='ltr'>damnosior</span> <span class='ocrx_word' id='word_1_47' title='bbox 1225 755 1372 817; x_wconf 84' lang='lat' dir='ltr'>agris.</span> 
     </span>
     <span class='ocr_line' id='line_1_9' title="bbox 285 832 1608 890; baseline -0.003 -11"><span class='ocrx_word' id='word_1_48' title='bbox 285 832 510 879; x_wconf 84' lang='lat' dir='ltr'>Forsitan</span> <span class='ocrx_word' id='word_1_49' title='bbox 528 832 634 879; x_wconf 86' lang='lat' dir='ltr'>haec</span> <span class='ocrx_word' id='word_1_50' title='bbox 655 832 777 879; x_wconf 90' lang='lat' dir='ltr'>alios</span> <span class='ocrx_word' id='word_1_51' title='bbox 796 851 806 890; x_wconf 91' lang='lat'>;</span> <span class='ocrx_word' id='word_1_52' title='bbox 847 849 926 880; x_wconf 91' lang='lat' dir='ltr'>me</span> <span class='ocrx_word' id='word_1_53' title='bbox 942 848 1053 879; x_wconf 90' lang='lat' dir='ltr'>mea</span> <span class='ocrx_word' id='word_1_54' title='bbox 1072 833 1255 879; x_wconf 88' lang='lat' dir='ltr'>damna</span> <span class='ocrx_word' id='word_1_55' title='bbox 1272 838 1486 878; x_wconf 88' lang='lat' dir='ltr'>movent.</span> <span class='ocrx_word' id='word_1_56' title='bbox 1518 833 1608 876; x_wconf 85' lang='grc'>100</span> 
     </span>
    </p>

    <p class='ocr_par' dir='ltr' id='par_1_6' title="bbox 219 907 1607 1050">
     <span class='ocr_line' id='line_1_10' title="bbox 219 907 1607 973; baseline -0.003 -17"><span class='ocrx_word' id='word_1_57' title='bbox 219 908 350 956; x_wconf 84' lang='lat' dir='ltr'>Huic</span> <span class='ocrx_word' id='word_1_58' title='bbox 376 926 468 973; x_wconf 82' lang='lat' dir='ltr'>ego</span> <span class='ocrx_word' id='word_1_59' title='bbox 492 925 564 956; x_wconf 87' lang='lat' dir='ltr'>vae</span> <span class='ocrx_word' id='word_1_60' title='bbox 590 909 796 957; x_wconf 87' lang='lat' dir='ltr'>demens</span> <span class='ocrx_word' id='word_1_61' title='bbox 822 910 1082 958; x_wconf 86' lang='lat' dir='ltr'>narrabam</span> <span class='ocrx_word' id='word_1_62' title='bbox 1101 908 1359 955; x_wconf 87' lang='lat' dir='ltr'>fluminum</span> <span class='ocrx_word' id='word_1_63' title='bbox 1386 907 1607 954; x_wconf 83' lang='lat' dir='ltr'>amores?</span> 
     </span>
     <span class='ocr_line' id='line_1_11' title="bbox 281 985 1322 1050; baseline -0.002 -16"><span class='ocrx_word' id='word_1_64' title='bbox 281 985 312 1034; x_wconf 90' lang='lat' dir='ltr'><strong>J</strong></span> <span class='ocrx_word' id='word_1_65' title='bbox 317 993 510 1034; x_wconf 88' lang='lat' dir='ltr'>actasse</span> <span class='ocrx_word' id='word_1_66' title='bbox 535 986 738 1049; x_wconf 83' lang='lat' dir='ltr'>indigno</span> <span class='ocrx_word' id='word_1_67' title='bbox 764 988 966 1035; x_wconf 87' lang='lat' dir='ltr'>nomina</span> <span class='ocrx_word' id='word_1_68' title='bbox 989 994 1129 1035; x_wconf 87' lang='lat' dir='ltr'>tanta</span> <span class='ocrx_word' id='word_1_69' title='bbox 1152 986 1322 1050; x_wconf 88' lang='lat' dir='ltr'>pudet.</span> 
     </span>
    </p>

    <p class='ocr_par' dir='ltr' id='par_1_7' title="bbox 219 1062 1607 1204">
     <span class='ocr_line' id='line_1_12' title="bbox 219 1062 1607 1126; baseline -0.001 -17"><span class='ocrx_word' id='word_1_70' title='bbox 219 1063 404 1111; x_wconf 88' lang='lat' dir='ltr'>Nescio</span> <span class='ocrx_word' id='word_1_71' title='bbox 423 1063 544 1126; x_wconf 90' lang='lat' dir='ltr'>quid</span> <span class='ocrx_word' id='word_1_72' title='bbox 565 1071 815 1126; x_wconf 89' lang='lat' dir='ltr'>spectans,</span> <span class='ocrx_word' id='word_1_73' title='bbox 834 1066 1091 1113; x_wconf 91' lang='lat' dir='ltr'>Acheloon</span> <span class='ocrx_word' id='word_1_74' title='bbox 1113 1072 1162 1111; x_wconf 92' lang='lat' dir='ltr'>et</span> <span class='ocrx_word' id='word_1_75' title='bbox 1182 1062 1403 1110; x_wconf 87' lang='lat' dir='ltr'>Inachon</span> <span class='ocrx_word' id='word_1_76' title='bbox 1420 1077 1607 1115; x_wconf 83' lang='lat' dir='ltr'>amnes,</span> 
     </span>
     <span class='ocr_line' id='line_1_13' title="bbox 285 1139 1281 1204; baseline -0.002 -17"><span class='ocrx_word' id='word_1_77' title='bbox 285 1139 350 1187; x_wconf 90' lang='lat' dir='ltr'>Et</span> <span class='ocrx_word' id='word_1_78' title='bbox 374 1140 513 1204; x_wconf 89' lang='lat' dir='ltr'>potui</span> <span class='ocrx_word' id='word_1_79' title='bbox 538 1156 734 1197; x_wconf 90' lang='lat' dir='ltr'>nomen,</span> <span class='ocrx_word' id='word_1_80' title='bbox 765 1141 895 1198; x_wconf 90' lang='lat' dir='ltr'>Nile,</span> <span class='ocrx_word' id='word_1_81' title='bbox 917 1141 1097 1190; x_wconf 89' lang='lat' dir='ltr'>referre</span> <span class='ocrx_word' id='word_1_82' title='bbox 1123 1148 1281 1187; x_wconf 88' lang='lat' dir='ltr'>tuum.</span> 
     </span>
    </p>

    <p class='ocr_par' dir='ltr' id='par_1_8' title="bbox 217 1217 1606 1360">
     <span class='ocr_line' id='line_1_14' title="bbox 217 1217 1606 1282; baseline -0.004 -18"><span class='ocrx_word' id='word_1_83' title='bbox 217 1217 284 1264; x_wconf 87' lang='lat' dir='ltr'>At</span> <span class='ocrx_word' id='word_1_84' title='bbox 308 1217 397 1264; x_wconf 88' lang='lat' dir='ltr'>tibi</span> <span class='ocrx_word' id='word_1_85' title='bbox 424 1232 511 1280; x_wconf 87' lang='lat' dir='ltr'>pro</span> <span class='ocrx_word' id='word_1_86' title='bbox 536 1217 723 1264; x_wconf 87' lang='lat' dir='ltr'>meritis</span> <span class='ocrx_word' id='word_1_87' title='bbox 749 1226 882 1282; x_wconf 86' lang='lat' dir='ltr'>opto,</span> <span class='ocrx_word' id='word_1_88' title='bbox 911 1235 1009 1266; x_wconf 91' lang='lat' dir='ltr'>non</span> <span class='ocrx_word' id='word_1_89' title='bbox 1034 1217 1246 1265; x_wconf 88' lang='lat' dir='ltr'>candide</span> <span class='ocrx_word' id='word_1_90' title='bbox 1271 1224 1480 1269; x_wconf 89' lang='lat' dir='ltr'>torrens,</span> <span class='ocrx_word' id='word_1_91' title='bbox 1517 1217 1606 1260; x_wconf 80' lang='grc'>105</span> 
     </span>
     <span class='ocr_line' id='line_1_15' title="bbox 287 1293 1436 1360; baseline -0.001 -19"><span class='ocrx_word' id='word_1_92' title='bbox 287 1294 397 1341; x_wconf 85' lang='lat' dir='ltr'>Sint</span> <span class='ocrx_word' id='word_1_93' title='bbox 422 1293 579 1357; x_wconf 83' lang='lat' dir='ltr'>rapidi</span> <span class='ocrx_word' id='word_1_94' title='bbox 606 1295 751 1350; x_wconf 86' lang='lat' dir='ltr'>soles,</span> <span class='ocrx_word' id='word_1_95' title='bbox 780 1296 1015 1360; x_wconf 88' lang='lat' dir='ltr'>siccaque</span> <span class='ocrx_word' id='word_1_96' title='bbox 1041 1310 1237 1358; x_wconf 87' lang='lat' dir='ltr'>semper</span> <span class='ocrx_word' id='word_1_97' title='bbox 1262 1293 1436 1340; x_wconf 90' lang='lat' dir='ltr'>hiems.</span> 
     </span>
    </p>
   </div>
   <div class='ocr_carea' id='block_1_3' title="bbox 535 1455 760 1462">
    <p class='ocr_par' dir='ltr' id='par_1_9' title="bbox 535 1455 760 1462">
     <span class='ocr_line' id='line_1_16' title="bbox 535 1455 760 1462; baseline 0 1736"><span class='ocrx_word' id='word_1_98' title='bbox 535 1455 760 1462; x_wconf 95' lang='lat' dir='ltr'> </span> 
     </span>
    </p>
   </div>
   <div class='ocr_carea' id='block_1_4' title="bbox 686 1550 1144 1599">
    <p class='ocr_par' dir='ltr' id='par_1_10' title="bbox 686 1550 1144 1599">
     <span class='ocr_line' id='line_1_17' title="bbox 686 1550 1144 1599; baseline -0.007 0"><span class='ocrx_word' id='word_1_99' title='bbox 686 1551 987 1599; x_wconf 88' lang='lat' dir='ltr'><strong>ELEGIA</strong></span> <span class='ocrx_word' id='word_1_100' title='bbox 1025 1550 1144 1597; x_wconf 84' lang='lat' dir='ltr'>VII.</span> 
     </span>
    </p>
   </div>
   <div class='ocr_carea' id='block_1_5' title="bbox 219 1652 1488 1719">
    <p class='ocr_par' dir='ltr' id='par_1_11' title="bbox 219 1652 1488 1719">
     <span class='ocr_line' id='line_1_18' title="bbox 219 1652 1488 1719; baseline -0.002 -18"><span class='ocrx_word' id='word_1_101' title='bbox 219 1654 286 1701; x_wconf 83' lang='lat' dir='ltr'>At</span> <span class='ocrx_word' id='word_1_102' title='bbox 310 1670 408 1701; x_wconf 89' lang='lat' dir='ltr'>non</span> <span class='ocrx_word' id='word_1_103' title='bbox 434 1654 648 1702; x_wconf 85' lang='lat' dir='ltr'>formosa</span> <span class='ocrx_word' id='word_1_104' title='bbox 672 1660 763 1708; x_wconf 90' lang='lat' dir='ltr'>est,</span> <span class='ocrx_word' id='word_1_105' title='bbox 791 1660 841 1699; x_wconf 84' lang='lat' dir='ltr'>at</span> <span class='ocrx_word' id='word_1_106' title='bbox 866 1669 964 1700; x_wconf 93' lang='lat' dir='ltr'>non</span> <span class='ocrx_word' id='word_1_107' title='bbox 991 1653 1117 1701; x_wconf 91' lang='lat' dir='ltr'>bene</span> <span class='ocrx_word' id='word_1_108' title='bbox 1143 1655 1278 1702; x_wconf 88' lang='lat' dir='ltr'>culta</span> <span class='ocrx_word' id='word_1_109' title='bbox 1301 1652 1488 1719; x_wconf 83' lang='lat' dir='ltr'>puella;</span> 
     </span>
    </p>
   </div>
   <div class='ocr_carea' id='block_1_6' title="bbox 219 1729 1585 1860">
    <p class='ocr_par' dir='ltr' id='par_1_12' title="bbox 219 1729 1585 1860">
     <span class='ocr_line' id='line_1_19' title="bbox 285 1729 1324 1794; baseline 0 -16"><span class='ocrx_word' id='word_1_110' title='bbox 285 1730 369 1786; x_wconf 92' lang='lat' dir='ltr'>At,</span> <span class='ocrx_word' id='word_1_111' title='bbox 395 1739 533 1794; x_wconf 89' lang='lat' dir='ltr'>puto,</span> <span class='ocrx_word' id='word_1_112' title='bbox 562 1746 659 1777; x_wconf 91' lang='lat' dir='ltr'>non</span> <span class='ocrx_word' id='word_1_113' title='bbox 684 1729 809 1776; x_wconf 86' lang='lat' dir='ltr'>votis</span> <span class='ocrx_word' id='word_1_114' title='bbox 835 1745 970 1793; x_wconf 86' lang='lat' dir='ltr'>saepe</span> <span class='ocrx_word' id='word_1_115' title='bbox 997 1730 1154 1793; x_wconf 86' lang='lat' dir='ltr'>petita</span> <span class='ocrx_word' id='word_1_116' title='bbox 1178 1731 1324 1778; x_wconf 90' lang='lat' dir='ltr'>meis!</span> 
     </span>
     <span class='ocr_line' id='line_1_20' title="bbox 219 1795 1585 1860; baseline -0.004 -16"><span class='ocrx_word' id='word_1_117' title='bbox 219 1795 364 1844; x_wconf 90' lang='lat' dir='ltr'>Hanc</span> <span class='ocrx_word' id='word_1_118' title='bbox 389 1805 557 1845; x_wconf 89' lang='lat' dir='ltr'>tamen</span> <span class='ocrx_word' id='word_1_119' title='bbox 582 1798 632 1843; x_wconf 89' lang='lat' dir='ltr'>in</span> <span class='ocrx_word' id='word_1_120' title='bbox 657 1796 818 1842; x_wconf 91' lang='lat' dir='ltr'>nullos</span> <span class='ocrx_word' id='word_1_121' title='bbox 843 1795 978 1843; x_wconf 89' lang='lat' dir='ltr'>tenui</span> <span class='ocrx_word' id='word_1_122' title='bbox 1005 1797 1133 1844; x_wconf 88' lang='lat' dir='ltr'>male</span> <span class='ocrx_word' id='word_1_123' title='bbox 1157 1797 1422 1860; x_wconf 79' lang='lat' dir='ltr'>languidus</span> <span class='ocrx_word' id='word_1_124' title='bbox 1450 1811 1585 1849; x_wconf 73' lang='lat' dir='ltr'>usus,</span> 
     </span>
    </p>
   </div>
   <div class='ocr_carea' id='block_1_7' title="bbox 288 1871 1319 1936">
    <p class='ocr_par' dir='ltr' id='par_1_13' title="bbox 288 1871 1319 1936">
     <span class='ocr_line' id='line_1_21' title="bbox 288 1871 1319 1936; baseline -0.001 -15"><span class='ocrx_word' id='word_1_125' title='bbox 288 1873 390 1921; x_wconf 86' lang='lat' dir='ltr'>Sed</span> <span class='ocrx_word' id='word_1_126' title='bbox 410 1873 544 1936; x_wconf 83' lang='lat' dir='ltr'>jacui</span> <span class='ocrx_word' id='word_1_127' title='bbox 572 1873 712 1936; x_wconf 79' lang='lat' dir='ltr'>pigro</span> <span class='ocrx_word' id='word_1_128' title='bbox 739 1871 924 1919; x_wconf 87' lang='lat' dir='ltr'>crimen</span> <span class='ocrx_word' id='word_1_129' title='bbox 944 1888 1169 1936; x_wconf 88' lang='lat' dir='ltr'>onusque</span> <span class='ocrx_word' id='word_1_130' title='bbox 1195 1880 1319 1920; x_wconf 80' lang='lat' dir='ltr'>toro,</span> 
     </span>
    </p>
   </div>
   <div class='ocr_carea' id='block_1_8' title="bbox 217 2034 1613 2223">
    <p class='ocr_par' dir='ltr' id='par_1_14' title="bbox 217 2034 1613 2223">
     <span class='ocr_line' id='line_1_22' title="bbox 259 2034 1612 2075; baseline -0.001 -11"><span class='ocrx_word' id='word_1_131' title='bbox 259 2034 313 2065; x_wconf 89' lang='grc'>97.</span> <span class='ocrx_word' id='word_1_132' title='bbox 338 2034 413 2069; x_wconf 73' lang='lat' dir='ltr'>Quis</span> <span class='ocrx_word' id='word_1_133' title='bbox 440 2040 467 2064; x_wconf 82' lang='lat' dir='ltr'>te</span> <span class='ocrx_word' id='word_1_134' title='bbox 494 2045 625 2075; x_wconf 78' lang='lat' dir='ltr'>unquam</span> <span class='ocrx_word' id='word_1_135' title='bbox 648 2034 778 2074; x_wconf 72' lang='lat' dir='ltr'>poluit-J</span> <span class='ocrx_word' id='word_1_136' title='bbox 808 2034 882 2068; x_wconf 70' lang='lat' dir='ltr'>Quis</span> <span class='ocrx_word' id='word_1_137' title='bbox 997 2035 1126 2066; x_wconf 76' lang='lat' dir='ltr'>Mantua</span> <span class='ocrx_word' id='word_1_138' title='bbox 1158 2047 1196 2065; x_wconf 62' lang='lat' dir='ltr'>1*oe</span> <span class='ocrx_word' id='word_1_139' title='bbox 1224 2038 1333 2066; x_wconf 64' lang='lat' dir='ltr'>misera*</span> <span class='ocrx_word' id='word_1_140' title='bbox 1357 2035 1484 2063; x_wconf 75' lang='lat' dir='ltr'>nimium</span> <span class='ocrx_word' id='word_1_141' title='bbox 1512 2034 1612 2062; x_wconf 77' lang='lat' dir='ltr'>vicina</span> 
     </span>
     <span class='ocr_line' id='line_1_23' title="bbox 217 2083 1198 2125; baseline 0.001 -12"><span class='ocrx_word' id='word_1_142' title='bbox 217 2090 245 2114; x_wconf 76' lang='lat' dir='ltr'>te</span> <span class='ocrx_word' id='word_1_143' title='bbox 261 2090 324 2113; x_wconf 80' lang='lat' dir='ltr'>tum</span> <span class='ocrx_word' id='word_1_144' title='bbox 337 2085 435 2123; x_wconf 77' lang='lat' dir='ltr'>potuit</span> <span class='ocrx_word' id='word_1_145' title='bbox 452 2084 643 2115; x_wconf 84' lang='lat' dir='ltr'>Puteaneus.</span> <span class='ocrx_word' id='word_1_146' title='bbox 667 2084 775 2125; x_wconf 85' lang='lat' dir='ltr'>probe.</span> <span class='ocrx_word' id='word_1_147' title='bbox 800 2083 882 2114; x_wconf 79' lang='lat' dir='ltr'>aesti-</span> <span class='ocrx_word' id='word_1_148' title='bbox 1039 2084 1198 2114; x_wconf 77' lang='lat' dir='ltr'>Cremomr.</span> 
     </span>
     <span class='ocr_line' id='line_1_24' title="bbox 219 2130 1613 2175; baseline -0.001 -14"><span class='ocrx_word' id='word_1_149' title='bbox 219 2143 257 2163; x_wconf 92' lang='lat' dir='ltr'>vo</span> <span class='ocrx_word' id='word_1_150' title='bbox 272 2138 410 2173; x_wconf 86' lang='lat' dir='ltr'>tempore</span> <span class='ocrx_word' id='word_1_151' title='bbox 425 2131 583 2168; x_wconf 85' lang='lat' dir='ltr'>nimirum,</span> <span class='ocrx_word' id='word_1_152' title='bbox 598 2131 724 2173; x_wconf 85' lang='lat' dir='ltr'>quando</span> <span class='ocrx_word' id='word_1_153' title='bbox 744 2138 882 2162; x_wconf 86' lang='lat' dir='ltr'>arentem</span> <span class='ocrx_word' id='word_1_154' title='bbox 956 2133 1001 2163; x_wconf 77' lang='lat' dir='ltr'>I&#39;oe</span> <span class='ocrx_word' id='word_1_155' title='bbox 1016 2133 1099 2163; x_wconf 84' lang='lat' dir='ltr'>enim</span> <span class='ocrx_word' id='word_1_156' title='bbox 1115 2132 1270 2175; x_wconf 85' lang='lat' dir='ltr'>particula</span> <span class='ocrx_word' id='word_1_157' title='bbox 1284 2133 1336 2171; x_wconf 86' lang='lat' dir='ltr'>(ut</span> <span class='ocrx_word' id='word_1_158' title='bbox 1351 2131 1443 2161; x_wconf 83' lang='lat' dir='ltr'>docet</span> <span class='ocrx_word' id='word_1_159' title='bbox 1458 2130 1543 2161; x_wconf 80' lang='lat' dir='ltr'>Gen.</span> <span class='ocrx_word' id='word_1_160' title='bbox 1558 2130 1613 2160; x_wconf 88' lang='lat' dir='ltr'>lib.</span> 
     </span>
     <span class='ocr_line' id='line_1_25' title="bbox 219 2179 1612 2223; baseline -0.002 -11"><span class='ocrx_word' id='word_1_161' title='bbox 219 2181 348 2212; x_wconf 84' lang='lat' dir='ltr'>humum</span> <span class='ocrx_word' id='word_1_162' title='bbox 364 2181 601 2223; x_wconf 84' lang='lat' dir='ltr'>pulverulentus</span> <span class='ocrx_word' id='word_1_163' title='bbox 616 2180 740 2222; x_wconf 78' lang='lat' dir='ltr'>premiS.</span> <span class='ocrx_word' id='word_1_164' title='bbox 764 2180 883 2211; x_wconf 74' lang='lat' dir='ltr'>mes.</span> <span class='ocrx_word' id='word_1_165' title='bbox 952 2194 981 2212; x_wconf 89' lang='grc' dir='ltr'>ν.</span> <span class='ocrx_word' id='word_1_166' title='bbox 997 2182 1146 2213; x_wconf 78' lang='lat' dir='ltr'>Noctium</span> <span class='ocrx_word' id='word_1_167' title='bbox 1162 2179 1355 2220; x_wconf 82' lang='lat' dir='ltr'>Atticarum)</span> <span class='ocrx_word' id='word_1_168' title='bbox 1379 2179 1535 2210; x_wconf 86' lang='lat' dir='ltr'>interdum</span> <span class='ocrx_word' id='word_1_169' title='bbox 1559 2190 1612 2210; x_wconf 84' lang='lat' dir='ltr'>au-</span> 
     </span>
    </p>
   </div>
   <div class='ocr_carea' id='block_1_9' title="bbox 215 2228 1618 2661">
    <p class='ocr_par' dir='ltr' id='par_1_15' title="bbox 215 2228 1615 2563">
     <span class='ocr_line' id='line_1_26' title="bbox 259 2228 1614 2271; baseline -0.002 -11"><span class='ocrx_word' id='word_1_170' title='bbox 259 2231 313 2261; x_wconf 84' lang='lat'>99.</span> <span class='ocrx_word' id='word_1_171' title='bbox 339 2230 507 2261; x_wconf 84' lang='lat' dir='ltr'>Damnosus</span> <span class='ocrx_word' id='word_1_172' title='bbox 520 2231 619 2269; x_wconf 84' lang='lat' dir='ltr'>pecori</span> <span class='ocrx_word' id='word_1_173' title='bbox 634 2231 744 2263; x_wconf 76' lang='lat' dir='ltr'>curris,</span> <span class='ocrx_word' id='word_1_174' title='bbox 761 2231 883 2259; x_wconf 78' lang='lat' dir='ltr'>danmo-</span> <span class='ocrx_word' id='word_1_175' title='bbox 951 2236 1014 2271; x_wconf 83' lang='lat' dir='ltr'>get,</span> <span class='ocrx_word' id='word_1_176' title='bbox 1031 2231 1187 2261; x_wconf 81' lang='lat' dir='ltr'>interdum</span> <span class='ocrx_word' id='word_1_177' title='bbox 1199 2229 1331 2260; x_wconf 84' lang='lat' dir='ltr'>minuit:</span> <span class='ocrx_word' id='word_1_178' title='bbox 1359 2228 1431 2259; x_wconf 79' lang='lat' dir='ltr'>inde</span> <span class='ocrx_word' id='word_1_179' title='bbox 1448 2230 1614 2262; x_wconf 65' lang='lat' dir='ltr'>uehemens,</span> 
     </span>
     <span class='ocr_line' id='line_1_27' title="bbox 215 2277 1614 2322; baseline -0.001 -13"><span class='ocrx_word' id='word_1_180' title='bbox 215 2281 275 2309; x_wconf 76' lang='lat' dir='ltr'>sior</span> <span class='ocrx_word' id='word_1_181' title='bbox 297 2279 407 2321; x_wconf 63' lang='lat' dir='ltr'>agris]</span> <span class='ocrx_word' id='word_1_182' title='bbox 435 2278 611 2310; x_wconf 86' lang='lat' dir='ltr'>Comment.</span> <span class='ocrx_word' id='word_1_183' title='bbox 635 2278 673 2309; x_wconf 86' lang='lat' dir='ltr'>de</span> <span class='ocrx_word' id='word_1_184' title='bbox 697 2285 771 2319; x_wconf 88' lang='lat' dir='ltr'>potu</span> <span class='ocrx_word' id='word_1_185' title='bbox 796 2278 881 2309; x_wconf 85' lang='lat' dir='ltr'>noci-</span> <span class='ocrx_word' id='word_1_186' title='bbox 952 2282 1120 2322; x_wconf 72' lang='lat' dir='ltr'>voegrunde,</span> <span class='ocrx_word' id='word_1_187' title='bbox 1150 2290 1286 2315; x_wconf 70' lang='grc' dir='ltr'><em>νιεεαηοε,</em></span> <span class='ocrx_word' id='word_1_188' title='bbox 1309 2284 1340 2309; x_wconf 80' lang='lat' dir='ltr'>et</span> <span class='ocrx_word' id='word_1_189' title='bbox 1369 2280 1512 2308; x_wconf 68' lang='lat' dir='ltr'>vacordes</span> <span class='ocrx_word' id='word_1_190' title='bbox 1537 2277 1614 2308; x_wconf 84' lang='lat' dir='ltr'>dici·</span> 
     </span>
     <span class='ocr_line' id='line_1_28' title="bbox 219 2327 1231 2369; baseline 0 -10"><span class='ocrx_word' id='word_1_191' title='bbox 219 2338 267 2364; x_wconf 83' lang='lat' dir='ltr'>vo,</span> <span class='ocrx_word' id='word_1_192' title='bbox 283 2334 315 2359; x_wconf 86' lang='lat' dir='ltr'>et</span> <span class='ocrx_word' id='word_1_193' title='bbox 330 2327 413 2369; x_wconf 92' lang='lat' dir='ltr'>quod</span> <span class='ocrx_word' id='word_1_194' title='bbox 429 2338 467 2359; x_wconf 87' lang='lat' dir='ltr'>ex</span> <span class='ocrx_word' id='word_1_195' title='bbox 483 2339 519 2359; x_wconf 84' lang='lat' dir='ltr'>eo</span> <span class='ocrx_word' id='word_1_196' title='bbox 541 2327 573 2358; x_wconf 88' lang='lat' dir='ltr'>in</span> <span class='ocrx_word' id='word_1_197' title='bbox 598 2328 719 2358; x_wconf 86' lang='lat' dir='ltr'>morbos</span> <span class='ocrx_word' id='word_1_198' title='bbox 744 2327 884 2358; x_wconf 80' lang='lat' dir='ltr'>incidant</span> <span class='ocrx_word' id='word_1_199' title='bbox 952 2339 1032 2359; x_wconf 84' lang='lat' dir='ltr'>mus.</span> <span class='ocrx_word' id='word_1_200' title='bbox 1079 2329 1231 2359; x_wconf 66' lang='lat' dir='ltr'>Mmurs.</span> 
     </span>
     <span class='ocr_line' id='line_1_29' title="bbox 219 2375 1614 2419; baseline -0.002 -11"><span class='ocrx_word' id='word_1_201' title='bbox 219 2387 348 2419; x_wconf 81' lang='lat' dir='ltr'>pecora:</span> <span class='ocrx_word' id='word_1_202' title='bbox 373 2376 428 2407; x_wconf 83' lang='lat' dir='ltr'>sed</span> <span class='ocrx_word' id='word_1_203' title='bbox 444 2377 570 2407; x_wconf 84' lang='lat' dir='ltr'>fortasse</span> <span class='ocrx_word' id='word_1_204' title='bbox 584 2376 682 2417; x_wconf 79' lang='lat' dir='ltr'>magis</span> <span class='ocrx_word' id='word_1_205' title='bbox 698 2376 736 2407; x_wconf 81' lang='lat' dir='ltr'>de</span> <span class='ocrx_word' id='word_1_206' title='bbox 753 2376 884 2407; x_wconf 78' lang='lat' dir='ltr'>&#39;munda-</span> <span class='ocrx_word' id='word_1_207' title='bbox 1000 2378 1070 2408; x_wconf 87' lang='grc'><strong>106.</strong></span> <span class='ocrx_word' id='word_1_208' title='bbox 1097 2377 1211 2417; x_wconf 78' lang='lat' dir='ltr'>Rapidi</span> <span class='ocrx_word' id='word_1_209' title='bbox 1228 2376 1326 2416; x_wconf 68' lang='lat' dir='ltr'>soles]</span> <span class='ocrx_word' id='word_1_210' title='bbox 1353 2376 1464 2406; x_wconf 81' lang='lat' dir='ltr'>Rabidi</span> <span class='ocrx_word' id='word_1_211' title='bbox 1488 2375 1614 2417; x_wconf 80' lang='lat' dir='ltr'>Neapo-</span> 
     </span>
     <span class='ocr_line' id='line_1_30' title="bbox 219 2424 1615 2467; baseline -0.002 -11"><span class='ocrx_word' id='word_1_212' title='bbox 219 2428 302 2457; x_wconf 82' lang='lat' dir='ltr'>tione</span> <span class='ocrx_word' id='word_1_213' title='bbox 317 2425 509 2457; x_wconf 84' lang='lat' dir='ltr'>stabulorum</span> <span class='ocrx_word' id='word_1_214' title='bbox 524 2432 556 2456; x_wconf 86' lang='lat' dir='ltr'>et</span> <span class='ocrx_word' id='word_1_215' title='bbox 570 2435 755 2467; x_wconf 88' lang='lat' dir='ltr'>pascuorum</span> <span class='ocrx_word' id='word_1_216' title='bbox 769 2425 884 2456; x_wconf 79' lang='lat' dir='ltr'>intelli·</span> <span class='ocrx_word' id='word_1_217' title='bbox 952 2425 1042 2456; x_wconf 82' lang='lat' dir='ltr'>litan.</span> <span class='ocrx_word' id='word_1_218' title='bbox 1073 2425 1128 2456; x_wconf 82' lang='lat' dir='ltr'>sed</span> <span class='ocrx_word' id='word_1_219' title='bbox 1153 2432 1182 2456; x_wconf 81' lang='lat' dir='ltr'>et</span> <span class='ocrx_word' id='word_1_220' title='bbox 1206 2426 1333 2465; x_wconf 80' lang='lat' dir='ltr'>rapidus</span> <span class='ocrx_word' id='word_1_221' title='bbox 1353 2426 1395 2454; x_wconf 79' lang='lat' dir='ltr'>sol</span> <span class='ocrx_word' id='word_1_222' title='bbox 1417 2430 1519 2465; x_wconf 82' lang='lat' dir='ltr'>potest</span> <span class='ocrx_word' id='word_1_223' title='bbox 1541 2424 1615 2458; x_wconf 83' lang='lat' dir='ltr'>dici,</span> 
     </span>
     <span class='ocr_line' id='line_1_31' title="bbox 219 2472 1614 2516; baseline -0.003 -11"><span class='ocrx_word' id='word_1_224' title='bbox 219 2474 367 2516; x_wconf 84' lang='lat' dir='ltr'>gendum.</span> <span class='ocrx_word' id='word_1_225' title='bbox 412 2474 450 2504; x_wconf 87' lang='lat' dir='ltr'>In</span> <span class='ocrx_word' id='word_1_226' title='bbox 475 2474 665 2515; x_wconf 80' lang='lat' dir='ltr'>quibusdam</span> <span class='ocrx_word' id='word_1_227' title='bbox 689 2474 783 2505; x_wconf 84' lang='lat' dir='ltr'>etiam</span> <span class='ocrx_word' id='word_1_228' title='bbox 807 2473 884 2514; x_wconf 84' lang='lat' dir='ltr'>legi·</span> <span class='ocrx_word' id='word_1_229' title='bbox 953 2474 1028 2515; x_wconf 87' lang='lat' dir='ltr'>quia</span> <span class='ocrx_word' id='word_1_230' title='bbox 1051 2474 1153 2504; x_wconf 82' lang='lat' dir='ltr'>calore</span> <span class='ocrx_word' id='word_1_231' title='bbox 1185 2484 1240 2504; x_wconf 86' lang='lat' dir='ltr'>suo</span> <span class='ocrx_word' id='word_1_232' title='bbox 1269 2472 1373 2503; x_wconf 88' lang='lat' dir='ltr'>omnia</span> <span class='ocrx_word' id='word_1_233' title='bbox 1399 2472 1491 2513; x_wconf 78' lang='lat' dir='ltr'>rapit,</span> <span class='ocrx_word' id='word_1_234' title='bbox 1513 2478 1547 2502; x_wconf 88' lang='lat' dir='ltr'>ut</span> <span class='ocrx_word' id='word_1_235' title='bbox 1572 2472 1614 2502; x_wconf 76' lang='lat' dir='ltr'>ita</span> 
     </span>
     <span class='ocr_line' id='line_1_32' title="bbox 221 2521 1615 2563; baseline -0.004 -9"><span class='ocrx_word' id='word_1_236' title='bbox 221 2530 287 2555; x_wconf 85' lang='lat' dir='ltr'>tur:</span> <span class='ocrx_word' id='word_1_237' title='bbox 955 2521 1069 2563; x_wconf 82' lang='lat' dir='ltr'>Virgil.</span> <span class='ocrx_word' id='word_1_238' title='bbox 1084 2523 1127 2552; x_wconf 88' lang='lat' dir='ltr'>iv.</span> <span class='ocrx_word' id='word_1_239' title='bbox 1140 2523 1254 2563; x_wconf 83' lang='lat' dir='ltr'>Georg.</span> <span class='ocrx_word' id='word_1_240' title='bbox 1270 2521 1343 2552; x_wconf 80' lang='lat'>425.</span> <span class='ocrx_word' id='word_1_241' title='bbox 1358 2523 1497 2560; x_wconf 74' lang='lat' dir='ltr'>rapidum</span> <span class='ocrx_word' id='word_1_242' title='bbox 1511 2523 1615 2551; x_wconf 80' lang='lat' dir='ltr'>sirium</span> 
     </span>
    </p>

    <p class='ocr_par' dir='ltr' id='par_1_16' title="bbox 268 2571 1618 2613">
     <span class='ocr_line' id='line_1_33' title="bbox 268 2571 1618 2613; baseline -0.002 -12"><span class='ocrx_word' id='word_1_243' title='bbox 268 2572 435 2602; x_wconf 81' lang='lat' dir='ltr'>Damnosus</span> <span class='ocrx_word' id='word_1_244' title='bbox 462 2573 572 2611; x_wconf 81' lang='lat' dir='ltr'>pecori,</span> <span class='ocrx_word' id='word_1_245' title='bbox 602 2573 692 2602; x_wconf 78' lang='lat' dir='ltr'>cultis</span> <span class='ocrx_word' id='word_1_246' title='bbox 721 2573 887 2602; x_wconf 70' lang='lat' dir='ltr'>(luminosior</span> <span class='ocrx_word' id='word_1_247' title='bbox 954 2571 1046 2602; x_wconf 78' lang='lat' dir='ltr'>dixit.</span> <span class='ocrx_word' id='word_1_248' title='bbox 1071 2578 1102 2603; x_wconf 81' lang='lat' dir='ltr'>et</span> <span class='ocrx_word' id='word_1_249' title='bbox 1117 2574 1229 2612; x_wconf 80' lang='lat' dir='ltr'>rapida’</span> <span class='ocrx_word' id='word_1_250' title='bbox 1242 2573 1385 2613; x_wconf 76' lang='lat' dir='ltr'>flammoe,</span> <span class='ocrx_word' id='word_1_251' title='bbox 1401 2572 1525 2610; x_wconf 79' lang='lat' dir='ltr'>rapidus</span> <span class='ocrx_word' id='word_1_252' title='bbox 1540 2572 1618 2611; x_wconf 71' lang='lat' dir='ltr'>iguis</span> 
     </span>
    </p>

    <p class='ocr_par' dir='ltr' id='par_1_17' title="bbox 310 2620 1615 2661">
     <span class='ocr_line' id='line_1_34' title="bbox 310 2620 1615 2661; baseline -0.001 -11"><span class='ocrx_word' id='word_1_253' title='bbox 310 2621 405 2661; x_wconf 79' lang='lat' dir='ltr'>agris.</span> <span class='ocrx_word' id='word_1_254' title='bbox 717 2621 843 2650; x_wconf 54' lang='lat' dir='ltr'>Mna-1..</span> <span class='ocrx_word' id='word_1_255' title='bbox 957 2621 1070 2661; x_wconf 85' lang='lat' dir='ltr'>passim</span> <span class='ocrx_word' id='word_1_256' title='bbox 1101 2621 1258 2652; x_wconf 74' lang='lat' dir='ltr'>dicuntur.</span> <span class='ocrx_word' id='word_1_257' title='bbox 1297 2621 1359 2650; x_wconf 58' lang='lat' dir='ltr'>vid.</span> <span class='ocrx_word' id='word_1_258' title='bbox 1393 2620 1443 2650; x_wconf 86' lang='lat' dir='ltr'>vii.</span> <span class='ocrx_word' id='word_1_259' title='bbox 1483 2620 1615 2649; x_wconf 75' lang='lat' dir='ltr'>Metam.</span> 
     </span>
    </p>
   </div>
   <div class='ocr_carea' id='block_1_10' title="bbox 224 2668 1194 2758">
    <p class='ocr_par' dir='ltr' id='par_1_18' title="bbox 224 2668 1194 2758">
     <span class='ocr_line' id='line_1_35' title="bbox 273 2668 1194 2708; baseline 0 -10"><span class='ocrx_word' id='word_1_260' title='bbox 273 2669 345 2699; x_wconf 86' lang='lat' dir='ltr'>lOl.</span> <span class='ocrx_word' id='word_1_261' title='bbox 366 2668 413 2698; x_wconf 75' lang='lat' dir='ltr'>1&#39;ae</span> <span class='ocrx_word' id='word_1_262' title='bbox 429 2668 574 2708; x_wconf 64' lang='lat' dir='ltr'>demens]</span> <span class='ocrx_word' id='word_1_263' title='bbox 594 2668 638 2698; x_wconf 75' lang='lat' dir='ltr'>l&#39;oe</span> <span class='ocrx_word' id='word_1_264' title='bbox 653 2670 779 2703; x_wconf 57' lang='lat' dir='ltr'>demens,</span> <span class='ocrx_word' id='word_1_265' title='bbox 796 2668 886 2697; x_wconf 76' lang='lat' dir='ltr'>valde</span> <span class='ocrx_word' id='word_1_266' title='bbox 958 2669 1031 2698; x_wconf 76' lang='lat'>327.</span> <span class='ocrx_word' id='word_1_267' title='bbox 1082 2670 1194 2698; x_wconf 69' lang='lat' dir='ltr'>Brun.</span> 
     </span>
     <span class='ocr_line' id='line_1_36' title="bbox 224 2716 801 2758; baseline -0.002 -10"><span class='ocrx_word' id='word_1_268' title='bbox 224 2718 366 2748; x_wconf 79' lang='lat' dir='ltr'>demens.</span> <span class='ocrx_word' id='word_1_269' title='bbox 394 2723 427 2747; x_wconf 77' lang='lat' dir='ltr'>ut</span> <span class='ocrx_word' id='word_1_270' title='bbox 444 2716 526 2758; x_wconf 79' lang='lat' dir='ltr'>apud</span> <span class='ocrx_word' id='word_1_271' title='bbox 546 2716 657 2757; x_wconf 65' lang='lat' dir='ltr'>virgil.</span> <span class='ocrx_word' id='word_1_272' title='bbox 677 2718 705 2747; x_wconf 81' lang='lat' dir='ltr'>in</span> <span class='ocrx_word' id='word_1_273' title='bbox 725 2719 801 2747; x_wconf 76' lang='lat' dir='ltr'>Bne.</span> 
     </span>
    </p>
   </div>
   <div class='ocr_carea' id='block_1_11' title="bbox 311 2771 1090 2801">
    <p class='ocr_par' dir='ltr' id='par_1_19' title="bbox 311 2771 1090 2801">
     <span class='ocr_line' id='line_1_37' title="bbox 311 2771 1090 2801; baseline -0.003 0"><span class='ocrx_word' id='word_1_274' title='bbox 311 2771 409 2801; x_wconf 73' lang='lat' dir='ltr'>VOL.</span> <span class='ocrx_word' id='word_1_275' title='bbox 436 2771 461 2800; x_wconf 93' lang='lat'>1.</span> <span class='ocrx_word' id='word_1_276' title='bbox 1035 2771 1059 2800; x_wconf 77' lang='lat' dir='ltr'>E</span> <span class='ocrx_word' id='word_1_277' title='bbox 1075 2782 1090 2799; x_wconf 75' lang='lat' dir='ltr'>e</span> 
     </span>
    </p>
   </div>
  </div>
 </body>
</html>
