1849 3198
630 275 975 318 HEROIDES.
1008 276 1100 316 ΕΡ.
1131 275 1268 317 XIV.

1555 280 1640 321 175

249 390 351 439 Aut
375 393 462 449 sic,
490 399 574 440 aut
597 393 746 441 etiam
770 391 948 439 tremui
973 392 1148 454 magis.
1187 393 1295 457 ipse
1314 393 1537 456 jacebas,

316 470 542 535 Quaeque
566 471 656 518 tibi
681 470 922 517 dederant
944 470 1073 525 vina,
1101 470 1290 533 soporis
1316 479 1473 520 erant.

251 546 532 596 Excussere
557 556 744 596 metum
767 547 968 595 violenti
988 548 1131 611 jussa
1154 549 1371 610 parentis
1390 567 1400 605 3

316 624 518 688 Erigor3
560 633 609 673 et
633 625 776 689 capio
802 625 902 672 tela
926 631 1169 672 tremente
1195 640 1361 672 manu.

250 701 365 749 Non
391 720 483 766 ego
507 703 633 750 falsa
655 704 845 766 loquar.
884 710 959 750 ter
984 710 1183 750 acutum
1210 703 1410 750 sustulit
1433 719 1619 760 ensem,

314 779 411 827 Ter
434 781 562 827 male
587 780 782 827 sublato
807 779 984 827 recidit
1008 796 1127 827 ense
1152 796 1344 827 manus.

1573 784 1637 829 46

250 855 484 917 [Admovi
502 857 706 921 jugu103
749 857 854 904 sine
880 874 959 904 me
983 858 1075 904 tibi
1098 875 1214 905 vera
1236 857 1405 916 fateri3

315 935 526 982 Admovi
545 935 721 998 jugulo
746 936 846 982 tela
868 943 1076 999 paterna
1098 936 1226 996 tuo.]

253 1011 354 1059 Sed
378 1013 525 1059 timor
551 1021 600 1061 et
626 1013 786 1077 pietas
812 1013 1097 1060 crudelibus
1123 1012 1315 1060 obstitit
1340 1012 1501 1060 ausis:

318 1089 572 1154 Castaque
597 1092 888 1139 mandatum
913 1092 1091 1139 dextra
1115 1091 1295 1154 refugit
1319 1108 1460 1155 opus.
1575 1095 1638 1139 50

251 1165 535 1231 Purpureos
560 1169 746 1216 laniata
769 1170 921 1226 sinus,
948 1171 1132 1217 laniata
1156 1170 1376 1234 capillos,

318 1244 514 1308 Exiguo
540 1246 645 1293 dixi
671 1247 788 1294 talia
811 1249 962 1296 verba
986 1265 1134 1296 sono:

254 1321 441 1378 Saevus,
482 1322 895 1387 Hypermnestra,
936 1332 1078 1389 pater
1116 1332 1192 1373 est
1228 1325 1334 1373 tibi.
1372 1326 1515 1389 jussa
1551 1341 1638 1389 pa-

317 1399 488 1448 Effice.
528 1403 774 1464 germanis
801 1404 864 1451 sit
888 1420 1055 1452 comes
1089 1404 1182 1451 iste
1208 1403 1326 1450 suis.

251 1539 350 1570 multo
375 1540 451 1571 mihi
480 1542 578 1582 magis
604 1542 731 1573 arridet.
758 1544 866 1574 Horat.
889 1543 912 1574 i.

252 1588 314 1620 Od.
330 1589 372 1620 ix.
419 1590 483 1621 Nec
498 1593 638 1631 cupressi,
654 1603 706 1622 nec
723 1599 831 1624 veteres
847 1595 913 1635 agi-

253 1645 360 1670 tantur
373 1642 450 1671 orni.
474 1639 508 1670 ii.
527 1640 590 1671 Od.
610 1642 658 1672 10.
693 1641 805 1681 Saepius
821 1645 914 1673 ventis

250 1689 390 1729 agitatur
404 1690 508 1731 ingens
521 1689 627 1721 Pinus.
652 1690 705 1721 ubi
716 1696 791 1732 puto
806 1691 913 1733 legen-

251 1736 325 1767 dum
348 1740 463 1769 saevius.
510 1739 587 1769 Leni
602 1750 674 1770 vero
689 1746 771 1770 recte
795 1741 912 1783 reposi-

251 1792 331 1818 tum.
347 1787 391 1819 sic
408 1788 498 1829 Virg.
512 1788 536 1819 i.
554 1789 670 1831 Georg.
688 1789 734 1820 iii.
757 1791 827 1821 198.

397 1838 471 1868 Tum
485 1845 592 1880 segetes
606 1840 674 1870 altae
692 1842 844 1880 campique
859 1853 913 1871 ηα-

339 1893 435 1917 lantes

297 1935 427 1966 Lenibus
442 1937 743 1979 horrescuntflabris.
767 1939 885 1968 Banu.

297 1985 348 2015 45.
375 1984 432 2015 Ter
447 1992 569 2015 acutum
592 1988 712 2017 sustulit
732 1999 837 2023 ensem,
859 1988 915 2018 Ter

254 2034 341 2068 male,
371 2033 448 2074 ἃς]
485 2034 619 2065 Videtur
644 2035 701 2066 hoc
725 2037 915 2073 observasse,

254 2083 311 2114 hoc
337 2090 381 2114 ter
408 2084 553 2126 positum,
582 2084 634 2115 ubi
661 2084 773 2116 frustra
796 2085 915 2127 aliquid

254 2138 408 2164 tentatum
428 2139 485 2163 est.
530 2134 568 2164 In
584 2133 683 2175 Epist.
707 2135 746 2165 ad
762 2134 915 2178 Hippoly-

254 2189 335 2213 tum:
364 2183 420 2213 Ter
437 2190 530 2214 tecum
552 2191 658 2214 conata
679 2186 768 2225 loqui,
786 2192 831 2215 ter
845 2187 914 2215 inu-

254 2233 317 2262 tilis
332 2233 411 2263 hcesit
429 2232 565 2273 Lingua,
585 2239 630 2263 ter
646 2235 676 2263 in
689 2235 784 2273 primo
803 2236 917 2265 destitit

255 2293 304 2312 ore
318 2293 416 2312 sonus.
462 2281 551 2323 Virg.
565 2281 622 2313 lib.
639 2282 673 2313 ii.
690 2282 817 2313 AEneid.

302 2329 360 2361 Ter
387 2336 510 2361 conatus
533 2333 574 2361 ibi
603 2333 677 2362 collo
699 2333 772 2362 dare
797 2332 917 2362 brachia

343 2381 468 2415 circum,

303 2429 493 2472 Ter-frustra
507 2442 666 2470 compressa
687 2442 794 2462 manus
811 2432 918 2474 effugit

343 2481 450 2521 imago,

258 2528 297 2558 Et
314 2527 467 2559 Homerus
479 2527 560 2559 Iliad
572 2532 609 2560 Σ.
623 2539 683 2559 non
699 2528 789 2570 longe
806 2530 844 2560 ab
860 2529 918 2560 ini-

258 2576 302 2607 tio
316 2577 355 2607 de
372 2577 517 2613 Hectore,
534 2577 588 2619 qui
604 2584 649 2608 ter
663 2578 797 2609 tentavit
812 2579 918 2610 Patro-

259 2625 300 2656 cli
317 2625 451 2657 cadaver
466 2627 598 2668 arripere
614 2627 817 2668 raptandum:
844 2629 921 2669 Τρὶς

259 2674 320 2716 μέν
334 2688 391 2717 μιν
405 2677 578 2717 μετόπισθε
596 2676 704 2708 πεδῶν
719 2676 801 2718 λάβε
818 2676 919 2720 φαίδι-

260 2724 470 2767 μος”Εκτωρ.
495 2726 589 2756 Cror.

306 2775 356 2804 47.
381 2775 636 2817 Admorijugulo,
649 2775 723 2816 δῖα]
743 2776 792 2806 Sic
805 2776 920 2807 Putea-

263 2833 340 2855 neus
355 2829 386 2854 et
396 2823 522 2865 quidam
539 2824 610 2863 alii3
626 2825 700 2856 dum
717 2831 810 2857 antea
824 2825 899 2856 editi
913 2837 919 2855 :

1466 1403 1640 1465 [rentis

1024 1545 1066 1574 At
1094 1555 1200 1574 ¹rursus
1228 1544 1347 1573 monitis
1364 1544 1512 1582 jussuque
1540 1548 1642 1572 coacta

1064 1595 1211 1633 parentis,

1025 1642 1162 1678 Admovi,
1178 1642 1236 1672 ἃς.

981 1690 1124 1721 Lincoln.
1141 1690 1245 1721 locum
1260 1689 1304 1720 sic
1320 1688 1508 1719 exhibebat:

1024 1741 1291 1783 Advnorijugulo3
1307 1740 1368 1768 sine
1380 1749 1424 1768 me
1441 1739 1493 1768 tibi
1510 1738 1644 1780 ret-afa-

1068 1796 1123 1819 terz
1136 1801 1146 1826 ;

1025 1838 1128 1869 DIente
1149 1840 1228 1879 sequi
1253 1839 1321 1868 (lira
1336 1840 1425 1877 jussa
1445 1844 1574 1876 paterna
1596 1849 1643 1867 vo-

1069 1889 1140 1917 lens.

1029 1936 1156 1966 Tandem
1169 1937 1246 1966 victa
1262 1937 1316 1965 mei
1331 1935 1580 1977 saevaformz'dine
1591 1947 1643 1975 pa-

1069 1987 1135 2021 tris,

1026 2035 1130 2064 Audeo
1138 2034 1345 2075 perjugulum
1355 2034 1413 2063 tela
1426 2045 1537 2064 movere
1548 2040 1646 2065 tuum.

984 2084 1077 2120 Quod
1093 2084 1143 2114 vix
1166 2083 1384 2121 tolerandum3
1408 2082 1490 2114 unde
1514 2084 1647 2125 putabat

985 2133 1033 2164 Cl.
1050 2133 1198 2163 Heinsius
1213 2137 1314 2163 totum
1335 2133 1393 2163 hoc
1409 2132 1563 2164 distichon
1578 2144 1645 2164 esse

983 2182 1237 2224 expungendum,
1281 2188 1387 2224 utpote
1433 2183 1598 2213 confictum
1628 2194 1647 2214 a

983 2232 1089 2268 sciolo,
1104 2232 1158 2273 qui
1182 2232 1340 2274 superiora
1354 2243 1425 2263 cum
1445 2232 1647 2273 sequentibus

985 2281 1192 2312 arbitrabatur
1215 2292 1275 2312 non
1290 2281 1456 2312 cohaerere.
1503 2281 1547 2311 At
1570 2281 1646 2312 mihi

985 2330 1111 2371 quidem
1132 2331 1164 2361 in
1188 2336 1313 2372 recepto
1329 2329 1461 2361 disticho
1477 2330 1554 2361 nihil
1579 2337 1646 2362 tan-

987 2384 1091 2421 topere
1112 2379 1269 2421 displicet,
1287 2386 1322 2410 ut
1342 2379 1444 2421 potius
1465 2379 1504 2410 ad
1524 2390 1644 2411 correc-

986 2428 1102 2460 tionem
1128 2439 1295 2465 recurreoe,
1313 2439 1407 2470 quam
1430 2429 1507 2459 illud
1533 2429 1646 2460 admit-

986 2484 1049 2510 tere
1065 2479 1184 2510 malim.
1214 2479 1288 2521 Ipsa
1302 2479 1385 2510 enim
1400 2479 1455 2509 illa
1470 2481 1647 2521 tautologia,

987 2539 1044 2558 non
1057 2529 1201 2570 egofalsa
1215 2529 1447 2569 [aquen—Sine
1459 2540 1501 2559 me
1515 2530 1567 2559 tibi
1580 2541 1647 2560 rera-

976 2578 1090 2619 faterz',
1106 2589 1143 2609 ex
1165 2579 1418 2620 Hypermnestrae
1443 2589 1573 2620 persona
1593 2591 1645 2610 ve-

986 2626 1109 2657 ritatem
1137 2627 1242 2657 habet.
1287 2627 1370 2657 Nam
1400 2633 1431 2657 et
1448 2628 1536 2669 falsu
1562 2627 1645 2669 loqui

987 2675 1122 2713 nolebat,
1145 2683 1176 2707 et
1200 2682 1304 2707 tamen
1326 2677 1420 2707 ctiam
1447 2677 1586 2712 timebat,
1609 2689 1646 2709 ne

987 2726 1147 2758 fatendum
1170 2738 1249 2763 vera,
1273 2727 1410 2758 animum
1440 2737 1459 2758 a
1487 2738 1518 2757 se
1545 2728 1646 2758 mariti

988 2776 1148 2808 alienaret.
1174 2777 1319 2808 LENNEP.
