1849 3198
215 213 302 254 146
607 215 657 256 Ρ.
692 214 904 257 OVIDII
937 216 1217 259 NASONIS

215 327 356 376 Tunc
384 345 475 392 ego
500 336 550 377 -te
575 331 701 379 vidi:
740 338 859 379 tunc
885 334 1013 397 coepi
1040 333 1164 381 scire
1191 334 1311 396 quid
1337 348 1491 381 esses.

282 405 375 453 Illa
397 406 489 454 fuit
511 408 691 454 mentis
715 409 874 472 prima
896 410 1036 456 ruina
1059 426 1200 457 meae.

216 483 287 531 Ut
310 484 425 540 vidi,
453 492 507 532 ut
531 486 682 549 perii3
723 503 814 533 nec
839 488 970 534 notis
997 488 1194 549 ignibus
1221 487 1333 542 arsi,

278 561 437 610 Ardet
456 570 510 610 ut
535 564 597 610 ad
622 580 828 626 magnos
853 566 1001 628 pinea
1023 567 1155 613 taeda
1180 566 1333 613 Deos.

214 638 280 686 Et
303 638 544 687 formosus
570 657 695 697 eras,
724 649 774 688 et
794 657 873 689 me
897 658 1009 689 mea
1033 642 1133 689 fata
1156 643 1446 690 trahebant:
1536 643 1599 687 35

278 716 604 765 Abstulerant
628 719 756 765 oculi
781 719 968 766 lumina
991 727 1159 767 nostra
1176 720 1265 767 tui.

213 793 425 851 Perfide,
455 795 679 843 sensisti:
716 795 828 858 quis
854 796 985 842 enim
1010 797 1138 844 bene
1164 797 1294 844 celat
1319 794 1565 842 amorem?

279 871 478 920 Eminet
502 873 683 919 indicio
710 874 905 936 prodita
928 874 1128 921 flamma
1152 891 1257 921 suo.

212 948 407 996 Dicitur
432 951 619 997 interea
643 951 732 997 tibi
758 951 869 1004 lex;
910 958 964 997 ut
988 952 1111 998 dura
1134 951 1347 998 ferorum

279 1026 483 1073 Insolito
509 1044 759 1090 premeres
784 1043 980 1074 vomere
1008 1029 1135 1075 colla
1159 1030 1327 1075 boum.
1534 1028 1598 1071 40

209 1141 276 1177 post
293 1136 324 1166 in
337 1136 565 1167 euudemhunc
577 1148 701 1167 sensum
717 1150 722 1166 :
742 1137 871 1167 Diaei-at

210 1186 320 1216 AEffzes.
345 1186 437 1216 Adde
453 1186 535 1227 quod
557 1187 637 1217 male
658 1187 751 1217 etiam
775 1186 870 1228 scrip-

208 1235 314 1272 serint,
331 1236 403 1266 (lum
423 1236 527 1266 Oetam
543 1236 702 1267 scribunt:
726 1237 770 1267 sic
786 1238 869 1268 enim

208 1285 320 1315 montis
346 1290 393 1315 est
421 1295 548 1315 nomen.
585 1286 768 1316 EGNATIUS.
825 1289 869 1318 Τὸ

206 1340 292 1372 pater
317 1334 496 1364 Puteaneus
521 1340 552 1364 et
581 1334 634 1365 alii
659 1335 799 1366 nonnulli
829 1347 867 1367 ex

207 1382 386 1413 melioribus
404 1382 490 1413 haud
506 1389 692 1423 agnoscunt.
716 1390 810 1415 recte.
834 1391 868 1416 ut

207 1432 312 1462 monui
328 1432 367 1463 ad
383 1431 482 1474 Epist.
498 1433 539 1463 vi.
557 1434 629 1463 103.
675 1433 795 1465 ΗΕΙΝε.

249 1482 303 1512 30.
332 1482 462 1521 Corpora
487 1482 616 1522 Grajm]
654 1483 787 1514 variant
815 1494 865 1515 co—

205 1530 303 1562 dices.
328 1531 454 1561 Pectora
469 1531 567 1571 Grqja
579 1532 747 1573 Gottorph.
765 1534 867 1564 Gra‘ia

207 1582 296 1611 turba
311 1580 499 1611 Vaticanus.
526 1581 624 1621 Grqja
638 1583 770 1621 juventa
786 1594 866 1614 unus

205 1630 333 1660 Moreti.
371 1629 426 1660 sed
462 1631 633 1671 elegantior
661 1636 708 1662 est
737 1633 866 1673 vulgata

204 1679 319 1718 lecti03
356 1679 401 1710 ita
433 1682 575 1719 primaeva
610 1692 743 1720 corpora.
788 1683 818 1713 V
821 1683 864 1713 al.

204 1729 292 1759 Flac.
309 1728 343 1759 ii.
361 1729 433 1760 653.
450 1736 481 1759 et
497 1729 549 1759 alii
565 1730 690 1771 passim.
745 1732 863 1763 Bunm.

248 1779 303 1808 31.
322 1778 407 1808 Tunc
421 1780 492 1818 coepz'
504 1780 578 1808 scire
589 1781 654 1819 quis
664 1779 764 1820 essean]
784 1781 866 1815 Quid

204 1839 273 1858 esses
286 1827 409 1858 codices
421 1838 535 1869 magna
545 1839 582 1859 ex
596 1834 698 1870 parte.
724 1831 807 1871 quod
817 1842 864 1862 se-

205 1888 293 1918 quor,
319 1877 412 1907 Pont.
427 1876 448 1907 i.
472 1877 522 1908 El.
538 1877 592 1908 vii.

250 1927 337 1957 Certe
351 1938 403 1969 ego
426 1938 493 1958 cum
512 1929 644 1967 primum
656 1930 742 1967 potui
756 1932 866 1960 sentire

287 1978 359 2016 quid
378 1988 477 2007 essem.

203 2025 344 2067 Epistola
358 2026 543 2058 Hermiones
555 2039 561 2056 :

249 2075 294 2105 Τιι
309 2076 383 2105 mihi
396 2077 473 2115 quod
487 2078 578 2106 matri
590 2083 678 2117 pater
691 2088 729 2109 es.

203 2124 369 2161 Quomodo
395 2125 509 2156 Noster
532 2131 626 2167 atque
650 2127 703 2157 alii
723 2132 864 2159 auctores

202 2173 331 2215 passim.
377 2174 527 2205 Horatius
541 2175 562 2205 i.
577 2176 644 2206 Sat.
662 2176 704 2207 vi.
722 2178 775 2207 55.

250 2222 414 2264 Virgilius;
437 2231 501 2264 post
523 2226 602 2256 Ιιιιησ
622 2226 731 2257 Varius
752 2228 862 2264 dixere,

286 2274 358 2311 quid
372 2283 469 2303 essem.

202 2320 331 2351 Boetius
346 2320 403 2351 lib.
421 2321 443 2352 i.
459 2322 552 2353 Cons.
569 2323 688 2355 Philos.
708 2325 789 2359 Quid
804 2328 862 2365 ipse

200 2371 238 2399 sis
261 2381 340 2401 nosse
362 2372 473 2402 desisti.
494 2372 667 2413 parimodo
691 2379 722 2404 et
744 2375 860 2407 Graeci.

200 2418 244 2449 sic
261 2419 343 2460 apud
361 2420 566 2462 Theophrast.
582 2421 769 2454 Charactere
786 2426 860 2466 περὶ

200 2468 408 2510 κακολογίας.
440 2469 456 2500 ὁ
480 2469 570 2502 δεῖνα
590 2471 621 2501 τὶ
644 2470 723 2503 ἐστί.
754 2473 859 2503 ΗΕΙΝ-

200 2528 282 2547 sxus.
328 2518 430 2549 Recte
450 2519 608 2551 Heinsius.
631 2519 674 2550 sic
698 2520 743 2551 iii.
763 2522 858 2554 Trist.

201 2565 267 2596 viii.
292 2566 346 2597 38.
387 2568 469 2601 Quid
493 2570 557 2605 sim,
584 2571 656 2609 ([1ιίιί
681 2570 860 2612 fuerimque

199 2616 290 2645 subit.
315 2621 346 2646 et
361 2615 404 2646 iv.
422 2616 442 2647 i.
457 2618 513 2648 99.

245 2663 321 2694 Cum
331 2666 393 2695 vice
403 2672 534 2703 mutata,
547 2669 620 2707 quid
630 2670 684 2700 sim
684 2669 860 2712 fuerimque

283 2716 433 2746 recordor.

201 2761 241 2791 vi.
265 2762 400 2795 Metam.
428 2765 504 2796 551.
532 2765 614 2800 Quid
630 2767 761 2808 fuerim,
787 2771 860 2809 quid

937 1141 1046 1178 simque
1068 1141 1147 1169 vide.
1172 1140 1208 1169 P.
1224 1139 1328 1179 Syrus,
1346 1137 1446 1166 Elium
1469 1136 1599 1165 oblivisci

938 1191 1009 1229 quid
1024 1192 1062 1219 sis
1077 1191 1227 1219 interdum
1245 1189 1372 1227 expedit.
1390 1186 1433 1216 ita
1449 1186 1480 1215 in
1495 1186 1598 1215 Evan-

937 1239 1018 1280 gelio
1034 1239 1140 1269 Lucae.
1157 1238 1180 1268 i.
1198 1238 1251 1268 66.
1277 1238 1314 1268 Τὶ
1331 1237 1395 1278 ἄρα
1412 1236 1449 1266 τὸ
1465 1233 1599 1265 παιδίον

937 1291 1033 1320 τοῦτο
1057 1289 1159 1320 ἔσται.
1173 1287 1227 1318 ubi
1248 1287 1331 1317 male
1347 1285 1473 1327 quidam
1490 1285 1539 1321 τὶς
1554 1284 1599 1314 le—

936 1344 1026 1379 gunt.
1044 1338 1107 1368 vid.
1124 1338 1163 1368 ad
1179 1336 1304 1367 Phaedr.
1322 1347 1351 1367 v.
1370 1336 1420 1365 10.
1456 1334 1574 1364 anm.

979 1389 1031 1419 33.
1052 1388 1093 1418 Ut
1108 1389 1180 1422 vidi,
1193 1393 1227 1417 ut
1241 1385 1351 1426 perii]
1377 1384 1453 1420 Alii,
1474 1383 1511 1414 Et
1526 1385 1597 1419 vidi,

934 1446 963 1469 et
977 1440 1073 1478 perii:
1097 1437 1173 1467 mihi
1196 1447 1234 1467 ex
1248 1434 1405 1466 Theocriti
1423 1440 1454 1465 et
1470 1431 1596 1473 Virgilii

934 1489 1107 1519 imitatione
1123 1487 1181 1517 hoc
1203 1485 1395 1528 probabilius
1416 1490 1462 1515 est
1484 1483 1597 1518 visum,

934 1538 1096 1579 magisque
1116 1535 1290 1566 Poeticum.
1322 1535 1506 1565 EGNATius.
1555 1532 1597 1562 Et

933 1589 996 1618 vidi
1005 1594 1033 1618 et
1044 1588 1121 1626 perii
1134 1585 1252 1627 scripti,
1265 1584 1320 1615 sed
1330 1593 1502 1626 perperam.
1529 1581 1593 1611 Ho-

933 1647 1054 1667 merus:

967 1684 1024 1723 Ὡς
1036 1684 1117 1721 ἴδεν,
1135 1684 1177 1721 ὡς
1192 1684 1251 1725 μὶν
1265 1681 1396 1724 μάλλον
1411 1679 1465 1712 ἔδυ
1480 1680 1594 1721 χόλος.

931 1734 1125 1770 Theocritus,
1142 1733 1308 1763 Pharmac.

1232 1782 1253 1811 ἃ
1269 1779 1294 1811 δ’
1309 1777 1503 1811 Ἀταλάντη

975 1833 1032 1871 Ὠς
1041 1832 1122 1868 ἴδεν,
1133 1831 1176 1869 ὡς
1188 1829 1305 1873 ἐμάνη,
1316 1830 1358 1867 ὡς
1370 1829 1401 1866 ἐς
1412 1828 1523 1869 βαθὺν
1534 1827 1593 1858 ἄλ-

1019 1881 1083 1913 λετ’
1097 1882 1213 1923 ἔρωτα.

932 1932 1016 1963 Hinc
1030 1931 1087 1962 illa
1101 1930 1294 1972 Virgiliana:

981 1983 1023 2013 Ut
1037 1982 1110 2018 vidi,
1127 1987 1162 2011 ut
1172 1981 1260 2020 perii,
1276 1986 1310 2010 ut
1325 1990 1370 2009 me
1382 1980 1479 2009 malus
1493 1978 1592 2008 abstu-

1020 2034 1056 2063 lit
1071 2043 1166 2062 error.

932 2082 1072 2124 Epistola
1085 2078 1262 2111 Laodamiae
1283 2090 1321 2109 ex
1345 2076 1484 2118 vestigiis
1507 2080 1592 2107 vete-

931 2142 999 2162 rum
1014 2130 1160 2160 librorum
1172 2141 1178 2158 :

978 2180 1020 2210 Ut
1043 2180 1116 2214 vidi,
1131 2185 1165 2208 ut
1180 2178 1290 2219 gemui,
1307 2177 1453 2216 tacitoque
1475 2177 1508 2205 in
1521 2185 1588 2214 pec-

1018 2236 1080 2259 tore
1094 2230 1169 2259 diri.

930 2279 1001 2309 Art.
1017 2277 1092 2308 Am.
1108 2276 1153 2307 iii.
1169 2277 1244 2307 730.

977 2329 1018 2359 Ut
1043 2328 1147 2366 patuit
1173 2328 1284 2357 miserae
1299 2325 1436 2364 jucundi
1464 2324 1592 2354 nominis

1057 2387 1156 2406 error:

1019 2425 1060 2455 Ut
1084 2436 1174 2460 mens,
1200 2431 1234 2454 ut
1256 2425 1347 2454 rediit
1372 2433 1459 2453 verus
1485 2423 1516 2451 in
1536 2432 1588 2451 ora

1054 2475 1144 2504 color.

927 2523 977 2555 Sic
993 2523 1075 2554 enim
1090 2523 1213 2554 codices
1238 2523 1377 2554 nonnulli
1400 2522 1459 2552 ista
1472 2519 1586 2551 consti—

927 2578 1030 2604 tuunt.
1055 2573 1229 2604 mesms.
1252 2573 1318 2604 vid.
1335 2573 1407 2604 Val.
1431 2571 1519 2602 Flac.
1536 2570 1589 2601 vii.

931 2624 1003 2653 104.
1019 2629 1050 2653 et
1064 2634 1154 2664 seqq,

970 2673 1025 2703 38.
1051 2672 1196 2712 Eminet]
1225 2672 1328 2703 Enitet
1353 2671 1496 2713 quaedam
1522 2671 1587 2702 edi-

927 2721 1039 2753 tiones.
1064 2722 1148 2763 quod
1162 2721 1261 2763 magis
1276 2722 1437 2754 Poeticum
1453 2727 1541 2764 puto.

971 2772 1024 2803 39.
1050 2771 1177 2803 Dixerat
1200 2774 1315 2804 interea
1338 2775 1391 2804 tibi
1413 2775 1508 2816 Rem]
1528 2777 1586 2807 Di—
