1849 3198
494 212 682 256 ARTIS
715 210 1070 253 AMATORIAE
1104 210 1222 252 LIB.
1256 211 1293 251 Ι.

1510 211 1593 252 481

202 331 327 385 Quis
353 329 552 393 sapiens
578 327 773 375 blandis
800 342 897 373 non
922 326 1130 373 misceat
1155 326 1325 373 oscula
1349 325 1544 372 verbis?

268 407 361 454 Illa
385 406 502 453 licet
526 420 624 451 non
649 404 758 462 det;
799 419 897 449 non
923 404 1040 450 data
1065 419 1205 450 sume
1230 409 1414 449 tamen.

202 482 456 546 Pugnabit
477 481 636 545 primo
661 479 907 536 fortassis3
943 485 1008 534 et,
1032 478 1283 542 Improbe,
1311 478 1470 525 dicet:
1495 481 1591 525 665

268 559 546 622 Pugnando
573 557 702 604 vinci
729 556 817 604 sed
842 563 1010 603 tamen
1037 555 1120 602 illa
1142 556 1291 602 volet.

201 634 436 691 Tantum,
459 650 521 682 ne
548 641 762 680 noceant
785 631 969 679 teneris
995 632 1124 679 male
1150 639 1292 695 rapta
1315 631 1523 685 labellis,

270 712 410 760 Neve
436 711 577 774 queri
602 710 760 774 possit
784 710 909 756 dura
931 708 1100 764 fuisse,
1128 723 1263 755 cave.

205 789 393 836 Oscula
414 789 500 852 qui
525 787 718 843 sumsit,
747 787 787 834 si
813 802 912 834 non
939 793 989 833 et
1013 793 1181 833 cetera
1200 792 1384 840 sumet3

272 865 394 912 Haec
411 881 630 929 quoque,
651 881 763 928 quae
780 865 898 911 data
913 871 1043 919 sunt,
1061 863 1270 927 perdere
1286 862 1465 924 dignus
1485 859 1591 906 erit.

204 941 458 996 Quantum
483 940 708 988 defuerat
732 941 878 1004 pleno
904 947 1019 1004 post
1043 940 1216 987 oscula
1238 945 1374 995 voto;

1497 938 1586 982 <371

272 1018 369 1066 Hei
395 1018 536 1065 mihi!
574 1018 840 1074 rusticitas,
869 1034 966 1065 non
991 1017 1150 1081 pudor
1174 1017 1255 1063 ille
1279 1014 1386 1062 fuit.

208 1095 320 1142 Vim
339 1096 457 1143 licet
482 1096 729 1159 adpelles3
770 1101 911 1158 grata
935 1101 1011 1141 est
1034 1094 1106 1141 vis
1132 1094 1227 1141 ista
1251 1091 1429 1156 puellis
1449 1108 1457 1137 :

273 1171 419 1226 Quod
439 1174 597 1235 juvat,
625 1172 788 1219 invitae
815 1188 948 1235 saepe
973 1171 1173 1219 dedisse
1196 1171 1382 1217 volunt.

207 1249 553 1312 Quaecumque¹
570 1257 646 1296 est
671 1249 839 1296 subita
860 1248 1068 1296 Veneris
1088 1247 1270 1294 violata
1291 1244 1482 1309 rapina,
1500 1244 1596 1289 675

275 1325 518 1384 Gaudetz„
542 1334 591 1372 et
617 1325 908 1389 improbitas
935 1324 1152 1371 muneris
1178 1324 1330 1371 instar
1355 1321 1522 1368 habet.

208 1402 276 1449 At
300 1418 428 1465 quae,
456 1392 570 1449 cum
596 1403 707 1465 cogi
732 1410 918 1466 posset,
947 1418 1046 1448 non
1070 1407 1204 1448 tacta
1228 1398 1451 1452 recessit,

277 1478 348 1525 Ut
373 1479 571 1526 simulet
595 1479 731 1526 vultu
758 1478 955 1540 gaudia,
982 1477 1135 1524 tristis
1161 1477 1268 1523 erit.

209 1642 310 1671 unda:
333 1641 388 1672 sed
405 1649 496 1672 uncta
509 1652 615 1673 verum
632 1648 690 1679 est,
705 1652 765 1683 quo
782 1642 869 1673 adlu-

209 1689 256 1720 dit
272 1690 571 1727 Helmaestadiensis,
597 1691 626 1721 in
652 1702 713 1732 quo
729 1693 806 1722 inita
822 1691 871 1723 vel

214 1741 320 1770 tincta·
366 1739 416 1771 Sic
439 1746 470 1770 et
493 1747 600 1771 unctas
622 1752 727 1777 comas,
743 1751 798 1782 pro
814 1752 871 1771 un-

210 1794 321 1829 guento
358 1789 507 1819 delibutas
543 1788 600 1820 lib.
638 1801 667 1820 v.
712 1790 872 1820 Fastorum

212 1837 302 1868 dixit.
349 1838 435 1868 Olivo
465 1845 588 1879 tangere
617 1838 699 1881 apud
736 1839 875 1870 Persium

214 1887 324 1928 Satyra
347 1886 390 1918 iii.
417 1888 478 1918 43:
507 1888 660 1929 quomodo
682 1887 732 1918 hic
762 1890 876 1919 lumina

214 1942 307 1965 uncta
323 1947 413 1966 manu
430 1942 570 1977 tangere:

258 1984 335 2023 Strpe
347 1985 443 2015 oculos
457 1986 574 2015 memini
586 1986 752 2025 tangebam
768 1996 878 2024 parvus

302 2033 394 2069 olivo,

260 2082 401 2112 Grandia
429 2084 454 2112 si
485 2084 589 2113 nollem
621 2084 760 2112 morituri
790 2083 874 2113 verba

304 2130 426 2162 Catonis

263 2179 379 2216 Dicere,
396 2187 422 2210 et
448 2181 553 2210 insano
568 2181 695 2210 multum
721 2181 876 2211 laudanda

304 2230 458 2270 magistro.

223 2277 288 2307 lfdn
307 2289 397 2307 manu
421 2284 553 2319 tangere,
569 2277 707 2319 explicat
728 2276 877 2320 simplici-

218 2332 263 2355 ter
288 2326 497 2361 Burmannus,
523 2332 557 2356 ut
582 2326 759 2357 madefacta
787 2333 879 2357 antea

220 2385 312 2405 manu
335 2375 439 2406 oculos
462 2375 639 2416 contingat3
663 2382 697 2406 ut
719 2377 880 2407 videantur

220 2429 314 2463 gutta:
331 2422 404 2459 illae,
421 2429 571 2464 tanquam
591 2424 738 2460 lacrimae,
754 2436 791 2455 ex
807 2436 880 2456 ocu-

220 2471 257 2501 lis
283 2471 408 2502 cadere.
455 2472 504 2502 Sic
535 2471 612 2502 libro
637 2473 656 2504 i.
687 2473 791 2504 Amor.
817 2474 879 2504 viii.

221 2520 276 2550 83.

267 2569 349 2604 Quin
372 2571 459 2599 etiam
485 2571 599 2601 discant
623 2571 701 2600 oculi
724 2572 881 2602 lacrimare

350 2621 455 2656 coacti,

315 2667 482 2708 Etsaciaut
493 2670 568 2700 udas
583 2671 638 2700 illa
652 2670 697 2699 vel
710 2670 762 2698 illa
772 2680 879 2709 genas:

225 2715 276 2746 ubi
301 2717 357 2747 illa
376 2717 425 2748 vel
450 2717 516 2754 illa,
540 2724 667 2760 possunt
688 2717 769 2759 capi,
793 2728 878 2760 qum-

270 2769 366 2800 VOL.
382 2769 408 2801 I.

938 1651 1072 1682 cumque
1096 1647 1169 1683 apta
1189 1646 1260 1672 sunt
1280 1639 1319 1671 ad
1341 1637 1531 1670 eliciendum
1547 1636 1600 1666 fic-

938 1695 986 1720 tas
1014 1689 1171 1721 lacrimas.
1226 1688 1278 1719 Sic
1304 1690 1373 1718 uda:
1398 1686 1491 1718 etiam
1520 1696 1601 1727 gena*

939 1738 1086 1779 leguntur
1108 1738 1141 1769 in
1168 1738 1199 1769 ii.
1226 1738 1304 1768 libro
1335 1736 1505 1769 Fastorum,
1529 1734 1602 1763 460.

939 1787 1056 1818 AMAn.

987 1837 1061 1867 670.
1102 1837 1231 1867 Perdere
1257 1837 1368 1876 (lignus
1395 1832 1492 1872 eran]
1536 1831 1605 1861 Erit

945 1884 1098 1916 meliores.
1120 1890 1152 1916 et
1167 1883 1314 1927 superiori
1330 1892 1430 1918 versu,
1447 1883 1470 1911 si
1494 1892 1551 1911 non
1577 1886 1603 1909 et

945 1941 1041 1965 cetera
1056 1941 1162 1969 sumet,
1180 1934 1353 1969 vel,smnit.
1378 1931 1551 1961 Hemsrus.
1574 1933 1605 1959 et

945 1991 1009 2014 erat
1035 1990 1137 2026 potest
1161 1981 1298 2014 retineri.
1316 1980 1379 2011 vid.
1403 1979 1443 2010 ad
1466 1978 1567 2020 Epist.
1584 1978 1604 2007 i.

950 2033 1020 2063 108.
1047 2039 1142 2063 cetera
1167 2031 1297 2067 dictum,
1322 2035 1355 2060 ut
1379 2027 1425 2059 iii.
1447 2027 1553 2057 Amor.
1570 2026 1602 2056 ii.

946 2081 1002 2111 ult.

989 2130 1063 2161 671.
1088 2130 1181 2160 Pleno
1197 2135 1258 2166 post
1278 2128 1376 2159 oscula
1394 2125 1485 2165 voto]
1512 2124 1604 2155 Facto

945 2179 963 2210 J
968 2178 1046 2210 ureti
1059 2185 1091 2209 et
1106 2177 1256 2209 Intimelii
1278 2178 1366 2208 liber.
1412 2175 1514 2210 Forte,
1522 2174 1602 2216 sur-

947 2235 984 2258 to.
1018 2229 1191 2259 mesxvs.
1236 2227 1324 2257 Nihil
1341 2230 1505 2255 mutarem.
1531 2223 1603 2254 licet

947 2277 1029 2307 enim
1055 2278 1146 2319 facto
1180 2275 1336 2318 explicare
1370 2283 1541 2315 possemus,
1572 2278 1605 2302 ut

947 2327 1030 2368 apud
1047 2327 1173 2357 Petron.
1189 2335 1259 2366 cap.
1283 2324 1324 2354 xi.
1340 2334 1392 2354 nec
1406 2323 1504 2353 adhuc
1518 2328 1603 2352 erant

947 2377 1045 2405 onmia
1059 2376 1175 2416 flictu,-
1208 2374 1261 2404 ubi
1286 2372 1377 2410 vide3
1412 2371 1492 2402 idem
1520 2376 1605 2401 notat

951 2430 1059 2459 votum,
1074 2423 1157 2464 quod
1173 2422 1267 2453 etiarn
1283 2421 1314 2452 in
1325 2420 1384 2451 hac
1396 2430 1427 2450 re
1439 2419 1605 2461 proprium,

950 2473 1065 2502 Bunm.

991 2521 1067 2552 675.
1094 2521 1291 2559 Quaecumque
1311 2525 1350 2549 est
1373 2518 1471 2546 subita
1490 2515 1606 2545 Veneris

951 2568 1066 2600 violata'
1075 2570 1193 2609 rapina,
1214 2567 1347 2602 Gaudet,
1363 2565 1441 2605 &c.]
1469 2563 1604 2605 Elegan-

950 2624 995 2649 ter
1019 2617 1186 2649 admodum
1201 2615 1385 2647 Theocritus
1400 2613 1495 2655 Idyll.
1512 2612 1607 2644 xxvii.

949 2668 1000 2698 69.
1039 2665 1203 2709 ”Ομμασιν
1218 2663 1381 2706 αἰδομένη,
1399 2661 1512 2705 κραδίη
1533 2661 1562 2692 δέ
1581 2661 1607 2691 οἱ

949 2715 1166 2754 ἕνδονῖἁνθη.
1212 2715 1327 2745 Antan.

1056 2769 1069 2799 1
1088 2771 1095 2799 i
