1849 3198
622 235 967 279 HEROIDES.
1001 235 1092 277 ΕΡ.
1128 236 1237 277 XV.
1544 239 1625 280 191

238 355 411 419 thue
435 354 672 419 pudenda
694 352 792 400 mei
817 352 1041 398 videatur
1066 367 1246 398 caussa
1269 352 1454 400 doloris
1472 371 1504 411 3,

305 433 439 487 Quid
464 432 599 479 dolet
623 430 760 477 haec?
798 435 932 475 certe
957 427 1060 474 filia
1082 428 1215 483 vivit,
1244 429 1326 476 ait.
1538 433 1631 477 120

238 510 354 557 Non
369 510 572 558 veniunt
586 508 635 554 in
655 508 786 554 idem
803 506 962 570 pudor
977 511 1128 567 atque
1150 520 1301 552 amor.
1331 522 1477 554 omne
1497 507 1631 555 vide-

303 587 524 650 Vulgus3
565 601 699 632 eram
723 585 886 630 lacero
912 588 1090 646 pectus
1117 589 1290 645 aperta
1315 583 1440 630 sinu.
1526 585 1634 646 [bat

236 664 313 711 Tu
339 664 458 711 mihi
483 679 615 718 cura,
638 661 842 708 Phaon:
884 666 934 706 te
960 658 1152 705 somnia
1170 666 1339 706 nostra
1358 661 1628 717 reducunt3

308 742 514 788 Somnia
537 740 750 787 formoso
777 737 1067 785 candidiora
1090 737 1188 783 die.

239 819 348 866 Illic
368 827 417 867 te
443 818 636 866 invenio
657 836 667 875 ;
709 831 1015 880 quamquam
1041 815 1324 877 regionibus
1350 815 1507 870 absis;
1543 819 1633 863 125

310 897 411 944 Sed
437 913 535 943 non
558 897 708 957 longa
732 894 851 941 satis
878 893 1061 956 gaudia
1086 909 1289 939 somnus
1316 894 1483 940 habet.

241 973 388 1038 Saepe
414 980 526 1020 tuos
552 979 721 1019 nostra
745 970 937 1017 cervice
963 986 1167 1017 onerare
1192 970 1422 1026 lacertos,

310 1051 457 1114 Saepe
482 1058 579 1097 tuae
603 1049 773 1096 videor
799 1048 1123 1112 supposuisse
1149 1065 1304 1095 meos.

242 1127 479 1175 Blandior
504 1126 769 1181 interdum,
796 1125 1028 1188 verisque
1054 1125 1305 1172 simillima
1327 1127 1479 1173 verba

309 1205 555 1268 Eloquor:
597 1211 647 1251 et
670 1203 875 1265 vigilant
899 1202 1128 1249 sensibus
1154 1219 1240 1250 ora
1264 1204 1404 1251 meis.

1545 1206 1637 1251 130

243 1283 432 1330 Oscula
457 1297 721 1344 cognosco,
750 1296 861 1343 quae
887 1286 941 1326 tu
967 1281 1277 1328 committere
1303 1282 1501 1343 linguae,

308 1360 545 1424 Aptaque
571 1374 837 1406 consueras
864 1358 1108 1422 accipere,
1136 1366 1254 1422 apta
1278 1359 1412 1406 dare.

245 1438 496 1486 Ulteriora
518 1438 676 1501 pudet
700 1451 897 1483 narrare
917 1453 926 1483 :
967 1436 1057 1483 sed
1082 1437 1247 1483 omnia
1270 1436 1422 1483 fiunt:

311 1516 378 1563 Et
395 1517 554 1579 juvat,
583 1523 633 1562 et
658 1505 838 1562 sine'te
863 1530 962 1560 non
986 1514 1110 1562 libet
1134 1530 1245 1561 esse
1270 1513 1407 1560 mihi.

286 1631 369 1662 Feci.
376 1632 510 1671 voluptas
517 1643 624 1673 magna
632 1641 676 1661 me
686 1632 715 1660 in
722 1631 808 1660 vitam
817 1631 908 1660 subit.

290 1681 342 1718 Ut,
359 1693 435 1717 ecce,
453 1682 582 1711 crescit!

244 1730 437 1762 Glossarium
480 1730 551 1761 MS.
588 1728 750 1760 Vossianae
788 1728 908 1759 Biblio—

244 1780 356 1816 thecae,
375 1780 484 1815 Quare,
504 1790 644 1814 crescere,
660 1780 805 1820 gaudere.
853 1777 909 1808 Est

244 1835 349 1860 autem
372 1828 487 1871 gaudio
509 1828 662 1862 exultare,
680 1833 711 1857 et
732 1826 909 1857 invidorum

244 1878 402 1919 proprium
410 1883 468 1907 est.
478 1877 589 1908 eadem
601 1875 678 1906 ratio
686 1882 732 1906 est
741 1875 825 1906 vocis
835 1875 909 1905 Pas-

245 1929 273 1957 εἰ
287 1939 297 1964 ‚·
314 1937 375 1968 qua
387 1926 484 1957 utitur
496 1927 579 1956 Met.
594 1926 636 1955 vi.
654 1926 729 1955 280.
743 1924 782 1954 de
796 1923 909 1954 Niobe.

246 1977 422 2006 mesus.
449 1975 559 2006 Cicero
571 1974 683 2016 saepius
698 1974 756 2004 hac
774 1972 911 2013 eleganti

246 2024 403 2055 locutione
433 2035 519 2060 usus,
550 2029 581 2054 et
610 2021 779 2064 aliquando
805 2021 911 2063 paullo

248 2074 310 2105 alia
337 2072 577 2115 significatione,
601 2083 655 2114 pro
682 2071 792 2112 gloria,
817 2070 911 2106 fama,

247 2124 368 2166 opibus,
382 2122 549 2154 honoribus
559 2121 678 2162 augeri.
695 2131 750 2162 pro
766 2119 913 2151 Cluentio

249 2184 321 2215 cap.
337 2175 392 2204 28.
443 2173 580 2203 Oblatum
595 2173 648 2201 sibi
664 2172 842 2201 occasionem
855 2181 912 2209 pu-

250 2225 337 2258 tavit,
366 2229 402 2253 ut
431 2234 463 2253 ex
490 2223 606 2252 invidia
635 2221 792 2250 Senatoria
822 2225 913 2258 posset

249 2283 389 2303 crescere.
405 2284 434 2302 ν.
451 2271 574 2303 Verrin.
589 2272 642 2301 67.
685 2270 820 2310 Denique
831 2270 855 2298 si
869 2270 911 2298 ‘vi-

250 2325 320 2354 deor
334 2324 392 2358 hic,
402 2324 434 2352 id
445 2323 520 2362 qnod
537 2332 588 2362 ego
603 2332 660 2350 non
673 2320 845 2360 quoesiri,de
855 2330 914 2347 11110

249 2373 303 2402 illo
316 2374 437 2402 voluisse
451 2381 590 2406 crescere,
608 2372 662 2400 isto
676 2370 820 2404 absoluto,
838 2370 914 2408 quod

250 2423 314 2452 sine
329 2422 490 2451 multorum
507 2421 612 2451 scelere
627 2420 701 2461 fieri
727 2430 786 2448 ¹nnn
808 2425 911 2458 potest,

251 2473 288 2501 de
309 2471 411 2500 multis
435 2471 506 2499 mihi
521 2480 650 2500 cresccre
675 2469 786 2498 licebit.
809 2478 864 2509 pro
880 2468 912 2497 S.

254 2519 347 2550 Rosc.
361 2520 413 2549 30.
440 2518 517 2548 Nam
529 2521 553 2548 si
565 2519 637 2548 mihi
651 2519 752 2547 liberet
763 2527 914 2551 accusare,

253 2579 423 2599 accusarem
443 2569 516 2597 alius
537 2569 643 2607 potius,
670 2578 703 2597 er
726 2568 830 2606 quibus
851 2577 915 2604 pos-

253 2629 310 2648 sem
332 2628 471 2648 crescere.
503 2616 610 2647 Livius
633 2627 728 2646 xxxv.
759 2616 806 2645 19.
854 2614 913 2644 Ita-

254 2678 310 2707 que
331 2669 355 2697 si
378 2668 479 2707 quibus
505 2673 623 2696 luorum
648 2667 716 2695 meis
745 2665 918 2695 criminibus

256 2718 337 2755 apud
354 2723 381 2746 te
396 2727 524 2747 crescere
540 2716 639 2751 liceat,
659 2716 751 2745 aliam
769 2716 919 2744 materiem

256 2767 417 2800 crescendi,
449 2776 535 2805 quum
572 2775 604 2794 er
638 2775 682 2793 me
710 2769 856 2803 quaerum.
889 2770 921 2794 et

257 2814 365 2845 xxxix.
387 2815 441 2845 36.
490 2813 526 2843 ln
551 2815 668 2844 invidia
691 2813 828 2844 Censores
853 2823 921 2843 cnm

977 1637 1079 1666 essent,
1095 1632 1245 1663 crescendi
1261 1641 1294 1661 er
1318 1630 1362 1660 his
1385 1635 1490 1660 nactus
1513 1630 1639 1659 occasio-

976 1691 1040 1710 nem
1069 1680 1127 1710 Cn.
1156 1679 1285 1710 Bffbius.
1329 1678 1459 1716 Quinct.
1484 1679 1578 1709 Deci.
1610 1691 1641 1709 v.

976 1729 1115 1771 Princip.
1162 1730 1293 1760 Adversa
1303 1741 1364 1770 qmr
1376 1731 1412 1759 de
1424 1730 1537 1759 solatiis
1550 1740 1639 1759 reme-

977 1781 1089 1820 diisque
1117 1786 1289 1810 creverunt.
1326 1780 1380 1809 ubi
1410 1785 1456 1809 est
1493 1778 1642 1810 alimenta

977 1834 1127 1870 ceperunt
1147 1839 1185 1858 ex
1209 1828 1326 1859 solatiis
1347 1833 1377 1858 et
1399 1827 1555 1864 remediis,
1570 1839 1640 1869 quae

978 1876 1116 1918 quotidie
1132 1882 1320 1908 renovarunt
1334 1882 1366 1907 et
1382 1882 1546 1907 auxerunt.
1587 1876 1641 1907 In-

977 1933 1126 1956 crementa
1143 1927 1178 1956 (le
1199 1927 1299 1965 aliquo
1314 1936 1453 1965 qzcoerere,
1469 1924 1548 1955 dixit
1568 1926 1642 1956 Jus-

979 1975 1062 2005 tinus
1084 1975 1141 2005 lib.
1166 1986 1240 2005 xxv.
1255 1976 1288 2005 3.
1335 1974 1494 2014 Perpetuis
1515 1985 1643 2005 crescere

979 2027 1106 2064 rapinis.
1126 2023 1242 2055 Claud.
1255 2024 1290 2054 ii.
1304 2023 1414 2054 Rufin.
1430 2024 1506 2054 318.
1524 2024 1642 2055 Brun.

1026 2074 1098 2104 120.
1132 2073 1217 2103 Certe
1236 2074 1310 2113 filia
1335 2074 1419 2108 vivit,
1448 2073 1522 2113 uil.]
1558 2073 1643 2104 Cleis

980 2122 1110 2157 scilicet,
1138 2133 1243 2163 quam,
1266 2127 1344 2152 teste
1369 2121 1477 2157 Suida,
1506 2122 1643 2164 suscepit

981 2171 1105 2213 Sappho
1131 2182 1168 2201 ex
1194 2171 1325 2201 Cercola
1347 2171 1493 2212 conjuge.
1540 2171 1644 2212 Hujus

981 2231 1106 2262 quoque
1130 2220 1271 2250 meminit
1286 2220 1375 2250 Max.
1390 2220 1465 2261 Tyr.
1483 2226 1514 2250 et
1537 2219 1645 2250 laudat

981 2269 1101 2311 poetria
1120 2269 1198 2311 ipsa,
1216 2269 1265 2299 his
1281 2268 1434 2303 versibus,
1463 2268 1546 2310 apud
1569 2269 1643 2299 Hae-

981 2319 1186 2360 phcstionem,
1205 2318 1237 2348 in
1253 2317 1452 2349 Encliiridio:

1019 2367 1114 2399 ’Ἐστι
1142 2380 1195 2410 μοι
1220 2368 1307 2398 καλὰ
1337 2366 1416 2404 παῖς
1445 2366 1645 2408 χρυσείοισιν

1067 2416 1257 2457 ἀνθέμοισιν

1024 2466 1161 2507 Ἐμφερῆ
1199 2466 1320 2506 ἔχουσα
1363 2466 1507 2507 μορφὴν,
1548 2465 1646 2502 mete

1068 2514 1243 2556 ἀγαπητά.

1026 2563 1122 2595 'Auri
1143 2565 1203 2601 τᾶς
1219 2562 1242 2594 δ’
1258 2562 1331 2604 ἐγὼ,
1348 2561 1419 2593 οὐδὲ
1437 2561 1563 2593 Λυδίαν
1578 2563 1642 2592 πᾶ-

1072 2624 1137 2644 σαν
1152 2612 1218 2644 οὐδ’
1234 2611 1389 2654 ἐραννάν.

986 2663 1049 2699 Qui
1087 2662 1214 2704 quidem
1243 2672 1360 2697 versus,
1391 2661 1466 2703 quin
1503 2659 1647 2701 Sapphus

986 2712 1058 2748 sint,
1071 2711 1176 2742 nullus
1191 2711 1316 2742 dubitat
1327 2710 1416 2741 Fulv.
1429 2709 1532 2740 Ursin.
1547 2708 1577 2738 in
1594 2718 1645 2737 no—

988 2761 1027 2791 tis
1042 2760 1081 2791 ad
1094 2761 1215 2801 Fragm.
1228 2759 1379 2801 ejusdem,
1390 2771 1422 2801 p.
1435 2759 1510 2789 287.
1528 2758 1645 2787 AMAu.

1036 2811 1108 2841 134.
1135 2810 1174 2840 Et
1187 2813 1291 2850 jurat,
1314 2816 1341 2839 et
1363 2811 1425 2840 sinc
1449 2815 1476 2838 fe
1497 2819 1553 2837 vion.
1580 2808 1646 2836 licet
