1849 3198
619 267 962 310 HEROIDES.

1008 267 1100 309 ΕΡ.
1134 267 1215 310 IV.
1561 271 1617 311 45

229 384 348 432 Sola
371 401 463 433 nec
489 384 594 432 haec
620 384 763 431 nobis
789 383 967 446 injuria
990 383 1124 430 venit
1149 384 1210 430 ab
1236 383 1348 432 illo:

295 462 355 510 In
379 463 571 525 magnis
596 462 700 509 laesi
725 462 873 508 rebus
898 468 1109 524 uterque
1134 477 1321 508 sumus.

229 538 361 587 Ossa
383 540 480 587 mei
504 539 665 586 fratris
691 539 830 586 clava
853 538 1099 602 perfracta
1122 537 1305 584 trinodi

1525 542 1615 586 115

296 616 490 680 Sparsit
514 616 650 663 humi
672 633 681 663 :
722 632 857 662 soror
882 622 958 662 est
982 615 1152 679 praeda
1175 615 1348 662 relicta
1371 614 1501 663 feris.

226 691 396 739 Prima
420 693 725 755 securigeras
751 692 878 739 inter
900 692 1078 739 virtute
1103 693 1295 756 puellas

293 769 364 817 Te
389 770 599 834 peperit,
626 770 729 818 nati
753 771 904 832 digna
926 770 1093 833 vigore
1117 787 1315 834 parens.

228 846 282 893 Si
308 863 518 910 quaeras,
544 848 630 894 ubi
655 847 745 905 sit3
786 847 1011 894 Theseus
1036 848 1165 895 latus
1191 864 1310 896 ense
1335 850 1557 913 peregit:

292 923 340 970 N
346 940 402 971 ec
427 931 565 972 tanto
590 931 748 972 mater
772 924 978 988 pignore
1003 931 1111 972 tuta
1134 924 1242 972 fuit.

1524 931 1616 975 120

225 1000 293 1048 At
317 1017 379 1048 ne
404 1009 561 1066 nupta
586 1001 805 1065 quidem,
823 1002 1053 1064 taedaque
1069 1010 1280 1066 accepta
1296 1004 1472 1066 jugali.

293 1078 430 1127 Cur?
467 1080 561 1126 nisi
586 1096 648 1127 ne
675 1095 880 1143 caperes
906 1096 1060 1141 regna
1083 1088 1291 1143 paterna
1314 1082 1512 1129 nothus.

224 1154 433 1203 Addidit
458 1164 507 1204 et
531 1157 706 1205 fratres
733 1173 795 1204 ex
821 1174 900 1204 me
925 1157 1043 1206 tibi:
1085 1175 1208 1221 quos
1234 1166 1402 1207 tamen
1427 1177 1599 1209 omnes

292 1233 408 1282 Non
433 1252 525 1298 ego
550 1236 755 1284 tollendi
779 1252 971 1292 caussa,
1000 1237 1088 1283 sed
1113 1237 1194 1284 ille
1218 1237 1324 1285 fuit.

225 1384 308 1426 quod
339 1385 492 1417 incertum
527 1392 558 1418 et
595 1387 740 1418 timidum
769 1388 886 1419 faceret

223 1434 441 1476 Hippolytum,
464 1436 518 1466 sed
541 1447 578 1467 ex
603 1443 688 1468 certa
708 1437 819 1468 notitia
839 1437 884 1468 lo-

224 1486 340 1527 quitur,
356 1492 390 1517 ut
405 1487 660 1519 confidentiorem
676 1487 792 1519 faceret
811 1487 885 1518 ado-

223 1535 403 1567 lescentem.
449 1537 567 1567 Burni.

271 1585 342 1615 112.
361 1585 532 1616 Pirithoum
544 1585 703 1625 Phoedrae]
729 1586 778 1616 De
795 1585 886 1617 Phae-

224 1633 281 1664 dra
295 1634 338 1665 sic
354 1632 513 1676 Hyginus:
534 1635 663 1665 Phaedra
680 1635 882 1676 Minois-filia,

226 1683 326 1715 Thesei
353 1696 439 1721 umr,
473 1684 673 1725 Hippolytum
707 1685 883 1725 privignum

222 1743 308 1763 suum
323 1735 485 1770 adamarit,
497 1745 579 1774 quem
592 1745 658 1764 cum
671 1746 729 1764 non
742 1735 883 1774 potuisset

222 1784 262 1813 ad
276 1794 359 1814 suam
371 1785 534 1824 perducere
548 1784 741 1819 voluntatem,
759 1785 883 1814 tabellas

222 1833 346 1872 scriptus
373 1835 413 1864 ud
441 1834 540 1864 virum
564 1844 651 1863 suum
677 1834 768 1868 misit,
793 1844 822 1863 se
847 1834 883 1863 ab

224 1881 387 1922 Hippolyto
412 1893 601 1922 compressam
624 1893 690 1917 esse,
714 1893 798 1922 seque
818 1883 883 1921 ipsa

221 1932 377 1970 suspendio
392 1931 519 1966 necavit,
534 1936 562 1960 et
582 1929 705 1961 Theseus
722 1942 752 1961 re
775 1932 883 1961 auditu

222 1980 318 2011 filium
342 1990 429 2010 suum
453 1980 566 2010 laribus
587 1981 838 2019 eacederejussit,
854 1986 883 2010 et

222 2030 337 2068 optavit
359 2041 378 2059 α
402 2028 544 2068 Neptuno
563 2035 651 2068 patre
664 2029 737 2069 filia
755 2040 807 2059 suo
822 2030 882 2059 eai-

224 2079 311 2108 tium.
365 2077 471 2117 Itaque
496 2089 563 2108 cum
593 2078 776 2118 Hippolytus
804 2080 884 2118 equis

212 2128 335 2166 junctis
358 2127 524 2162 veheretur,
540 2133 660 2166 ¹repente
675 2139 689 2157 e
705 2129 780 2157 mari
803 2127 883 2158 Tuu-

222 2188 274 2207 rus
287 2178 438 2217 apparuit,
452 2179 539 2216 cujus
552 2178 670 2217 mugitu
683 2179 750 2217 equi
763 2188 883 2217 erure-

212 2226 298 2268 facti
315 2226 513 2267 Hippolytum
529 2228 748 2263 distraxerunt,
766 2229 884 2267 vitaque

218 2276 396 2314 privarunt.
443 2274 538 2305 Cior.

268 2324 342 2354 113.
369 2323 432 2354 Nec
457 2325 517 2353 sola
544 2325 602 2354 hoec
627 2325 667 2354 ad
692 2335 743 2354 nos
766 2325 883 2364 injuria

222 2372 335 2413 vemt]
363 2372 432 2403 Solu
461 2384 513 2403 nec
539 2373 597 2403 herc
626 2373 741 2414 scripti,
771 2379 883 2415 praeter

223 2421 428 2452 Barberinum
451 2421 589 2452 codicem
613 2428 644 2452 et
667 2422 800 2453 alterum
823 2424 881 2453 Lo-

222 2471 402 2502 vaniensem
425 2470 588 2502 Societatis
601 2472 688 2508 Jesu,
705 2472 737 2502 in
752 2471 880 2513 quibus:

224 2519 293 2551 Sola
307 2533 359 2551 nec
367 2522 426 2551 haec
436 2523 514 2551 nobis
526 2523 640 2561 injuria
655 2523 745 2553 venit.
757 2522 882 2563 elegan—

223 2574 282 2600 ter.
328 2571 372 2601 Τὸ
398 2571 499 2601 venire
520 2570 601 2601 enim
618 2581 689 2601 cum
705 2571 795 2602 tertio
809 2582 882 2602 casu

219 2618 324 2660 jungit
342 2619 518 2660 frequenter
533 2620 676 2657 Ovidius,
693 2626 727 2651 ut
739 2621 770 2651 in
784 2620 883 2651 Fastis

225 2667 282 2697 lib.
299 2679 329 2698 v.
346 2668 420 2698 648.
446 2668 506 2699 fide
523 2668 706 2709 optimorum
721 2668 878 2700 codicum:

271 2717 312 2747 Et
326 2719 445 2748 tandem
462 2718 539 2749 Caco
553 2720 651 2749 debita
664 2731 752 2759 poena
766 2721 860 2750 venit.

225 2766 275 2796 Sic
291 2772 322 2796 et
337 2766 439 2797 Graeci
456 2767 607 2808 ἔρχεσθαι
624 2779 677 2809 pro
693 2780 761 2798 esse.
809 2768 882 2798 Pro-

226 2815 342 2855 pertius
354 2814 469 2846 multus
481 2826 604 2858 quoquc
617 2823 661 2847 est
677 2816 709 2848 in
725 2816 782 2847 hac
798 2816 883 2848 locu-

953 1393 1049 1418 tlone.

980 1437 1080 1468 Vetus
1095 1436 1246 1479 interpres
1259 1437 1379 1469 Matth.
1397 1438 1462 1469 xxi.
1479 1441 1511 1470 5.
1538 1439 1615 1470 Ecce

954 1486 1019 1516 Rex·
1039 1493 1108 1517 tuus
1134 1489 1214 1517 ¹venit
1238 1489 1293 1518 tibi
1314 1495 1497 1525 mansuetus,
1514 1488 1581 1520 ἰόοῦ
1597 1490 1615 1521 ὁ

951 1534 1109 1575 βασιλεὺς
1125 1537 1175 1566 σοὶ
1190 1536 1321 1578 ἔρχεται
1336 1537 1457 1579 πραΰς.
1492 1538 1613 1570 Hffixs.

952 1585 1082 1615 Mollius
1098 1585 1160 1616 fore
1176 1586 1201 1616 si
1215 1586 1348 1627 legatur,
1363 1588 1424 1617 sola
1438 1600 1528 1628 neque
1543 1589 1614 1625 lzaec,

953 1635 1101 1664 censebat
1124 1635 1283 1672 Francius,
1299 1646 1337 1666 ne
1361 1643 1545 1668 concurrant
1562 1650 1613 1669 nec

952 1688 984 1713 et
1001 1684 1073 1713 herc.
1103 1689 1138 1714 ut
1160 1695 1233 1715 vero
1249 1686 1365 1725 injuria
1383 1688 1482 1717 tenire
1497 1687 1546 1718 hic
1563 1687 1612 1718 di-

951 1732 1041 1768 citur,
1057 1733 1101 1764 ita
1115 1739 1146 1764 et
1161 1733 1278 1765 Statius
1293 1734 1334 1765 vi.
1349 1736 1426 1766 634.

996 1783 1078 1824 Eque
1094 1790 1145 1814 tuo
1162 1786 1241 1815 venit
1256 1786 1314 1815 haec
1330 1787 1445 1825 injuria
1462 1793 1538 1817 voto.

1496 1836 1612 1870 Bemr.

997 1883 1068 1913 121.
1093 1884 1134 1913 At
1159 1895 1212 1914 nec
1239 1884 1365 1924 nuptm]
1399 1884 1529 1917 Mollius
1554 1894 1611 1925 est,

950 1938 982 1961 at
998 1943 1034 1962 ne
1050 1940 1144 1972 nupta
1160 1935 1287 1973 quidem,
1305 1940 1338 1964 ut
1361 1939 1408 1964 est
1430 1933 1461 1965 in
1477 1935 1611 1968 Franco-

950 1981 1079 2012 sustensi
1100 1988 1131 2012 et
1153 1982 1294 2024 plurimis
1318 1982 1398 2019 aliis,
1414 1994 1471 2015 nec
1495 1996 1556 2017 non
1578 1987 1610 2019 in

950 2031 1079 2062 vetustis
1094 2032 1283 2063 editionibus
1298 2031 1430 2074 aliquot.
1476 2035 1594 2067 Bonna.

994 2082 1036 2111 At
1060 2093 1112 2112 nec
1139 2089 1233 2121 nupta
1262 2083 1412 2123 quidem]
1439 2082 1513 2115 Alia
1528 2085 1609 2128 inju—

951 2129 1006 2165 ria,
1024 2131 1107 2172 quod
1131 2142 1193 2162 non
1218 2131 1374 2173 acceperit
1388 2143 1516 2164 uxorem
1531 2134 1608 2176 legi-

952 2179 1060 2210 timam
1086 2180 1303 2222 Hippolytam,
1333 2187 1463 2212 matrem
1488 2183 1609 2226 Hippo-

950 2228 1019 2269 lyti,
1029 2229 1123 2271 idque
1133 2230 1249 2261 factum
1261 2230 1353 2261 fuisse
1368 2230 1444 2262 dicit
1460 2232 1608 2264 aTheseo

951 2278 983 2308 in
1000 2278 1106 2309 odium
1123 2279 1303 2321 Hippolyti:
1328 2286 1362 2310 ut
1387 2291 1448 2311 non
1470 2281 1608 2323 legitime

952 2333 1056 2362 natus,
1080 2338 1141 2357 non
1162 2334 1266 2370 posset
1288 2329 1456 2360 succedere
1471 2337 1608 2372 paternae

951 2375 1137 2407 haereditati.

996 2426 1068 2455 122.
1095 2426 1189 2466 Cura]
1216 2425 1292 2456 Scil.
1310 2437 1370 2457 non
1387 2432 1433 2457 est
1447 2434 1589 2470 accepta.

997 2474 1069 2504 123.
1094 2476 1222 2505 Addidit
1235 2475 1367 2515 fratres,
1388 2476 1463 2516 δια]
1490 2476 1528 2506 Ι(1
1553 2483 1610 2513 est,

950 2522 1057 2562 genuit
1085 2523 1179 2554 etiam
1205 2524 1282 2555 alios
1305 2524 1383 2555 filios
1405 2535 1442 2555 ex
1469 2535 1529 2561 me,
1556 2527 1609 2567 qui

950 2577 1022 2601 sunt
1042 2571 1150 2603 fratres
1171 2573 1247 2604 tibi:
1273 2584 1345 2604 nam
1370 2573 1395 2604 si
1419 2581 1552 2605 amasset
1568 2582 1609 2611 te,

950 2631 1012 2651 non
1027 2628 1163 2652 curasset
1173 2633 1210 2653 ex
1227 2623 1289 2654 alia
1300 2623 1428 2654 muliere
1442 2624 1609 2666 suscipere,

951 2680 989 2700 ne
1005 2676 1034 2700 te
1046 2669 1230 2702 offenderet.
1255 2683 1292 2702 ex
1310 2671 1443 2703 Phaedra
1458 2672 1540 2703 enim
1554 2684 1608 2704 na-

951 2724 1000 2749 tus
1028 2725 1075 2750 est
1102 2719 1319 2761 Demophoon,
1349 2726 1379 2751 et
1412 2720 1610 2754 Antilochus.

953 2767 1000 2798 vel
1016 2774 1050 2798 ut
1066 2768 1118 2798 alii
1135 2768 1252 2805 volunt,
1267 2769 1470 2800 Acamantes.

998 2818 1070 2848 124.
1095 2818 1151 2849 Sed
1177 2819 1230 2849 ille
1256 2819 1350 2860 fuit]
1380 2819 1448 2850 Non
1475 2830 1527 2861 ego
1552 2821 1607 2850 tot-
