1849 3198
658 244 1003 288 HEROIDES.
1036 244 1129 286 ΕΡ.
1151 243 1208 285 V.
1575 243 1630 285 61

249 363 326 411 Sit
347 362 473 411 facie
499 361 722 426 quamvis
747 359 970 423 insignis,
997 359 1221 408 adultera
1243 364 1378 407 certe
1402 365 1494 407 est.
1538 361 1628 406 125

313 440 546 488 Deseruit
568 439 770 503 patrios,
796 437 993 501 hospite
1018 443 1182 500 capta,
1212 436 1363 483 Deos.

246 518 389 566 Illam
413 519 476 565 de
500 516 664 582 patria·
683 516 924 571 Theseus,
952 514 1068 578 (nisi
1093 513 1290 561 nomine
1313 512 1475 574 fallor)

314 594 499 643 Nescio
524 594 636 657 quis
661 593 901 648 Theseus,
929 591 1135 640 abstulit
1159 597 1274 638 ante
1299 606 1404 637 sua.

245 673 291 720 A
309 674 492 736 juvene
517 678 568 719 et
591 671 773 735 cupido
799 670 1029 717 credatur
1053 668 1247 716 reddita
1268 667 1444 729 virgo..

312 749 459 796 Unde
484 749 577 796 hoc
602 747 928 812 compererim
953 753 1054 793 tam
1079 746 1224 801 bene,
1252 743 1462 808 quaeris?
1499 759 1626 790 amo.

246 826 361 873 Vim
385 827 503 874 licet
527 826 765 890 appelles,
794 830 844 872 et
868 823 1067 887 culpam
1092 822 1289 869 nomine
1313 821 1474 878 veles3
1538 823 1622 867 131

315 903 439 958 Quae
463 903 610 951 toties
635 909 778 966 rapta
802 908 893 958 est,
921 901 1134 965 praebuit
1156 901 1267 964 ipsa
1289 898 1412 963 rapi.

246 979 315 1028 At
337 987 505 1028 manet
529 980 725 1027 OEnone
750 979 939 1027 fallenti
963 984 1102 1025 casta
1124 977 1327 1024 marito:

314 1056 382 1105 Et
403 1064 602 1122 poteras
627 1057 728 1105 falli
752 1056 946 1119 legibus
971 1055 1079 1119 ipse
1102 1054 1217 1102 tuis.

290 1255 363 1286 126.
389 1254 529 1286 Deseruit
548 1257 661 1295 patrios
685 1255 794 1295 hospite
817 1260 904 1294 capta

247 1303 354 1345 Deos.]
395 1304 490 1335 Socios
518 1305 595 1336 Deos
630 1304 754 1335 codices
788 1302 906 1335 exarati

245 1363 364 1384 omnes.
388 1363 472 1384 vere.
496 1364 569 1384 nam
590 1355 693 1393 patria
716 1364 786 1383 mox
802 1352 904 1393 sequi-

244 1408 306 1433 tur.
353 1403 439 1433 Deos
452 1403 535 1433 enim
550 1403 730 1445 conjugales
744 1401 903 1443 intelligit.

245 1451 354 1482 Amor.
370 1451 404 1482 ii.
422 1452 472 1482 El.
490 1452 534 1483 xi.

290 1501 463 1544 Eccefugit
480 1508 637 1542 notumque
653 1508 749 1532 torum
763 1502 906 1541 sociosque

327 1559 460 1591 penates.

245 1599 296 1631 Sic
311 1600 353 1631 ibi
369 1606 488 1632 veteres
512 1600 596 1631 libri.
621 1600 775 1643 quomodo
790 1599 904 1641 Virgil.

247 1649 377 1680 AEneid.
392 1649 439 1681 iii.
459 1651 510 1681 15.

290 1699 461 1740 Hospitium
484 1701 644 1740 antiquum.
670 1699 762 1740 Trqjae
782 1700 907 1739 sociique

329 1755 460 1788 penates.

246 1798 287 1829 Et
301 1798 403 1840 Epist.
420 1797 585 1830 Briseidis:

290 1847 322 1878 Si
338 1849 463 1888 tibijam
480 1849 649 1888 reditusque
660 1846 760 1886 placet
782 1846 908 1885 sociique

331 1903 464 1936 penates.

248 1944 293 1975 Ut
314 1944 378 1975 illic
396 1943 621 1975 Lincolniensis
646 1942 744 1974 codex
767 1942 906 1973 exhibet.

250 1995 423 2024 Communes
448 1994 524 2024 Deos
547 2003 601 2035 pro
624 1992 715 2023 sociis
736 1991 815 2022 dixit
829 1992 906 2022 Pro-

248 2049 327 2085 pert.
344 2041 366 2074 i.
383 2043 475 2084 Eleg.
491 2043 536 2073 xi.
559 2040 604 2073 sic
619 2042 680 2084 Ep.
696 2041 740 2072 iv.
756 2041 810 2072 62.
857 2040 907 2070 So-

248 2095 300 2123 cioe
313 2094 390 2134 leges
405 2093 491 2124 Fast.
508 2092 542 2123 ii.
559 2092 636 2123 618.

292 2142 333 2171 Et
354 2144 435 2172 venit
456 2143 496 2172 ad
519 2143 612 2172 socias
632 2140 721 2171 turba
740 2141 909 2180 propinqua

332 2192 432 2230 dapes.

248 2241 327 2271 Stat.
356 2240 458 2271 Theb.
488 2238 555 2270 viii.
582 2239 637 2269 24.
683 2238 768 2269 Secia
795 2248 904 2267 mensu.

248 2290 314 2322 vid.
330 2290 370 2321 ad
385 2289 524 2320 i.Am0r.
540 2288 584 2319 ix.
601 2289 633 2319 6.
651 2286 840 2329 alioquin‚et
852 2298 906 2326 pu-

249 2341 303 2370 trii
319 2340 377 2370 Dei
391 2345 422 2370 et
435 2345 553 2379 penates
568 2337 673 2369 Poetis
688 2337 813 2379 passim,
830 2347 907 2378 quos

249 2390 341 2426 θεοὺς
374 2388 548 2431 πατρώους
574 2386 734 2422 vocitatos,
763 2385 907 2428 Hyginus

249 2438 333 2480 apud
349 2438 492 2468 Macrob.
504 2437 608 2468 docet.
624 2436 681 2467 lib.
695 2436 738 2466 iv.
751 2436 817 2466 Sat.
835 2434 857 2465 i.
875 2447 905 2465 v.

250 2488 388 2519 Gronov.
405 2487 445 2518 ad
465 2488 545 2518 Stat.
568 2497 601 2529 p.
618 2486 693 2517 290.
709 2486 790 2516 Stat.
805 2484 906 2515 Theb.

249 2537 305 2568 xii.
322 2538 397 2568 699.

424 2586 538 2616 Patriis
550 2585 702 2625 modojita
715 2585 855 2615 revellam

292 2637 385 2666 Arma
404 2635 486 2665 Deis.

251 2685 314 2716 Ubi
350 2684 431 2715 male
460 2684 553 2725 vulgo
588 2685 694 2723 patris.
724 2695 756 2713 v.
795 2681 907 2712 Claud.

252 2733 347 2766 Cons.
370 2733 455 2765 Hon.
480 2731 524 2764 vi.
551 2733 614 2764 613
674 2731 770 2763 Ovid.
798 2731 858 2772 Ep.
884 2729 906 2761 i.

971 1254 1026 1285 26.
1050 1252 1095 1284 iii.
1112 1253 1166 1284 67.
1179 1258 1210 1284 et
1225 1251 1280 1283 xii.
1299 1253 1372 1283 128.
1404 1251 1486 1282 Fast.
1501 1251 1535 1282 ii.
1554 1252 1630 1284 728.

971 1303 1092 1334 mes.
1137 1303 1204 1343 Ego
1218 1308 1323 1333 tamen
1345 1301 1396 1332 hic
1418 1303 1531 1341 patrios
1552 1312 1630 1343 prae-

973 1352 1094 1388 ferrem,
1118 1357 1242 1393 propter
1266 1361 1373 1382 vocem
1397 1351 1520 1389 hospite.-
1542 1361 1631 1392 pere-

971 1401 1093 1442 grinum
1109 1400 1191 1431 enim
1204 1406 1312 1431 secuta
1323 1399 1423 1431 virum
1431 1400 1544 1439 patrios
1555 1400 1632 1431 Deos

972 1450 1120 1481 deseruit.
1164 1450 1283 1480 Bunm.

1018 1501 1091 1530 129.
1116 1498 1293 1539 Ajuvene]
1320 1496 1386 1528 Aut
1401 1496 1528 1528 oratorie
1544 1507 1631 1529 men-

973 1549 1057 1586 titur,
1073 1554 1108 1579 ut
1127 1547 1281 1578 Helenam
1296 1546 1424 1577 inducat
1439 1545 1471 1576 in
1483 1545 1631 1588 suspicio-

973 1609 1044 1629 nem
1069 1596 1183 1640 stupri3
1207 1602 1260 1628 aut
1280 1602 1363 1627 certe
1378 1595 1541 1637 juventam
1561 1607 1631 1637 pro-

973 1647 1063 1678 duxit
1078 1659 1115 1678 ex
1131 1646 1285 1678 sententia
1300 1644 1448 1676 Vasronis
1462 1645 1501 1675 ad
1517 1656 1632 1676 annum

974 1696 1116 1738 quintum
1133 1694 1454 1737 etquadragesimum.
1478 1704 1551 1724 nam
1561 1705 1632 1725 cum

972 1745 1111 1776 Theseus
1126 1745 1281 1776 Helenam
1304 1742 1416 1784 rapuit,
1443 1743 1556 1784 agebat
1578 1754 1632 1774 an-

974 1805 1048 1825 num
1064 1794 1126 1825 fere
1141 1791 1446 1836 quinquagesimum.
1471 1791 1633 1823 PAnmiu-

974 1855 1054 1875 ειυς.

1020 1894 1092 1924 130.
1124 1891 1241 1932 Unda]
1269 1890 1307 1921 Id
1323 1896 1380 1927 est,
1396 1901 1414 1921 a
1429 1901 1502 1932 quo.
1528 1891 1632 1932 Hoec.]

975 1943 1054 1980 Quae
1070 1942 1133 1973 dixi
1149 1941 1188 1972 de
1204 1941 1339 1972 Helena.
1381 1939 1485 1981 Ama]
1509 1941 1550 1970 Et
1564 1940 1634 1972 ideo

975 2003 1059 2023 amor
1075 1992 1157 2033 cogit
1171 2002 1219 2022 me
1234 1991 1294 2021 ista
1307 1989 1507 2030 investigare.
1544 1990 1634 2032 Virg.

1020 2042 1093 2072 132.
1134 2041 1267 2071 Praebuit
1303 2041 1365 2078 ipsa
1398 2038 1496 2079 rapzss]
1550 2039 1632 2070 Vide

975 2091 1144 2122 Coluthum
1170 2090 1209 2121 de
1237 2089 1333 2132 ipsius
1365 2087 1495 2119 Helenae
1529 2095 1632 2131 raptu.

975 2141 1070 2172 Cior.

1019 2190 1092 2224 Quis
1098 2188 1214 2231 fallere
1226 2189 1314 2227 possit
1329 2188 1497 2218 amantem?

1020 2239 1093 2269 134.
1118 2237 1275 2279 Legibus]
1302 2236 1352 2267 Sic
1370 2236 1528 2278 eleganter
1550 2237 1633 2278 apud

973 2287 1048 2319 Val.
1066 2287 1153 2317 Flac.
1178 2286 1210 2317 in
1225 2286 1285 2317 fine
1307 2285 1365 2316 lib.
1381 2285 1424 2316 iv.
1446 2285 1484 2316 de
1500 2285 1632 2327 Amyco,

973 2336 1118 2367 caestibus
1147 2346 1165 2366 a
1191 2334 1319 2365 Polluce
1348 2334 1520 2370 interfecto,
1550 2335 1632 2375 quod

973 2397 1071 2427 genus
1085 2396 1199 2428 pugnae
1223 2384 1287 2427 ipse
1310 2385 1537 2426 praescripserat
1552 2385 1632 2416 Gra-

968 2435 1021 2478 jis,
1037 2436 1139 2477 Lycus
1153 2435 1212 2465 ait:

1106 2483 1224 2514 Bellone
1238 2485 1331 2525 magis
1347 2484 1474 2518 laetarer,
1487 2489 1513 2513 et
1529 2484 1620 2513 armis

1021 2534 1213 2563 Procubuisse
1227 2535 1307 2568 meis,
1319 2544 1405 2573 quam
1418 2533 1480 2573 Iege
1494 2533 1571 2572 quod
1585 2543 1631 2561 oc-

1059 2584 1132 2612 cidit
1146 2583 1230 2612 ultus

1019 2630 1083 2670 Ipse
1097 2642 1164 2661 sua.

975 2679 1038 2711 Ubi
1052 2680 1222 2711 notandum
1239 2680 1320 2710 ultus
1334 2679 1413 2710 sumi
1428 2678 1559 2721 passive,
1575 2688 1632 2708 nec

975 2728 1148 2760 audiendus
1163 2728 1280 2765 Carrio,
1297 2728 1350 2770 qui
1371 2727 1536 2759 lectionem
1553 2738 1630 2761 usus,
