1849 3198
239 216 322 258 170

630 216 680 258 Ρ.
714 216 927 258 OVIDII
960 217 1240 260 NASONIS

239 332 345 388 Ille,
372 331 533 379 ferens
559 331 770 380 dominae
795 334 1029 382 mandata
1051 334 1271 382 recentia
1295 349 1480 389 secum,
1529 336 1619 380 145

305 409 557 472 Pugnabit
580 419 744 468 caute,
771 412 1103 476 respicietque
1128 413 1346 459 domum.

239 486 407 534 Exuet
430 488 535 534 haec
560 489 729 536 reduci
761 490 1010 552 clypeum,
1039 491 1333 553 galeamque
1358 488 1585 543 resolvet,

305 563 639 629 Excipietque
665 583 753 614 suo
778 574 983 631 pectora
1006 568 1137 614 lassa
1161 567 1286 613 sinu.

239 640 344 688 Nos
371 658 540 689 sumus
566 644 793 692 incertae:
834 661 922 691 nos
949 645 1124 691 anxius
1150 644 1314 691 onmia
1338 643 1486 706 cogit,

305 718 428 772 Quae
454 728 663 783 possunt
687 721 807 776 fieri,
836 721 967 768 sacta
990 729 1165 785 putare
1190 721 1351 768 timor.

1529 721 1621 766 150

237 795 371 842 Dum
397 804 563 845 tamen
589 815 723 846 arma
747 816 889 862 geres
914 800 1107 846 diverso
1132 799 1274 846 miles
1301 799 1350 845 in
1375 798 1509 852 orbe,

303 873 425 928 Quae
451 876 629 923 referat
651 877 815 924 vultus
841 884 918 925 est
942 878 1061 924 mihi
1086 893 1200 924 cera
1223 884 1351 923 tuos.

237 950 314 1000 Illi
339 952 620 1010 blanditias,
642 955 709 1001 illi
735 956 825 1003 tibi
850 956 1020 1003 debita
1043 956 1194 1002 verba

303 1028 529 1077 Dicimus
549 1048 558 1078 :
599 1032 856 1096 amplexus
883 1033 1063 1096 accipit
1086 1033 1169 1078 illa
1192 1048 1345 1078 meos.

237 1104 400 1153 Crede
425 1108 568 1164 mihi;
598 1110 709 1172 plus
736 1118 827 1167 est,
847 1127 997 1174 quam
1018 1110 1152 1174 quod
1177 1110 1416 1164 videatur,
1438 1107 1618 1169 imago.

299 1182 446 1231 Adde
471 1201 647 1232 sonum
674 1203 828 1245 cerae3
870 1188 1175 1235 Protesilaus
1202 1187 1308 1234 erit.

1529 1186 1621 1231 156

236 1258 378 1307 Hanc
405 1270 593 1325 specto,
621 1271 866 1328 teneoque
893 1266 1018 1321 sinu,
1046 1281 1134 1328 pro
1160 1265 1372 1327 conjuge
1395 1279 1538 1310 vero:

302 1336 367 1385 Et
391 1345 647 1403 tamquam
672 1342 830 1406 possit
850 1344 1003 1391 verba
1026 1342 1222 1398 referre,
1250 1357 1444 1405 queror.

274 1529 322 1559 Ad
337 1540 392 1559 sua
408 1530 563 1562 Caucaseae
575 1534 891 1575 producuutflumiua

317 1577 472 1618 Nymphae.

230 1626 271 1656 Et
285 1626 328 1657 vi.
353 1629 427 1658 528.

409 1679 505 1718 qualis
519 1681 606 1709 roseis
622 1682 645 1709 it
660 1680 787 1721 Lucg'fer
801 1683 867 1718 alis,

276 1726 368 1760 Quem
393 1727 490 1758 Venus
510 1730 625 1759 illustri
648 1732 761 1770 gaudet
772 1733 887 1770 proclu-

315 1787 380 1806 cere
395 1778 477 1807 coelo.

229 1823 301 1853 Ter.
324 1824 420 1855 Adel.
438 1825 481 1856 iii.
497 1826 541 1856 iv.
559 1827 612 1856 39.
640 1826 703 1856 Oh!
726 1838 810 1867 quem
825 1839 890 1870 ego-

230 1879 285 1903 met
309 1876 450 1911 produxi.
477 1874 540 1905 vid.
564 1875 672 1906 Barth.
691 1876 730 1906 ad
751 1877 831 1907 Stat.
855 1877 888 1907 ii.

228 1921 288 1952 Th.
307 1923 380 1953 313.
427 1924 544 1954 Bunm.

275 1972 348 2002 147.
383 1973 528 2013 Clypeum
555 1975 758 2016 galeamque]
793 1976 891 2006 Multi

228 2021 353 2052 codices
368 2027 399 2052 et
422 2022 573 2054 editiones
595 2024 750 2065 quaedam,
773 2027 890 2067 galeam

228 2071 431 2110 clypeumque.
456 2072 511 2102 sed
536 2073 651 2103 rectius
675 2075 793 2114 galeam
819 2085 890 2105 cum

228 2120 278 2159 τῷ
301 2122 446 2152 resolvent
470 2123 610 2162 proximo
640 2123 708 2153 loco
731 2123 888 2165 jungunt:

228 2167 283 2198 illa
306 2168 389 2199 enim
412 2171 608 2211 aperiebatur
624 2177 655 2202 et
674 2172 889 2205 claudebatur.

229 2217 307 2247 Stat.
322 2217 388 2248 viii.
404 2220 476 2249 163.
523 2221 640 2252 Euam.

277 2267 349 2298 152.
377 2268 449 2302 Quae
476 2270 590 2310 referat
617 2272 730 2307 vultus,
754 2278 796 2301 est
818 2274 889 2302 mihi

227 2327 307 2352 cera,
333 2317 423 2357 tuos]
450 2318 595 2359 Hyginus
617 2320 695 2350 Fab.
713 2321 775 2350 civ.
810 2321 887 2352 Lao-

229 2367 328 2396 damia
341 2367 534 2408 Acasstfilia,
551 2370 654 2399 amisso
669 2372 805 2412 conjuge,
821 2383 888 2402 cum

228 2420 288 2444 tres
302 2415 386 2445 horas
409 2419 620 2453 consumsisset,
641 2430 713 2458 quas
727 2432 743 2448 α
760 2421 817 2449 diis
837 2431 887 2459 pe-

230 2464 329 2499 tierat,
344 2465 456 2505 fletum¹
475 2472 503 2495 et
517 2468 643 2497 dolorem
663 2470 729 2507 pati
752 2480 811 2498 uon
836 2481 885 2509 po-

230 2514 301 2542 tuit.
328 2512 434 2553 Itaque
449 2514 531 2555 fecit
552 2517 746 2547 simulacrum
772 2529 887 2548 cereum

227 2563 322 2592 simile
340 2562 498 2593 Protesilai
521 2567 665 2605 conjugis,
682 2573 707 2596 et
733 2569 764 2596 in
789 2568 888 2597 thala.—

228 2612 282 2640 mis
294 2613 401 2649 posuit,
417 2614 469 2642 sub
482 2615 668 2644 simulatione
683 2627 845 2653 sacrorum,
859 2623 887 2647 et

229 2670 296 2689 eum
308 2661 400 2691 colere
411 2663 509 2700 capit.
534 2662 577 2693 ita
593 2663 702 2694 scribe.
726 2675 886 2706 perperam

227 2708 418 2739 simulacrum
435 2720 542 2740 cereum
564 2722 645 2743 nunc
668 2713 733 2743 illic
756 2713 886 2744 circum-

229 2756 336 2788 fertur.
365 2758 520 2800 Josephus
543 2760 671 2792 lscanus
692 2762 755 2793 sive
782 2763 885 2794 Devo-

959 1534 1028 1565 nius
1043 1534 1081 1564 de
1096 1534 1180 1564 bello
1194 1534 1327 1575 Trojano
1343 1533 1420 1564 libro
1436 1545 1468 1564 v.
1492 1532 1546 1574 qui
1561 1534 1620 1564 sub

958 1583 1085 1614 Daretis
1101 1583 1229 1625 Phrygii
1247 1584 1371 1614 nomine
1387 1583 1620 1614 circumfertur:

1002 1633 1152 1663 Hoemonis
1177 1635 1323 1663 absentem
1351 1635 1482 1672 suspirat
1517 1640 1619 1665 maesta

1042 1684 1193 1717 maritum,

1002 1731 1043 1761 Et
1054 1743 1111 1761 uon
1126 1742 1260 1761 sensuros
1273 1732 1375 1761 vultus
1384 1733 1504 1770 premit,
1519 1733 1619 1764 oscula

1033 1781 1137 1822 figens

1004 1830 1095 1866 Ceroe,
1113 1830 1305 1871 difficilesque
1328 1832 1393 1861 deos
1410 1832 1441 1861 in
1457 1837 1523 1862 vola
1535 1832 1619 1873 fati-

1042 1892 1131 1921 gaus.

958 1929 1046 1959 Male
1072 1935 1103 1960 et
1127 1929 1193 1960 illic
1217 1930 1390 1971 legebatur,
1406 1932 1506 1961 oscula
1517 1932 1620 1973 figens

958 1990 1053 2009 cerea.
1079 1980 1137 2010 nisi
1151 1980 1260 2016 mavis,
1277 1981 1505 2022 osculofingeus
1524 1993 1618 2014 cerea.

958 2028 1090 2070 Fingere
1115 2040 1170 2071 pro
1196 2030 1344 2065 mulcere,
1371 2030 1409 2060 de
1439 2041 1501 2071 quo
1526 2032 1618 2062 verbo

957 2078 1091 2108 ubertim
1115 2079 1155 2109 ad
1180 2078 1306 2109 Acontii
1335 2079 1506 2120 Epistolam
1533 2080 1618 2111 dice-

958 2138 1036 2163 mus,
1052 2133 1082 2157 et
1098 2129 1309 2170 Metamorph.
1327 2128 1368 2159 iv.
1392 2128 1512 2159 Fabula
1527 2129 1616 2160 This-

957 2177 1025 2206 bes.
1070 2177 1242 2207 Hmssms.
1289 2177 1339 2207 Ita
1361 2176 1515 2208 Admetus
1534 2179 1617 2220 apud

957 2224 1139 2266 Euripidem
1153 2225 1274 2257 Alc-est.
1290 2226 1366 2256 348.

1002 2274 1091 2314 Σοφῇ
1113 2272 1143 2304 δὲ
1167 2275 1251 2316 χειρὶ
1270 2275 1433 2306 τεκτόνων
1459 2274 1557 2317 δέμας
1580 2279 1617 2309 τὸ

1045 2323 1106 2353 σὸν

1000 2370 1157 2403 Εἶκάσθεν
1179 2372 1214 2403 ἐν
1236 2371 1419 2414 λέκτροισιν
1444 2373 1617 2413 {maelm-

1040 2433 1105 2451 ται.

1000 2469 1095 2500 Docta
1129 2481 1195 2499 vero
1223 2482 1315 2501 manu
1343 2472 1495 2512 artificum
1532 2480 1616 2505 tuum

1039 2530 1143 2558 corpus

998 2569 1215 2599 sis-simulatum
1246 2571 1278 2599 iu
1308 2571 1380 2600 lecto
1409 2572 1613 2604 collocabitur.

1039 2618 1097 2648 Sec.
1455 2623 1571 2654 anm.

1002 2667 1073 2697 156.
1099 2669 1184 2698 Adde
1209 2669 1341 2710 sonaim]
1369 2670 1509 2702 Venuste
1529 2672 1614 2704 Ana-

954 2726 1056 2747 creon.
1081 2717 1142 2747 od.
1159 2718 1264 2749 xxviii.
1277 2724 1307 2749 et
1323 2719 1409 2750 xxix.
1434 2721 1504 2752 vide
1520 2722 1612 2764 Flay-

954 2764 1020 2796 deri
1032 2765 1201 2797 Analecta.
1215 2778 1245 2808 p.
1256 2768 1329 2799 337.
1343 2775 1373 2799 et
1384 2780 1471 2811 seqq.
1496 2771 1613 2802 Hms.
