1849 3198
649 199 992 242 HEROIDES.
1026 200 1117 242 ΕΡ.
1153 201 1289 243 XVI.

1579 205 1664 246 199

699 371 1047 419 EPISTOLA
1085 373 1227 421 XVI.

629 488 876 531 PARIS
931 489 1299 533 HELENAE.

271 587 414 636 Hanc
439 590 529 636 tibi
555 590 832 638 Priamides
858 592 1017 647 mitto,
1047 590 1242 648 Ledaea,
1271 593 1510 651 salutem3

336 666 460 721 Quae
486 668 634 715 tribui
661 668 766 714 sola
789 675 838 715 te
864 668 984 714 mihi
1008 668 1159 715 dante
1183 676 1364 732 potest.

267 743 520 807 Eloquar?
557 761 618 792 an
643 745 854 792 flammae
880 762 978 792 non
1004 752 1080 792 est
1104 762 1230 809 opus
1255 746 1420 794 indice
1446 755 1602 803 notae;

334 821 400 869 Et
423 824 551 886 plus,
579 840 731 886 quam
755 824 948 879 vellem,
971 825 1077 886 Jam
1103 840 1244 870 meus
1271 831 1437 871 exstat
1461 828 1630 873 amor?

266 897 356 946 Ille
382 900 586 962 quidem
610 901 778 948 malim
802 901 982 958 lateat;
1023 901 1143 947 dum
1168 907 1394 965 tempora
1418 902 1597 950 dentur
1623 906 1651 950 5

332 975 538 1024 Laetitiae
565 978 748 1026 mixtos
774 995 873 1025 non
898 979 1128 1026 habitura
1151 987 1331 1026 metus.

265 1053 367 1101 Sed
391 1056 520 1102 male
545 1056 820 1103 dissimulo.
861 1056 972 1119 quis
999 1056 1130 1103 enim
1157 1056 1391 1104 celaverit
1416 1058 1598 1119 ignem,

329 1131 537 1181 Lumine
563 1134 649 1197 qui
675 1150 870 1198 semper
895 1133 1119 1197 proditur
1144 1134 1252 1197 ipse
1277 1135 1400 1181 suo?

263 1208 316 1255 Si
341 1216 508 1258 tamen
540 1218 822 1274 exspectas,
848 1227 1022 1258 vocem
1059 1227 1261 1274 quoque
1299 1212 1446 1259 rebus
1484 1219 1538 1259 ut
1563 1213 1648 1259 ad-

328 1287 472 1336 Uror.
511 1290 666 1337 habes
692 1289 840 1336 animi
867 1289 1040 1336 nuntia
1062 1289 1213 1336 verba
1238 1289 1352 1336 mei.

1484 1290 1645 1351 [dam3

260 1364 435 1422 Parce,
462 1383 652 1430 precor,
679 1367 839 1414 fasso:
880 1382 972 1413 nec
996 1366 1134 1412 vultu
1160 1372 1327 1413 cetera
1351 1366 1475 1413 duro
1590 1371 1643 1414 ]1

326 1443 554 1507 Perlege,
582 1446 671 1493 sed
695 1445 863 1492 formae
888 1444 1214 1492 conveniente
1238 1451 1353 1491 tuae,

1479 1446 1650 1509 [cepta

256 1518 561 1569 Jamdudum
600 1530 795 1585 gratum
833 1529 925 1578 est,
953 1522 1088 1585 quod
1126 1520 1339 1584 epistola
1363 1528 1532 1568 nostra
1571 1539 1644 1569 re-

325 1597 480 1662 Spem
504 1599 639 1656 facit,
665 1600 758 1647 hoc
784 1599 937 1662 recipi
968 1615 1047 1645 me
1073 1614 1276 1661 quoque
1303 1614 1452 1661 posse
1478 1600 1643 1646 modo,

255 1721 399 1762 primam.
435 1723 582 1754 Ceterum
601 1723 756 1754 distichon
771 1724 828 1754 hoc
845 1734 915 1766 pos-

255 1776 385 1803 tremum
401 1783 456 1814 pro
471 1772 610 1814 legitimo
636 1774 771 1805 Nasonis
795 1774 845 1804 vix
868 1780 915 1805 est

253 1826 288 1851 ut
303 1831 469 1862 agnoscam
485 1834 490 1852 :
516 1833 573 1853 nec
588 1823 662 1854 satis
677 1834 825 1864 assequor
838 1823 914 1864 quid

253 1869 311 1900 sibi
328 1871 414 1901 velit.
439 1872 612 1903 mesws.
643 1872 733 1903 Nihil
749 1872 913 1914 indignum

254 1918 369 1950 Ovidio
395 1920 502 1951 video:
528 1932 635 1951 sensus
650 1927 708 1952 est.
733 1921 803 1957 hoc,
828 1921 912 1952 scili-

253 1968 420 2010 cetjuvare
432 1976 462 2000 te
475 1970 591 2011 fugam,
604 1971 715 2001 saltem
727 1971 811 2001 dicat
822 1972 911 2013 Epis-

253 2018 335 2056 tola;
360 2025 393 2049 ut
409 2025 494 2051 certa
507 2021 654 2062 propositi
666 2021 711 2051 tui
727 2021 825 2062 perire
842 2032 912 2063 pos-

251 2068 309 2098 sim
323 2068 506 2110 praecipitio.
532 2082 601 2101 saur
623 2077 767 2110 petantur
790 2071 911 2112 Regius

249 2117 356 2154 etiam,
372 2119 455 2159 quod
472 2130 533 2150 non
549 2120 729 2151 absurdum.
770 2121 887 2151 Enim.

294 2168 369 2198 220.
384 2168 623 2212 Leucadiaesatcz
638 2176 783 2209 petuntur
797 2171 906 2211 aynau]

251 2217 351 2248 Dedit
377 2218 506 2260 Joseph.
535 2220 674 2261 Scaliger
708 2220 764 2261 (ad
793 2220 908 2261 Cupid.

251 2269 401 2299 Crucifix.
426 2268 565 2308 Auson.)
587 2280 624 2299 ex
652 2270 813 2299 Ptolemao
835 2270 909 2300 Hae-

249 2318 351 2360 phest.
399 2319 585 2359 Catalogum
623 2330 660 2349 ex
699 2319 843 2351 Leucade
877 2331 909 2350 se

250 2367 509 2409 praecipitantium
524 2380 531 2405 3
555 2368 587 2398 in
602 2380 665 2409 qua
686 2368 755 2399 duzr¹
773 2369 908 2400 foeminae

249 2423 446 2457 comparent:
473 2419 644 2453 Artemisia,
669 2418 805 2448 Mausoli
831 2419 910 2459 regis

248 2476 335 2501 uxor,
351 2473 382 2497 et
402 2467 541 2506 Rhodope
556 2467 719 2508 quaedan13
744 2468 857 2509 quibus
872 2479 909 2499 cx

247 2515 414 2551 Athenaeo,
441 2515 504 2546 xiv.
522 2518 553 2547 3.
591 2517 721 2558 Calycen
741 2517 909 2559 quamdam

248 2565 336 2596 addit
350 2565 479 2596 Tollius.
530 2565 649 2597 Aulin.

294 2652 321 2681 l.
347 2651 463 2692 Hatita]
490 2652 578 2683 Forte
607 2652 731 2688 rectius,
758 2654 811 2683 hac
841 2656 904 2683 tihi.

248 2699 365 2731 scilicet
385 2700 523 2742 Epistola
540 2702 591 2741 (ut
607 2701 707 2743 Epist.
726 2702 789 2732 xix.
817 2705 908 2733 verbis

250 2750 365 2780 mittere
390 2750 531 2791 salutem)
559 2750 647 2781 mitto
676 2751 731 2781 tibi
761 2752 904 2782 salutem.

984 1722 1048 1753 vid.
1078 1721 1117 1752 ad
1138 1721 1239 1763 Epist.
1255 1721 1278 1752 i.
1299 1723 1329 1751 1.
1357 1722 1413 1752 sed
1438 1722 1569 1763 vulgata
1591 1722 1645 1753 de-

982 1772 1068 1803 fendi
1083 1777 1185 1813 potest
1200 1782 1238 1802 ex
1256 1783 1287 1802 v.
1303 1771 1395 1802 Trist.
1415 1773 1466 1802 13.
1486 1773 1516 1802 l.

1027 1822 1118 1852 Hanc
1135 1828 1204 1851 tuus
1218 1832 1232 1851 e
1249 1821 1354 1851 Getico
1376 1823 1467 1851 mittit
1495 1823 1549 1851 tibi
1566 1822 1646 1852 Naso

1066 1872 1206 1901 salutem.

981 1920 1042 1949 Pro
1062 1920 1169 1950 Leclaea
1192 1919 1330 1950 malebat
1354 1918 1504 1950 Heinsius
1530 1920 1643 1951 Ledccz'.

980 1967 1050 1998 vide
1068 1967 1168 2009 Epist.
1184 1967 1238 1997 xii.
1257 1969 1309 1998 61.
1333 1975 1335 1977 ’
1355 1969 1471 1998 Duum.

1026 2018 1075 2047 13.
1101 2016 1231 2047 Gratum
1261 2017 1334 2057 est.]
1369 2016 1521 2047 Formulae
1551 2016 1645 2059 hujus

979 2065 1169 2107 elegantiam
1229 2065 1398 2097 illustravit
1441 2065 1644 2108 politissimus

979 2115 1193 2146 Broukhusius
1209 2116 1248 2146 ad
1263 2115 1368 2146 Tibul.
1384 2115 1427 2146 iv.
1448 2117 1499 2146 10.

1022 2164 1152 2204 Recepta
1168 2165 1238 2205 esl.]
1265 2166 1308 2196 Τὸ
1335 2171 1377 2195 est
1402 2175 1465 2195 una
1486 2176 1557 2195 cum
1580 2165 1642 2196 dis-

978 2213 1128 2244 tinctione
1158 2214 1341 2250 tollendum,
1370 2226 1407 2245 ex
1434 2214 1495 2245 fide
1525 2215 1637 2246 Putea-

977 2262 1029 2292 nei
1057 2268 1089 2293 et
1115 2268 1246 2303 quatuor
1277 2263 1421 2294 aliorum.
1468 2264 1642 2295 Hmssrvs.

978 2312 1089 2342 Douza
1112 2318 1197 2342 notat
1228 2312 1310 2354 apud
1339 2313 1467 2344 idoneos
1494 2314 1642 2345 Oratores

979 2372 1038 2391 non
1053 2372 1121 2391 esse
1133 2361 1165 2391 in
1180 2373 1248 2397 usu,
1263 2364 1357 2402 recepi
1369 2363 1530 2401 Epistolam
1546 2370 1639 2399 tuam,

978 2410 1032 2440 sed
1047 2413 1159 2449 (recepi.
1185 2415 1217 2440 at
1235 2410 1391 2441 Nasonem
1408 2411 1516 2442 fecisse
1533 2422 1639 2442 neces-

978 2459 1067 2489 sitate
1084 2459 1186 2490 metri.
1211 2460 1267 2490 sed
1291 2459 1333 2490 ita
1349 2471 1497 2491 excusare
1514 2462 1639 2497 Po'etas,

979 2514 1025 2538 est
1041 2519 1198 2539 accusare.
1222 2520 1282 2539 non
1299 2509 1381 2540 enim
1397 2511 1487 2540 metri
1503 2510 1638 2541 necessi—

977 2563 1025 2587 tas
1040 2558 1160 2588 efficere
1176 2557 1281 2595 debet,
1297 2565 1331 2589 ut
1353 2559 1455 2589 minus
1478 2560 1639 2600 eleganter

977 2613 1008 2636 et
1023 2606 1134 2637 Latine
1162 2607 1259 2638 Poiz'ta
1282 2609 1437 2649 loquatur.
1461 2619 1557 2649 quare
1583 2620 1633 2649 po-

976 2654 1037 2685 tius
1054 2662 1209 2687 auctorem
1227 2657 1318 2697 liujus
1334 2657 1493 2699 Epistol-T,
1512 2657 1635 2687 dubita-

975 2709 1024 2735 tur
1040 2704 1121 2735 enim
1144 2716 1183 2736 an
1200 2705 1334 2737 Ovidius
1353 2707 1403 2743 sit,
1418 2707 1526 2737 111÷isse
1549 2711 1636 2747 puto,

974 2753 1005 2784 in
1027 2753 1174 2795 ambigua
1197 2755 1422 2795 significatione
1450 2755 1533 2786 verbi
1561 2757 1632 2785 res-i..

1062 2808 1090 2834 ()
1105 2808 1122 2836 4
