1849 3198
207 165 292 207 226

589 167 637 207 Ρ.
673 166 783 208 OVI
792 167 884 208 DII
921 168 1200 210 NASONIS

211 281 335 336 Quae
359 282 444 330 tua
468 282 691 346 nequitia
715 291 806 340 est,
835 300 931 330 non
957 284 1032 331 his
1058 292 1293 333 contenta
1316 285 1507 335 fuisset.

278 360 343 406 Di
368 361 542 407 melius
565 378 574 408 ε
615 361 787 408 similis
814 378 911 408 non
936 361 1027 408 fuit
1051 362 1132 409 ille
1159 363 1246 410 tui.
1535 368 1600 412 30

212 437 453 485 Reddidit
476 438 741 495 intactam3
782 436 1060 501 minuitque
1086 439 1333 487 modestia
1357 440 1573 490 crimen:

278 514 343 561 Et
361 517 597 579 juvenem
621 516 737 563 facti
763 516 1054 579 poenituisse
1079 524 1233 581 patet.

209 592 404 642 Thesea
426 595 675 659 poenituit,
703 594 844 641 Paris
870 601 926 641 ut
950 595 1243 643 succederet
1266 595 1362 653 illi3

276 670 355 719 Ne
381 673 580 735 quando
605 688 786 719 nomen
810 687 908 718 non
933 671 997 718 sit
1020 671 1070 718 in
1095 688 1178 719 ore
1203 673 1404 720 meum?

211 748 319 797 Nec
330 756 496 797 tamen
507 751 712 797 irascor:
739 750 873 812 (quis
886 749 1017 796 enim
1029 749 1268 798 irascatur
1283 750 1467 797 amanti
1478 750 1519 811 ?>
1535 754 1599 798 35

277 827 330 874 Si
355 828 518 883 modo,
547 844 696 890 quem
722 826 938 890 praefer&
967 843 1064 873 non
1091 828 1350 875 simulatur
1375 844 1527 875 amor.

208 904 318 953 Hoc
345 922 546 969 quoque
571 906 702 953 enim
727 905 918 951 dubito.
957 921 1055 952 non
1081 921 1180 968 quo
1206 905 1388 952 fiducia
1411 905 1558 961 desit,

274 982 376 1030 Aut
400 999 511 1030 mea
536 983 599 1030 sit
621 983 773 1030 facies
799 999 897 1029 non
921 984 1050 1031 bene
1075 990 1194 1031 nota
1217 984 1365 1031 mihi:

209 1060 309 1108 Sed
336 1061 455 1123 quia
477 1061 743 1108 credulitas
769 1061 950 1107 damno
977 1061 1104 1108 solet
1128 1077 1239 1108 esse
1264 1060 1470 1125 puellis;

272 1137 539 1201 Verbaque
564 1138 797 1184 dicuntur
819 1145 983 1184 vestra
1006 1154 1174 1186 carere
1199 1138 1313 1185 fide.
1533 1140 1598 1184 40

206 1215 274 1263 At
298 1222 511 1279 peccant
534 1216 640 1263 aliae
660 1234 670 1272 3
710 1223 1036 1279 matronaque
1062 1232 1171 1263 rara
1195 1216 1379 1280 pudica
1404 1223 1496 1263 est.

274 1293 407 1348 Quid
431 1294 661 1357 prohibet
685 1294 805 1341 raris
832 1310 1012 1341 nomen
1038 1294 1202 1341 inesse
1228 1293 1429 1341 meum?

208 1371 339 1419 Nam
363 1388 477 1419 mea
500 1373 635 1435 quod
658 1372 763 1419 Visa
788 1378 864 1419 est
886 1372 976 1419 tibi
1001 1378 1158 1419 mater
1183 1371 1377 1426 idonea,
1405 1371 1547 1434 cujus

276 1449 524 1513 Exemplo
549 1449 683 1496 flecti
708 1466 787 1496 me
813 1465 1014 1512 quoque
1040 1465 1187 1513 posse
1212 1452 1386 1513 putes:

208 1526 385 1574 Matris
412 1528 461 1573 in
486 1527 718 1583 admisso,
746 1527 871 1574 falsa
896 1528 988 1573 sub
1015 1528 1230 1589 imagine
1255 1527 1393 1582 lusae,
1532 1528 1597 1572 45

275 1605 423 1652 Error
448 1605 603 1653 inest:
644 1606 812 1668 pluma
836 1612 997 1652 tectus
1020 1605 1214 1652 adulter
1239 1612 1358 1651 erat.

210 1682 294 1729 Nil
320 1699 428 1745 ego,
457 1683 496 1729 si
523 1699 745 1746 peccem,
774 1683 960 1747 possim
986 1683 1222 1738 nescisse,
1251 1699 1342 1729 nec
1368 1683 1498 1728 ullus

274 1759 438 1816 Error,
467 1761 551 1824 qui
576 1760 693 1808 facti
719 1761 904 1808 crimen
930 1760 1208 1815 obumbret,
1237 1760 1343 1807 erit.

208 1837 301 1885 Illa
324 1839 452 1885 bene
479 1839 671 1893 erravit,
699 1838 973 1900 vitiumque
1000 1844 1201 1884 auctore
1227 1836 1452 1884 redemit.

275 1915 415 1963 Felix
442 1916 491 1962 in
516 1917 665 1979 culpa
689 1932 788 1979 quo
813 1915 937 1963 Jove
963 1916 1100 1962 dicar
1125 1915 1251 1978 ego?
1533 1917 1598 1962 5o

249 2032 302 2061 31.
329 2030 474 2061 Reddidit
499 2031 677 2071 intactam]
705 2032 778 2061 Non
809 2031 864 2062 de-

207 2079 332 2110 fuerunt
347 2085 463 2117 tamen,
474 2080 528 2122 qui
540 2080 737 2122 Iphigeniam
750 2092 787 2111 ex
800 2082 865 2111 He-

206 2129 285 2159 lenae
296 2129 471 2171 Theseique
484 2130 651 2160 concubitu
667 2129 760 2160 fuisse
776 2141 866 2171 prog-

207 2185 311 2210 natam
327 2179 544 2211 asseverarint.
577 2179 660 2210 Vide
672 2178 866 2210 Antoninum

207 2228 380 2258 Liberalem
420 2228 666 2269 Metamorphos.
703 2228 798 2259 xxvii.
836 2234 867 2260 et

207 2278 395 2309 Pausaniam
408 2278 440 2308 in
452 2277 668 2308 Corinthiacis.
679 2278 735 2308 lib.
749 2278 783 2308 ii.
797 2289 866 2319 cap.

205 2327 260 2356 22.
296 2327 470 2357 Hfflxsms.
517 2326 598 2357 Vide
617 2327 721 2357 Tzetz.
747 2328 785 2357 ad
801 2328 864 2368 Ly-

207 2376 315 2417 eophr.
334 2377 406 2406 103.
423 2381 454 2406 et
472 2376 545 2406 143.

250 2425 304 2455 34.
331 2424 398 2455 Non
412 2427 448 2455 siz
462 2427 493 2454 in
508 2424 586 2464 ora]
603 2424 728 2455 Scilicet
743 2425 863 2466 populi.

207 2474 327 2504 Hiems.

250 2524 304 2554 35.
345 2523 419 2557 Qm's
445 2525 519 2553 enim
550 2530 696 2554 succenset
724 2524 864 2564 [intanti]

209 2572 360 2602 Irascetur
379 2571 603 2602 Scriverianus.
650 2573 733 2613 Lego
755 2574 865 2602 irasm-

210 2629 271 2658 1ur,
287 2627 416 2653 venusta
442 2620 635 2663 repetitione,
657 2622 695 2652 de
720 2632 781 2663 qua
806 2622 865 2663 Ep.

212 2670 252 2702 vi.
269 2682 300 2701 v.
324 2671 378 2700 29.
425 2670 541 2700 Statius
563 2670 649 2711 Sylv.
677 2670 732 2700 111).
759 2671 799 2701 iv.
827 2671 865 2701 ad

933 2032 950 2062 J
957 2030 1053 2062 ulium
1069 2031 1286 2061 Menecraten]
1299 2041 1305 2059 :

979 2079 1153 2119 [iustiorque
1168 2080 1268 2115 etiam,
1290 2084 1432 2119 quantum
1460 2079 1594 2108 irascun-

1022 2135 1074 2159 tur
1089 2134 1234 2158 uniames.
1434 2127 1552 2157 Hfflxs.

978 2178 1030 2208 37.
1055 2177 1125 2207 Non
1140 2177 1246 2217 qnod]
1274 2176 1311 2205 In
1327 2175 1475 2206 Mediceo
1490 2181 1521 2206 et
1536 2176 1596 2206 Ar-

933 2226 1110 2267 gentinensi
1128 2231 1194 2256 erat
1212 2236 1277 2265 quo,
1302 2224 1385 2265 quod
1402 2224 1542 2255 Latinius
1565 2231 1596 2256 et

934 2275 1109 2315 elegantius
1124 2285 1248 2305 censeo.
1272 2274 1317 2304 ita
1336 2274 1419 2304 enim
1439 2274 1549 2304 Cicero
1565 2280 1596 2305 et

934 2324 987 2355 alii
1003 2324 1048 2355 uti
1063 2324 1163 2355 solent
1178 2335 1232 2366 pro
1246 2326 1327 2365 «μιίιι,
1339 2330 1489 2365 sequente
1501 2324 1595 2355 etiam

934 2374 966 2405 in
990 2375 1086 2406 altero
1102 2374 1261 2405 Orationis
1285 2375 1433 2410 membro,
1449 2376 1528 2414 quia,
1544 2374 1596 2405 vel

933 2427 1020 2464 qitod,
1037 2424 1147 2455 eadem
1167 2423 1407 2464 significatione.
1431 2424 1488 2454 lib.
1504 2423 1538 2454 ii.
1556 2423 1594 2454 de

934 2474 1023 2504 Orat.
1039 2475 1093 2505 75.
1140 2473 1178 2503 In
1194 2486 1249 2514 qno
1271 2485 1334 2515 ego,
1350 2486 1406 2504 non
1432 2486 1486 2514 quo
1501 2475 1593 2505 liben-

935 2530 979 2553 ter
994 2525 1069 2554 male
1085 2525 1217 2558 audiam,
1233 2524 1281 2553 sed
1297 2525 1367 2563 qnia
1390 2535 1442 2565 ego
1460 2535 1593 2554 caussam

935 2585 992 2603 nun
1007 2574 1130 2603 libenter
1143 2574 1288 2613 relinquo,
1300 2574 1426 2603 nimium
1435 2574 1551 2613 patiens
1565 2579 1595 2602 et

936 2624 1033 2653 lentus
1047 2623 1207 2652 existimor.
1234 2623 1351 2653 Bunm.

979 2672 1030 2702 49.
1074 2672 1240 2711 litiumque
1277 2677 1398 2702 &merore
1437 2670 1590 2709 redemit]
