1849 3198
228 213 285 256 16
621 209 670 250 Ρ.
705 207 918 250 OVIDII
951 207 1231 250 NASONIS

230 328 259 375 J
265 341 597 390 unonemque,
624 324 742 372 toris
768 340 878 387 quae
904 323 1137 387 praesidet
1161 325 1290 372 alma
1314 324 1518 382 maritis,

298 406 364 453 Et
388 421 475 469 per
499 402 732 451 taediferae
758 402 971 465 mystica
995 417 1135 449 sacra
1161 402 1299 450 Deae.

233 483 286 530 Si
311 483 374 530 de
397 489 471 529 tot
493 481 623 528 laesis
649 496 740 527 sua
762 480 965 526 numina
988 480 1202 543 quisque
1229 480 1448 528 Deorum

295 560 554 607 Vindicet:
584 559 633 605 in
657 573 829 621 poenas
854 573 951 604 non
977 557 1095 605 satis
1120 574 1246 604 unus
1272 558 1384 605 eris.

230 638 298 685 At
320 638 508 702 laceras
534 636 682 684 etiam
708 651 902 699 puppes
927 633 1110 681 furiosa
1133 634 1309 683 refeci:
1556 637 1619 682 45

298 705 384 772 Πῑζ
412 731 511 779 qua
533 715 801 768 desererer,
828 713 969 759 firma
992 712 1158 759 carina
1181 711 1321 759 foret.

232 793 617 855 Remigiumque
642 790 772 845 dedi,
800 806 898 853 quo
924 806 1003 837 me
1028 788 1271 851 fugiturus
1298 789 1476 837 abires,

298 870 412 918 Heu
438 870 596 934 patior
619 868 731 915 telis
755 867 957 915 vulnera
981 867 1112 914 facta
1135 866 1279 913 meis!

233 947 548 995 Credidimus
574 945 784 1001 blandis,
807 960 1016 1007 quorum
1040 943 1130 990 tibi
1156 943 1314 1007 copia,
1341 942 1532 990 verbis:

301 1025 615 1072 Credidimus
642 1022 826 1085 generi,
854 1022 1235 1084 nominibusque
1260 1021 1386 1068 tuis:

1558 1022 1622 1067 50

232 1101 548 1149 Credidimus
567 1100 797 1147 lacrimis.
839 1116 901 1146 an
921 1106 971 1147 et
988 1100 1063 1146 hae
1089 1099 1320 1146 simulare
1345 1099 1584 1146 docentur
1603 1098 1622 1146 ’ἒ

297 1178 389 1226 Hae
406 1195 604 1242 quoque
623 1179 809 1225 habent
824 1184 969 1234 artes,
988 1193 1186 1240 quaque
1199 1178 1452 1240 jubentur,
1470 1176 1622 1223 eunt?

232 1256 322 1303 Dis
342 1272 540 1319 quoque
559 1255 874 1302 credidimus.
898 1270 995 1317 quo
1015 1255 1120 1316 jam
1135 1260 1208 1300 tot
1226 1254 1432 1317 pignora
1443 1252 1583 1300 nobis
1603 1253 1621 1300 ’ἓ

300 1333 448 1380 Parte
474 1333 592 1379 satis
618 1332 756 1396 potui
782 1331 1004 1394 qualibet
1028 1331 1142 1378 inde
1168 1330 1295 1394 capi.

231 1409 340 1456 Nec
365 1426 576 1465 moveor,
604 1408 737 1472 quod
761 1415 810 1455 te
829 1407 933 1471 juvi
959 1414 1203 1471 portuque
1228 1408 1453 1470 locoque.
1557 1409 1619 1454 55

299 1486 487 1533 Debuit
510 1486 603 1532 hoc
629 1484 789 1532 meriti
815 1500 1008 1531 summa
1030 1483 1182 1532 fuisse
1208 1485 1321 1531 mei„

231 1563 461 1627 Turpiter
485 1563 754 1626 hospitium
778 1562 907 1609 lecto
932 1562 1211 1609 cumulasse
1231 1561 1387 1624 jugali

299 1642 531 1698 poenitet,
559 1648 608 1688 et
624 1641 764 1688 lateri
789 1640 1098 1688 conseruisse
1123 1640 1269 1686 latus.

234 1719 357 1774 Quae
383 1719 473 1766 fuit
497 1726 610 1766 ante
636 1719 785 1775 illam,
812 1718 1011 1765 mallem
1037 1732 1268 1780 suprema
1291 1715 1467 1763 fuisset

300 1798 416 1845 Nox
437 1797 555 1844 mihi
577 1816 586 1854 ;
616 1798 733 1844 dum
753 1796 891 1860 potui
911 1795 1106 1859 Phyllis
1130 1795 1340 1841 honesta
1356 1793 1495 1839 mori.
1557 1795 1620 1839 60

235 1875 439 1939 Speravi
465 1875 657 1931 melius,
685 1875 802 1937 quia
825 1890 904 1922 me
929 1872 1168 1920 meruisse
1193 1871 1377 1935 putavi.

301 1952 640 2014 Quaecumque
666 1968 730 1999 ex
756 1951 928 1999 merito
955 1966 1071 2014 spes
1094 1949 1243 2004 venit,
1271 1964 1415 2011 aequa
1436 1947 1585 1995 venit.

232 2049 282 2079 Ita
296 2048 417 2079 videtur
432 2048 667 2084 restituendum,
684 2059 754 2079 cum
774 2048 892 2090 vulgati

232 2097 410 2133 exhibeant,

276 2146 340 2185 Ipse
356 2147 448 2175 locum
466 2147 527 2176 vati
543 2145 730 2187 camzsfacit.

233 2194 373 2236 Propert.
387 2194 443 2224 lib.
457 2193 501 2224 iii.
516 2194 598 2235 eleg.
611 2194 634 2224 i.

278 2243 453 2284 Nonfaciet
468 2244 560 2282 capiti
575 2244 653 2272 dura
670 2254 775 2273 corona
790 2254 861 2273 ¹meo.

232 2292 326 2322 Trist.
339 2291 384 2322 iii.
399 2291 462 2322 xiv.
476 2293 509 2322 2.

266 2341 415 2382 Quisacis
428 2342 550 2381 ingenio
563 2352 683 2379 semper,
697 2341 807 2375 Amice,
819 2350 891 2369 meo.

277 2391 329 2420 42.
357 2389 507 2431 Tadiferae
534 2390 634 2429 Deua]
658 2389 778 2419 Cereris
800 2389 893 2419 Eleu-

232 2439 318 2469 siniae
331 2451 338 2477 3
370 2439 451 2480 quod
480 2439 751 2480 praesentissimum
780 2449 894 2469 numen

234 2488 491 2518 Atheniensibus.
522 2488 565 2517 sic
595 2493 625 2518 et
655 2486 771 2528 Εχάτα
801 2486 893 2518 &1156-

234 2544 331 2578 φορος
346 2536 531 2578 Bacchylidi
554 2536 585 2567 in
601 2536 780 2577 fragmentis
795 2537 892 2567 dicta.

234 2598 266 2628 p.
281 2587 355 2616 264.
369 2585 455 2616 Edit.
468 2586 576 2627 steph.
591 2586 694 2616 Hms.

278 2637 332 2666 52.
359 2635 668 2676 erqnejnbentnvu]
686 2634 773 2665 Nihil
786 2641 890 2665 muto:

235 2684 385 2714 Prudent.
400 2683 515 2725 Apoth.
530 2685 603 2714 838.

279 2733 378 2762 Sarda
398 2734 493 2771 prius,
509 2734 578 2772 jam
602 2734 685 2763 docta
711 2735 802 2773 sequi,
818 2744 890 2773 qua-

320 2782 612 2821 citmquejnbentur.

959 2047 1009 2078 Sic
1020 2052 1103 2078 recte
1118 2046 1225 2077 Codex
1236 2046 1369 2088 optimus
1380 2044 1507 2076 Bodlei:
1525 2043 1620 2086 vulgo

959 2097 1024 2128 sine
1053 2107 1145 2127 sensu
1172 2097 1376 2135 quodcunque.
1416 2093 1622 2124 Doctissimus

957 2144 1089 2176 Juvenis
1097 2142 1370 2175 Slichtenhorstius
1381 2143 1619 2183 cimiquejuben-

960 2201 1023 2224 tur.
1037 2193 1075 2224 de
1088 2193 1181 2235 jussis
1195 2191 1330 2223 lacrimis
1345 2192 1415 2223 vide
1430 2191 1554 2221 omnino
1575 2190 1621 2220 lo-

959 2254 1029 2273 cum
1059 2241 1221 2273 Juvenalis
1250 2242 1316 2271 Sat.
1344 2240 1386 2271 vi.
1413 2240 1489 2271 274.
1516 2239 1620 2270 me.

960 2291 1030 2322 vide
1047 2291 1086 2321 ad
1102 2290 1236 2327 Quintil.
1250 2289 1283 2320 ii.
1298 2291 1351 2319 20.

1004 2341 1057 2371 61.
1074 2340 1153 2374 Qaia
1169 2339 1225 2379 τω]
1240 2338 1323 2368 Libri
1335 2343 1465 2379 quatuor
1473 2338 1541 2377 qaia
1554 2348 1597 2367 me
1610 2348 1620 2373 ς

962 2396 1055 2431 atque
1078 2388 1122 2419 ita
1143 2387 1309 2429 legendum
1334 2398 1412 2422 esse,
1436 2386 1537 2427 deque
1559 2385 1622 2416 suis

962 2438 1078 2470 meritis
1102 2438 1152 2468 hic
1175 2437 1259 2478 loqui
1285 2436 1462 2478 Phyllidem
1488 2446 1621 2476 sequens

961 2499 1066 2519 versus
1076 2486 1194 2528 liquido
1207 2485 1319 2527 arguit.
1332 2485 1433 2516 HEm.
1447 2491 1479 2515 et
1488 2485 1544 2515 hoc
1552 2484 1619 2525 jam

962 2536 1080 2566 monuit
1096 2546 1133 2565 ex
1154 2535 1260 2566 codice
1278 2545 1332 2564 suo
1354 2534 1558 2565 Hubertinus.
1575 2532 1620 2563 ita

959 2586 1052 2616 'si-ist.
1067 2597 1098 2615 v.
1112 2583 1146 2615 ii.
1157 2585 1211 2616 59.
1225 2595 1262 2614 ex
1280 2584 1360 2613 Mss.

1005 2634 1169 2674 Omniaque
1192 2634 1250 2664 hctc
1274 2634 1372 2668 timui,
1398 2644 1433 2672 qu
1440 2633 1467 2661 ὶα
1494 2641 1539 2660 me
1560 2641 1619 2660 me-

1044 2684 1137 2712 ruisse
1148 2684 1291 2712 videbam.

960 2731 1106 2763 Francius
1122 2730 1161 2761 ad
1176 2741 1259 2761 oram
1274 2728 1388 2760 codicis
1403 2727 1618 2770 adscripscrat,

959 2779 1178 2810 Casaubonum
1194 2778 1362 2819 velle,qaz'a
1374 2778 1546 2808 demeruisse
1559 2787 1617 2816 pa-
