1849 3198
626 238 968 279 HEROIDES.
1003 239 1094 279 ΕΡ.
1129 240 1246 280 XII.

1543 242 1627 283 14⁹7

237 351 440 413 [Martis
465 335 604 400 erant
628 354 754 400 tauri
779 354 908 417 plus,
938 369 1088 416 quam
1114 371 1202 417 per
1227 371 1427 412 cornua,
1454 358 1598 415 saevi3

305 429 528 484 Quorum
553 430 784 477 terribilis
811 430 1012 493 spiritus
1038 430 1165 493 ignis
1192 432 1337 493 erat.]

238 506 352 554 AEre
379 509 532 571 pedes
558 508 718 561 solidi,
748 515 1092 571 praetentaque
1119 509 1318 556 naribus
1345 528 1467 559 aera:

305 585 463 647 Nigra
487 602 574 648 per
599 585 810 631 adflatus
836 586 943 632 haec
971 601 1173 648 quoque
1198 586 1330 633 facta
1354 604 1485 634 suos.

239 661 442 710 Semina
466 670 721 726 praeterea,
751 663 962 725 populos
988 662 1230 724 genitura,
1253 664 1444 725 juberis
1564 668 1626 712 45

306 740 550 804 Spargere
577 740 756 786 devota
780 740 880 786 lata
905 756 993 803 per
1018 755 1135 786 arva
1158 755 1324 797 manu,

238 815 335 870 Qui
361 824 588 881 peterent
613 834 783 864 secum
810 817 938 864 natis
965 824 1051 864 tua
1075 833 1285 881 corpora
1308 819 1436 866 telis.

304 894 398 941 Illa
421 902 498 942 est
522 895 749 957 agricolae
776 895 953 941 messis
980 895 1151 958 iniqua
1175 912 1282 943 suo.

238 970 447 1019 Lumina
470 972 708 1028 custodiS‚
736 973 1062 1021 succumbere
1087 974 1258 1021 nescia
1281 991 1471 1031 somno,

304 1049 523 1096 Ultimus
550 1057 626 1096 est
651 1050 819 1113 aliqua
843 1051 1075 1115 decipere
1101 1060 1206 1100 arte
1230 1053 1385 1100 labor.

1565 1056 1629 1100 50

238 1126 448 1175 Dixerat
472 1127 655 1182 AEetes‚
684 1129 848 1176 moesti
873 1130 1173 1192 consurgitis
1200 1147 1388 1187 omnes,

303 1204 585 1268 Mensaque
610 1222 888 1269 purpureos
913 1208 1099 1255 deserit
1124 1209 1223 1256 alta
1245 1216 1396 1256 toros

234 1367 316 1395 citur
330 1366 509 1397 Puteaneus
525 1376 543 1397 a
557 1377 651 1398 manu
666 1367 775 1409 prima.
816 1368 897 1399 Scri-

235 1415 373 1446 bendum
388 1416 512 1447 omnino
525 1429 531 1446 ε

280 1465 405 1495 Dicitur
417 1467 532 1497 interea
548 1467 601 1496 tibi
618 1467 674 1497 Iex.

236 1513 330 1544 Initio
346 1513 402 1545 lib.
417 1515 471 1545 vii.
482 1515 564 1545 Met.
582 1514 614 1545 in
630 1514 688 1545 hae
701 1515 812 1545 eadem
827 1525 897 1545 nar-

235 1564 352 1595 ratione
366 1577 372 1594 :

277 1614 397 1655 Lezque
433 1616 525 1645 datur
561 1617 693 1646 numeris
721 1627 898 1658 magnorum

323 1666 470 1697 horrenda
487 1667 632 1696 laborum.

234 1714 285 1745 Ita
299 1714 382 1745 enim
397 1715 512 1757 optime
530 1715 687 1746 veterrimi
709 1715 793 1747 libri.
841 1716 898 1747 Le-

233 1775 299 1803 gem
325 1765 433 1800 dicere,
464 1765 591 1806 elegans
615 1770 646 1795 et
669 1765 816 1796 Latinum
842 1771 899 1796 est.

235 1813 375 1854 Sequens
390 1813 545 1844 distichon
556 1813 720 1844 Ovidianae
738 1825 799 1845 non
812 1813 898 1845 vide-

235 1867 285 1892 tur
299 1872 366 1893 esse
381 1873 481 1893 venae.
506 1863 681 1894 Hssmsms.

279 1911 333 1941 40.
362 1911 511 1951 Varum-e]
541 1911 678 1942 Pondere
692 1912 899 1951 Barberinus;

237 1959 321 2001 quod
346 1961 450 1991 nescio
466 1971 506 1991 an
529 1961 663 1991 rectius:
693 1962 795 1992 Vomer
817 1961 900 1992 enim

236 2014 268 2039 et
284 2014 419 2039 aratrum
441 2011 535 2049 premi
559 2009 677 2041 centies
701 2021 719 2041 a
734 2011 839 2041 Po'etis
853 2011 899 2041 di-

237 2057 327 2093 citur,
343 2069 404 2089 non
417 2069 560 2098 premere.
576 2058 642 2089 vid.
668 2058 707 2090 ad
724 2059 796 2090 Val.
813 2059 899 2090 Flac.

237 2107 290 2137 vii.
308 2107 362 2138 63.
380 2107 435 2138 sed
448 2109 565 2146 pondus
579 2112 626 2138 est
641 2107 691 2138 hic
711 2108 843 2149 jugum;
867 2115 901 2139 ut

236 2156 331 2193 alibi;
354 2158 501 2196 pressique
507 2159 588 2198 jugo
606 2168 744 2198 gemuere
755 2160 897 2196 juvenci.

237 2206 308 2237 vide
324 2217 394 2237 mox
412 2218 442 2237 v.
456 2208 510 2237 94.
537 2207 655 2237 Burin.

280 2257 332 2287 43.
358 2257 566 2297 Praetentaque
584 2259 706 2287 naribus
721 2257 808 2297 arth]
838 2257 900 2287 Ora.

237 2305 380 2336 Scriverii
397 2312 428 2336 et
443 2306 617 2337 Palatinus.
635 2312 669 2337 ut
684 2317 785 2348 supra,
801 2308 900 2337 adun-

236 2366 272 2385 ca
300 2366 351 2385 ora
382 2354 478 2385 dixit:
517 2355 571 2386 sed
600 2355 738 2396 vulgata,
771 2366 808 2386 ex
838 2356 900 2387 illis

237 2403 409 2445 Apollonii.
426 2404 482 2434 lib.
501 2403 546 2434 iii.
564 2405 638 2435 230.
655 2404 832 2435 defenditur
848 2417 853 2434 :

281 2454 347 2484 Καὶ
363 2452 391 2483 οὶ
416 2452 631 2494 χαλκόποδας
655 2453 795 2495 ταύρους
810 2454 900 2496 κάμε·

366 2502 491 2543 χάλκεα
507 2502 539 2533 δὲ
555 2503 660 2544 σφέων

280 2551 344 2584 ‘Hv
360 2551 506 2593 στόματ’,
523 2552 555 2583 ἐκ
572 2551 602 2583 δὲ
616 2554 720 2594 πυρὸς
731 2552 839 2585 δεινὸν
852 2564 900 2584 σε-

365 2601 428 2637 λὰς
443 2601 674 2643 ἀμπνείεσκον.
718 2603 838 2632 mes.

240 2648 350 2679 Prtrtei
359 2656 445 2691 tuque
476 2651 583 2681 mallet
608 2651 768 2682 Francius.
801 2652 879 2682 male
894 2664 901 2689 ;

239 2702 285 2728 est
300 2708 319 2727 a
331 2698 538 2740 Gcographiae
553 2706 583 2729 et
596 2699 735 2730 militaris
751 2700 793 2730 rei
807 2700 901 2740 scrip-

239 2746 356 2777 toribus
378 2753 513 2778 sumtum
540 2749 679 2778 verbum.
707 2748 771 2778 vid.
792 2748 901 2779 Valcs.

239 2794 280 2825 ad
294 2794 401 2828 Amin.
416 2797 548 2828 Marcel.
565 2798 629 2828 xiv.
642 2798 672 2828 2.
689 2803 720 2828 et
736 2798 900 2828 Commen-

966 1374 1080 1400 tatores
1094 1370 1134 1401 ad
1149 1371 1206 1401 Sil.
1224 1371 1298 1401 Ital.
1316 1372 1380 1401 xvi.
1398 1373 1474 1403 253.
1514 1373 1630 1403 chu.

1009 1420 1062 1450 46.
1096 1420 1207 1460 Lura]
1242 1420 1330 1451 Male
1360 1419 1513 1452 editiones
1542 1433 1628 1463 quae-

966 1466 1039 1498 dam
1068 1468 1176 1510 priscae
1207 1475 1238 1499 et
1271 1469 1404 1506 codices,
1433 1471 1512 1501 lata.
1547 1482 1631 1501 cam-

966 1528 1024 1558 pus
1052 1518 1136 1548 enim
1164 1518 1216 1548 ille
1246 1520 1341 1560 longis
1370 1522 1458 1550 αηηὶε
1491 1521 1632 1551 horridus

966 1566 1081 1597 dicitur
1104 1568 1231 1598 Valerio
1254 1569 1380 1599 Flacco.
1411 1569 1468 1600 lib.
1493 1570 1548 1601 vii.
1576 1571 1630 1601 62.

966 1615 1076 1646 eadem
1098 1627 1171 1647 vero
1189 1616 1323 1647 varietas
1344 1628 1429 1660 supr.
1450 1619 1510 1661 Ep.
1538 1619 1572 1649 ii.
1588 1619 1633 1651 iii.

966 1664 1052 1695 Fast.
1076 1664 1096 1695 i.
1120 1667 1195 1696 546.
1220 1665 1254 1696 ii.
1284 1667 1360 1697 210.
1385 1675 1417 1697 et
1439 1667 1482 1698 iv.
1508 1669 1584 1699 243.
1602 1676 1634 1699 et

967 1712 1054 1744 alibi.
1085 1714 1217 1746 Horatio
1232 1715 1328 1746 etiam
1343 1717 1416 1746 latos
1429 1728 1544 1757 campos
1559 1729 1632 1749 con-

967 1768 1015 1793 tra
1051 1764 1260 1795 temeritatem
1297 1765 1424 1796 Dacerii
1461 1767 1635 1799 vindicavit

967 1811 1194 1844 eruditissimus
1205 1814 1371 1855 Bentlejus
1387 1815 1426 1845 ad
1438 1815 1495 1846 lib.
1508 1815 1554 1846 iii.
1570 1817 1633 1848 Od.

966 1860 1000 1891 ii.
1048 1861 1153 1903 Larga
1169 1863 1219 1893 hic
1242 1863 1338 1894 habet
1357 1875 1438 1895 unus
1458 1864 1579 1905 Regius
1602 1871 1634 1896 et

969 1910 1046 1941 alter
1060 1911 1197 1942 Heinsii.
1240 1913 1355 1943 Devota
1370 1923 1442 1944 vero
1458 1912 1490 1943 in
1505 1923 1633 1944 accusa-

969 1958 1032 1992 tivo
1069 1961 1192 2003 accepit
1227 1962 1329 1992 bonus
1356 1961 1501 1998 Volscus,
1540 1973 1634 2004 quem

969 2009 1101 2040 fideliter
1125 2021 1258 2041 errorem
1287 2010 1516 2042 consarcinator
1544 2019 1633 2043 nota-

969 2069 1036 2089 rum
1060 2059 1213 2090 variarum
1237 2060 1392 2092 exhibuit.
1427 2061 1542 2092 rectius
1564 2062 1632 2093 Hu-

969 2108 1120 2139 bertinus.
1169 2110 1286 2140 BURM.

1012 2159 1066 2188 52.
1092 2158 1211 2188 Deserit
1233 2159 1330 2199 alim]
1364 2159 1480 2190 Durior
1506 2159 1633 2198 locutio,

968 2211 1003 2236 ut
1026 2217 1135 2238 mensa
1160 2207 1281 2238 dicatur
1301 2210 1432 2239 deserere
1456 2215 1541 2246 toros,
1563 2220 1633 2251 quae

968 2263 1155 2288 removetur.
1174 2268 1213 2287 an
1229 2257 1360 2294 dictum,
1376 2263 1411 2289 ut
1426 2260 1535 2290 deserit
1551 2260 1634 2291 hasta

968 2308 1087 2337 virum?
1110 2308 1190 2337 Stat.
1208 2319 1241 2338 x.
1265 2307 1368 2338 Theb.
1392 2308 1467 2339 742.
1516 2309 1635 2340 Desinit

968 2361 1034 2386 crat
1056 2356 1087 2386 in
1110 2355 1226 2386 Moreti
1251 2355 1370 2393 codice,
1398 2356 1436 2387 de
1463 2367 1525 2398 quo
1542 2359 1635 2389 verbo

969 2404 1118 2436 Heinsius
1144 2405 1209 2445 agit
1230 2405 1270 2436 ad
1296 2405 1330 2436 ii.
1356 2405 1427 2436 Art.
1454 2406 1528 2437 Am.
1558 2408 1632 2438 726.

969 2453 1023 2484 sed
1046 2465 1147 2495 neque
1171 2455 1228 2485 hoc
1254 2455 1380 2496 placet3
1413 2466 1514 2496 neque
1540 2455 1632 2487 etiarn

969 2503 1053 2544 quod
1075 2515 1173 2534 mensa
1198 2505 1263 2534 ulta
1287 2503 1420 2540 dicatur,
1445 2515 1517 2535 cum
1541 2516 1635 2546 supra

970 2558 1051 2584 toros
1079 2563 1140 2584 non
1169 2555 1301 2584 multum
1335 2553 1471 2584 eminere
1500 2554 1635 2585 solerent

970 2613 1096 2638 mcnsae,
1112 2602 1137 2633 si
1153 2613 1214 2634 non
1237 2602 1396 2634 inferiores
1420 2614 1514 2645 saepe,
1531 2609 1561 2634 et
1577 2603 1633 2634 tori

971 2652 1085 2682 rectius
1114 2654 1171 2682 ulli
1193 2652 1348 2684 dicantur.
1375 2652 1441 2684 vid.
1464 2653 1576 2693 virgil.
1598 2652 1632 2683 ii.

972 2700 1100 2732 AEneid.
1117 2703 1150 2731 2.
1167 2702 1250 2732 unde
1264 2703 1415 2733 sublimem
1431 2704 1538 2742 jacere
1554 2701 1633 2733 dixit

971 2749 1061 2781 infra.
1087 2750 1182 2782 latere
1198 2757 1273 2793 puto
1289 2751 1389 2783 ulcus.
1431 2752 1547 2783 Burin.

1058 2853 1124 2882 122
