1849 3198
641 241 986 282 HEROIDES.
1020 241 1113 283 ΕΡ.
1148 241 1295 284 XIX.

1583 245 1667 286 261

273 355 390 403 Non
410 372 502 420 ego
520 364 622 404 tam
642 363 815 404 ventos
839 356 1008 412 timeo,
1030 373 1142 404 mea
1162 365 1277 405 vota
1300 366 1567 416 morantes,
1603 363 1666 407 95

339 434 520 490 Quam,
548 434 721 481 similis
746 440 893 481 vento
919 450 980 481 ne
1005 441 1121 480 tuus
1147 442 1277 482 erret
1302 451 1466 485 amor:

273 511 353 559 Ne
379 528 477 559 non
503 512 596 559 sim
620 512 761 567 tanti,
789 518 1130 575 superentque
1156 512 1378 575 pericula
1402 531 1632 562 caussam
1655 533 1665 563 ε

340 588 407 636 Et
430 589 598 636 videar
621 605 812 636 merces
839 605 950 636 esse
975 589 1145 636 labore
1171 589 1346 637 minor.

272 665 530 714 Interdum
556 673 741 722 metuo,
768 666 930 730 patria
958 681 1019 713 ne
1044 666 1213 722 laedar,
1242 672 1293 714 et
1317 667 1478 732 impar

339 743 509 791 Ducar
533 744 781 808 Abydeno
807 743 1025 791 Thressa
1050 745 1217 808 puella
1240 752 1365 793 toro.

1580 751 1671 794 lOO

273 820 422 868 Ferre
445 827 614 869 tamen
639 838 844 886 possum
871 822 1141 885 patientius
1167 823 1357 881 omnia3
1401 840 1554 888 quam
1582 825 1620 872 si

341 897 474 954 Otia,
502 898 671 946 nescio
697 900 800 962 qua
826 899 1007 962 pellice
1032 906 1227 962 captus,
1257 917 1406 964 agas:

274 975 333 1022 In
357 982 445 1023 tua
469 976 509 1024 si
534 975 737 1023 veniant
761 976 908 1023 alieni
935 977 1063 1023 colla
1086 977 1287 1026 lacerti:

342 1053 521 1117 Sitque
546 1071 701 1102 novus
728 1054 882 1101 nostri
907 1054 1018 1101 finis
1039 1056 1220 1103 amoris
1247 1073 1401 1104 amor.

320 1257 388 1286 100.
428 1257 525 1287 Dicar
554 1257 695 1298 Abydeno
724 1257 806 1287 Sosia
832 1257 936 1296 Jmelln

272 1306 363 1346 virm]
406 1307 596 1343 Puteaneus‚
636 1306 770 1337 Thressa.
806 1306 936 1348 optime.

272 1354 419 1386 Diximus
442 1366 546 1397 supra.
591 1356 683 1387 Certe
704 1356 843 1386 Thressae
869 1356 938 1386 des-

272 1411 384 1446 pectae,
396 1411 432 1435 ut
446 1416 484 1436 ex
496 1406 676 1437 Graecorum
686 1411 773 1447 patet
781 1416 938 1436 commen-

271 1454 369 1485 tariis.
414 1455 519 1497 Atque
543 1455 588 1486 ita
607 1455 810 1486 Themistocli
835 1455 939 1496 objec-

272 1509 339 1535 tum
362 1505 446 1546 quod
469 1516 486 1536 e
500 1505 635 1536 Thressa
660 1511 829 1547 prognatus
848 1511 940 1536 esset.

273 1561 307 1585 ut
322 1554 423 1596 liquet
445 1566 482 1586 ex
500 1555 628 1586 AEmilio
650 1556 761 1586 Probo.
807 1554 938 1585 Anthis-

272 1605 336 1635 teni
357 1605 453 1636 etiam
480 1605 680 1647 Philosopho,
707 1611 742 1636 ut
764 1604 870 1636 videre
894 1610 941 1636 est

274 1653 358 1696 apud
370 1654 548 1696 Diogenem
560 1654 719 1685 Laertium
734 1654 766 1685 in
781 1654 849 1696 ejus
864 1654 938 1691 vita,

271 1711 302 1734 et
316 1703 349 1734 in
365 1703 429 1735 vita
452 1703 596 1735 Socratis.
641 1702 796 1734 Timothei
813 1714 940 1746 quoque

271 1753 360 1785 ducis
389 1753 583 1785 celeberrimi
616 1760 748 1785 matrem
775 1753 940 1785 Thressam

271 1803 378 1840 fuisse,
405 1810 436 1834 et
465 1804 592 1846 quidem
619 1803 824 1840 meretricem,
854 1809 941 1835 notat

272 1852 447 1884 Athenaeus
467 1853 523 1884 lib.
538 1853 583 1883 iii.
609 1864 645 1883 ac
666 1859 830 1895 propterea
851 1852 939 1884 illum

274 1901 368 1933 fuisse
384 1903 516 1934 irrisum.
563 1903 708 1934 Citantur
731 1903 770 1933 ab
787 1902 941 1933 Athenaeo

273 1951 305 1982 in
316 1951 631 1994 Deipnosophisticis,
644 1957 676 1982 et
691 1952 730 1982 ab
747 1951 815 1982 aliis
829 1952 940 1983 Gram-

274 2001 395 2032 maticis
412 2001 553 2043 Θρὰτται
569 2001 736 2033 Comoedia
751 2001 884 2037 Cratini,
910 2001 942 2032 in

273 2061 338 2092 qua
351 2050 500 2081 Thressas
516 2049 661 2081 foeminas
686 2050 780 2081 fuisse
801 2050 941 2092 exagita-

273 2106 321 2132 tas
336 2100 457 2131 nullum
478 2100 553 2130 mihi
568 2100 699 2130 dubium
721 2100 766 2130 fit.
812 2099 895 2130 Hinc
911 2105 942 2130 et

275 2150 358 2192 apud
374 2149 536 2181 Valerium
552 2149 699 2180 Flaccum
715 2149 793 2180 libro
808 2148 853 2179 iii.
868 2150 941 2180 706.

273 2199 384 2231 Zethes
408 2205 440 2231 et
463 2200 586 2235 Cala‘is,
615 2199 744 2229 Thracia
769 2200 865 2239 proles
888 2210 943 2240 per

273 2255 487 2291 contemptum
504 2250 543 2280 ab
554 2250 574 2281 J
577 2260 670 2280 asone
686 2254 845 2284 vocantur,
857 2249 940 2290 quod

274 2311 312 2331 ex
329 2300 431 2330 Borea
444 2299 509 2330 nati
523 2304 626 2330 essent
639 2311 645 2328 :

320 2349 412 2379 Nunc
435 2349 666 2383 Parthannides,
686 2360 766 2379 nunc
788 2350 849 2379 dur
871 2349 942 2378 mihi

364 2397 492 2428 Thracia
507 2399 623 2438 proles:

320 2449 431 2488 Aspera
442 2460 524 2479 nunc
536 2449 657 2488 pavidus
669 2454 771 2478 contra
787 2450 848 2478 ruit
863 2460 942 2490 agua

364 2498 468 2527 leones.

274 2546 411 2577 Thraces
423 2546 506 2578 enim
522 2558 575 2589 pro
588 2546 727 2578 barbaris
743 2546 852 2582 habiti,
869 2558 944 2587 quo—

275 2596 368 2627 modo
404 2603 435 2628 et
471 2596 610 2638 Scythae.
658 2596 702 2628 sic
741 2597 944 2628 Demostheni

278 2645 373 2676 etiam
414 2653 541 2677 narrant
579 2643 802 2688 exprobratum
841 2647 945 2683 fuisse,

277 2696 360 2736 quod
392 2702 490 2727 matre
517 2697 634 2737 Scytha
659 2702 828 2737 prognatus
853 2703 945 2727 esset.

282 2745 328 2775 De
356 2746 403 2781 iis,
432 2746 484 2787 qui
516 2747 650 2777 Thressa
681 2753 776 2776 matre
806 2748 946 2788 prognati

1006 1264 1122 1294 essent,
1142 1258 1228 1289 locus
1251 1264 1297 1289 est
1322 1258 1452 1301 insignis
1476 1259 1559 1301 apud
1575 1260 1675 1291 Theo-

1006 1306 1167 1346 phrastum
1183 1308 1362 1339 charactere
1383 1310 1454 1351 περὶ
1469 1310 1676 1351 κακολογίας.

1007 1356 1059 1387 ubi
1076 1368 1131 1399 pro
1146 1357 1260 1399 insigni
1277 1359 1468 1390 contumelia
1491 1365 1579 1390 notat
1594 1359 1675 1389 hanc

1008 1407 1289 1448 exprobrationem,
1307 1407 1326 1446 ἡ
1347 1409 1408 1450 μὲν
1429 1410 1478 1440 τοὶ
1494 1408 1604 1451 μήτηρ
1628 1410 1677 1440 εὑ-

1009 1457 1108 1497 γενὴς
1129 1456 1262 1497 Θράττα
1277 1456 1357 1488 ἐστι’.
1381 1459 1441 1495 τὰς
1463 1457 1494 1489 δὲ
1523 1458 1677 1496 τοιαύτας

1009 1505 1044 1536 ἐν
1066 1507 1108 1548 τῇ
1132 1505 1262 1549 πατρίδι
1287 1507 1427 1549 εὐγενεῖς
1455 1508 1538 1539 εἶναι
1564 1509 1676 1550 φασίν.

1008 1555 1144 1586 Ancillae
1171 1567 1307 1598 namque
1334 1567 1369 1587 ac
1392 1557 1570 1588 meretrices
1593 1558 1677 1600 apud

1008 1605 1220 1637 Athenienses
1249 1617 1395 1648 magnam
1434 1613 1554 1648 partem
1585 1607 1679 1638 domo

1007 1654 1147 1686 Thressae
1171 1662 1272 1686 erant.
1297 1655 1352 1687 sed
1368 1656 1491 1686 videtur
1514 1656 1579 1686 illic
1603 1656 1677 1687 scri-

1008 1704 1146 1736 bendum
1169 1716 1247 1742 esse,
1271 1705 1307 1737 ὲν
1326 1704 1460 1742 Ἀτθίδι,
1483 1716 1551 1748 pro,
1579 1705 1615 1737 ἐν
1638 1707 1680 1747 τῇ

1009 1753 1154 1795 πατρίδι.
1180 1765 1252 1785 nam
1266 1755 1404 1786 Thraces
1427 1760 1461 1786 ut
1477 1755 1597 1786 Graecis
1613 1765 1679 1785 om-

1009 1803 1101 1835 nibus
1112 1804 1263 1847 despecti,
1276 1804 1322 1836 ita
1332 1805 1580 1836 Atheniensibus
1592 1815 1678 1835 max-

1009 1851 1084 1883 ime.
1130 1853 1272 1885 Herodes
1286 1854 1412 1885 Atticus
1435 1854 1519 1896 apud
1539 1854 1581 1884 A.
1601 1854 1678 1886 Gel-

1010 1902 1087 1933 lium
1103 1903 1200 1934 Noct.
1216 1904 1317 1935 Attio.
1342 1904 1421 1935 libro
1440 1904 1506 1935 xix.
1530 1915 1599 1946 cap.
1626 1906 1677 1936 12.

1013 1951 1058 1982 Ne
1086 1954 1117 1982 id
1147 1955 1277 1990 accidat,
1301 1956 1378 1994 qnod
1403 1955 1535 1994 cuipiam¹
1565 1953 1679 1985 Thraco

1011 2003 1165 2041 insipienti
1179 2009 1208 2033 et
1224 2005 1296 2033 rudi
1309 2004 1606 2045 venisseusujhlmla
1622 2011 1675 2035 est.

1013 2051 1107 2082 Homo
1124 2052 1269 2089 Thracus,
1294 2055 1401 2093 inquit,
1424 2065 1457 2084 ea:
1479 2055 1588 2084 ultima
1611 2056 1679 2084 Imr-

1011 2102 1107 2137 Imria,
1139 2104 1222 2132 ruris
1247 2104 1363 2133 colendi
1389 2105 1527 2139 insolens,
1552 2115 1618 2134 cum
1647 2106 1679 2134 in

1011 2157 1106 2181 terras
1129 2152 1270 2183 cultiores
1296 2152 1480 2183 humanioris
1505 2154 1571 2183 vila’
1594 2155 1679 2193 cupi-

1009 2202 1079 2231 dine
1114 2203 1342 2243 commigrasset,
1361 2202 1503 2244 standum
1532 2210 1680 2233 mercatus

1009 2257 1049 2281 est
1065 2252 1125 2281 oleo
1140 2257 1229 2291 atque
1241 2253 1306 2282 vino
1319 2254 1530 2283 constitutum.
1556 2263 1610 2294 pro
1623 2253 1679 2282 Di-

1011 2312 1063 2330 car
1099 2307 1249 2343 excerpta
1279 2301 1396 2338 vossii,
1438 2302 1557 2333 Ducar.
1596 2302 1679 2343 quod

1011 2349 1105 2380 etiam
1122 2349 1248 2380 arridet.
1274 2349 1314 2381 de
1336 2361 1372 2382 eo
1388 2351 1479 2393 plura
1495 2351 1525 2381 in
1543 2351 1623 2382 notis
1648 2351 1678 2381 in

1012 2399 1294 2441 Metamorphoses.
1321 2401 1494 2431 HEiNsws.
1530 2401 1680 2432 Thressas

1011 2447 1176 2490 despectas
1198 2449 1290 2480 fuisse
1312 2449 1405 2481 docet
1429 2450 1523 2487 Petit,
1542 2450 1680 2481 Miscell.

1013 2497 1069 2528 lib.
1098 2497 1132 2528 ii.
1155 2509 1225 2540 cap.
1250 2499 1282 2529 4.
1310 2499 1372 2530 imo
1398 2499 1481 2542 ipsos
1509 2499 1681 2541 Abydenos

1013 2547 1206 2589 contemptui
1232 2548 1354 2579 habitos
1378 2549 1491 2580 docent
1518 2547 1681 2590 proverbia

1015 2597 1045 2627 in
1062 2597 1130 2627 illos
1142 2597 1275 2639 jactata.
1303 2599 1367 2629 vid.
1386 2599 1549 2640 proverbia
1568 2600 1679 2628 (irat-ca

1014 2646 1146 2677 s‘chotti.
1164 2659 1196 2688 p.
1218 2649 1244 2678 l.
1270 2660 1300 2689 p.
1315 2649 1391 2679 294.
1408 2655 1437 2679 et
1456 2650 1531 2679 5331.
1550 2654 1577 2677 ct
1600 2648 1680 2677 Pun-

1015 2696 1070 2726 tiui
1100 2704 1186 2727 notas
1215 2697 1244 2727 in
1272 2697 1466 2739 Apostoliuni
1500 2709 1572 2739 'izm-
1604 2697 1679 2726 243.

1016 2747 1133 2776 Brun.

1099 2802 1118 2829 S
1135 2803 1151 2831 ἴέ
