1849 3198
168 188 253 229 324

561 188 610 227 Ρ.
645 186 858 228 OVIDII
896 186 1174 228 NASONIS

177 304 307 350 Cum
333 304 489 349 multa
509 302 789 357 abstuleris,
812 309 867 348 ut
891 319 989 348 non
1008 309 1175 349 tamen
1196 302 1362 350 onmia
1385 303 1558 360 donet;

243 380 391 434 Quod
416 397 689 443 numquam
713 380 909 435 reddas,
932 380 1216 427 commodet
1241 396 1401 443 usque
1426 395 1561 441 roga.

177 457 370 520 Lingua
395 459 551 521 juvet,
591 464 912 519 mentemque
948 463 1102 519 tegat.
1141 457 1382 512 blandire,
1416 472 1563 502 noce-

242 534 403 598 Impia
426 536 519 582 sub
544 535 677 582 dulci
702 534 848 580 melle
872 549 1062 580 venena
1085 534 1257 580 latent.

177 611 298 658 Haec
326 612 366 658 si
391 612 696 676 praestiteris,
725 629 817 658 usu
843 611 962 657 mihi
988 612 1188 673 cognita
1210 612 1386 673 longo;

1424 534 1561 596 [que.

1474 613 1563 656 105

243 689 351 736 Nec
376 689 578 737 tulerint
601 705 748 736 voces
772 695 948 736 ventus
975 696 1025 735 et
1050 705 1168 735 aura
1192 704 1328 735 meas
1352 707 1361 744 ;

177 766 324 829 Saepe
349 766 469 812 mihi
494 766 630 813 dices
655 766 777 812 vivae
802 766 930 812 bene
992 755 1132 829 *s'aepe
1158 766 1373 828 rogabis,

244 843 314 890 Ut
338 859 450 890 mea
473 843 720 890 defunctae
743 834 1096 889 molliter'ossa
1120 843 1321 889 cubent.

174 920 286 966 Vox
313 928 417 968 erat
442 921 489 966 in
516 937 679 976 cursu,
707 937 821 967 cum
846 936 925 967 me
950 936 1062 967 mea
1087 920 1304 983 prodidit
1329 920 1519 966 umbra.

240 997 308 1044 At
332 1005 511 1045 nostrae
536 998 620 1045 vix
646 1014 699 1045 se
725 997 1012 1044 continuere
1036 1014 1228 1061 manus,

1473 1000 1564 1042 llo

176 1074 308 1128 Quin
335 1076 494 1122 albam
524 1090 786 1136 raramque
811 1074 1411 1144 comampvlacrimosaque
1435 1074 1546 1120 vino

241 1151 697 1215 Lumina‚„.1rug0sas
724 1152 1156 1214 distraherentque
1182 1168 1352 1214 genas,

176 1230 237 1275 Di
263 1230 353 1277 tibi
369 1230 489 1278 dent
510 1231 773 1294 nullosque
794 1230 937 1285 lares,
960 1230 1262 1293 inopemque
1282 1236 1559 1285 senectam3

241 1307 307 1354 Et
329 1308 502 1370 longas
528 1308 733 1363 hiemes,
762 1313 1156 1370 perpetuamque
1183 1307 1331 1353 sitim.

171 1462 228 1493 lib.
244 1463 288 1493 iii.
304 1470 335 1494 et
347 1464 426 1494 infra
446 1465 501 1495 lib.
518 1465 551 1494 ii.
599 1465 648 1495 De
665 1465 741 1495 Arte
757 1465 832 1495 266.

171 1512 352 1544 ClorANus.
397 1513 429 1543 Si
444 1519 551 1555 sponte
567 1524 622 1544 sua
645 1519 763 1544 amator
777 1514 833 1545 tibi

171 1562 293 1592 nullum
308 1562 415 1593 afferet
430 1573 552 1598 munus,
569 1569 601 1593 tu
618 1573 687 1593 euin
705 1563 832 1594 interro-

169 1612 269 1652 gabis,
299 1622 443 1653 quaenam
468 1623 586 1642 merces
612 1612 644 1642 in
669 1613 719 1643 via
745 1623 833 1645 sacra

171 1660 356 1697 vendantur,
368 1660 476 1701 quanti
490 1667 631 1692 constent
643 1673 649 1690 :
667 1669 696 1691 te
708 1661 831 1692 illarum

170 1709 308 1750 aliquam
331 1720 455 1751 cupere,
479 1710 532 1740 sed
556 1710 690 1740 nummis
712 1721 830 1746 carere,

170 1757 215 1788 ita
239 1758 318 1788 utel
340 1758 461 1794 innuas,
477 1759 552 1800 quid
577 1758 632 1789 tibi
657 1770 759 1789 emere
780 1759 833 1790 de-

171 1808 253 1838 beat.
303 1808 357 1838 Via
388 1809 505 1848 sacrm]
547 1808 608 1838 Via
644 1819 732 1839 sacra
768 1815 834 1839 erat

173 1857 282 1887 Romae
306 1867 324 1887 a
344 1858 431 1887 curia
453 1857 551 1887 veteri
573 1868 678 1888 versus
701 1857 834 1900 Amphi-

170 1905 337 1942 theatrum,
360 1917 459 1948 usque
485 1907 524 1937 ad
553 1917 656 1937 arcem
683 1907 833 1948 Capitoli-

172 1965 257 1985 nam.

218 2005 288 2034 104.
323 2004 449 2044 Impia]
487 2003 576 2039 Dira,
598 2015 692 2038 saeva,
722 2004 836 2045 quibus

171 2054 257 2095 impii
287 2053 426 2084 homines
452 2059 580 2084 utuntur
608 2052 640 2083 in
666 2053 834 2084 veneficiis.

174 2102 339 2133 Possumus
363 2102 412 2132 hic
431 2102 469 2132 de
493 2102 584 2133 melle
601 2108 665 2133 arte
681 2108 835 2133 venenato

172 2149 361 2192 intelligere:
387 2150 469 2192 quod
486 2151 584 2191 magis
600 2151 716 2192 placet.
758 2152 833 2181 MA-

174 2211 259 2230 nius.

219 2250 288 2279 109.
315 2249 376 2278 Nm
393 2251 499 2279 eratin
517 2250 637 2289 cnrsn.]
664 2250 753 2280 Male
765 2250 833 2291 qui-

171 2298 243 2328 dam
261 2297 336 2328 editi
349 2303 378 2327 et
392 2298 508 2338 scripti,
524 2298 588 2328 Nau*
603 2305 669 2328 erut
687 2300 716 2328 in
732 2310 833 2329 cursu.

176 2347 259 2376 Fast.
277 2358 307 2376 v.
325 2347 399 2377 245.
448 2347 506 2377 Vox
520 2354 585 2377 erat
602 2349 630 2377 ἱιι
650 2359 752 2377 cursu..
771 2347 833 2378 vid.

173 2395 271 2437 Epist.
287 2407 318 2426 v.
335 2396 389 2426 21.
407 2401 437 2426 et
451 2396 493 2426 vi.
510 2397 564 2426 39.
611 2397 749 2427 Confusa
762 2408 834 2427 vero

173 2444 239 2474 haec
257 2445 421 2480 vocabula,
439 2457 495 2474 ποατ
518 2451 546 2475 et
568 2457 619 2475 ὐιη
636 2445 771 2476 vidimus
793 2446 832 2476 ad

174 2494 272 2535 Epist.
290 2493 333 2524 iii.
349 2494 420 2523 116.
468 2494 581 2524 Duum.

221 2544 289 2573 112.
312 2543 568 2583 I)i.straheremque
577 2544 694 2585 genam]
713 2545 831 2574 Distra-

173 2592 330 2632 lwrenlque
345 2592 522 2623 Puteaneus
538 2603 608 2623 cum
626 2592 695 2623 aliis
705 2593 831 2634 quibus-

902 1463 985 1494 dam.
1001 1463 1039 1494 de
1053 1463 1197 1494 manibus
1211 1462 1274 1493 suis
1288 1462 1435 1503 loquitur.
1459 1462 1564 1492 me-

902 1525 984 1544 ειυς..
1032 1513 1280 1552 Destrueremque
1301 1511 1459 1542 Mentelii.
1484 1512 1566 1553 quod

901 1562 1039 1603 eleganS,
1056 1568 1087 1592 et
1102 1561 1255 1597 omnibus,
1276 1571 1345 1602 quae
1372 1561 1565 1602 praecedunt,

902 1610 1129 1641 accommodari
1145 1616 1246 1652 potest
1260 1622 1267 1647 ;
1293 1609 1347 1639 sed
1363 1612 1565 1639 destruerent-

900 1671 954 1699 qne
979 1661 1125 1700 legerem.
1144 1660 1208 1690 vid.
1229 1659 1268 1690 ad
1284 1659 1384 1700 Epist.
1410 1670 1439 1689 Χ.
1455 1660 1509 1689 46.
1533 1664 1565 1689 et

904 1711 976 1740 120.
1022 1710 1138 1739 Buum.

948 1759 1018 1789 113.
1045 1758 1086 1788 Di
1112 1759 1166 1788 tibi
1189 1759 1259 1787 (lent
1280 1758 1434 1797 'nullosque
1457 1758 1562 1799 lares]

904 1806 1063 1847 Nudosque
1078 1806 1215 1848 quinque
1231 1806 1350 1847 scripti.
1391 1806 1563 1837 Hfflxsws.

904 1856 1013 1886 Nullos
1037 1857 1123 1892 lares,
1139 1855 1222 1897 quod
1243 1866 1349 1885 omnes
1372 1861 1445 1886 ante
1466 1855 1564 1886 Hein-

902 1905 982 1936 sium
1005 1905 1080 1936 editi
1105 1910 1241 1941 tuentur,
1258 1910 1289 1935 et
1308 1904 1417 1946 optimi
1441 1905 1566 1936 codices

902 1954 1030 1991 habent,
1046 1954 1199 1986 revocavi.
1223 1956 1299 1984 nudi
1322 1954 1404 1984 enini
1427 1956 1504 1985 lares
1527 1966 1566 1986 an

902 2008 986 2034 recte
1020 2003 1163 2034 dicantur
1190 2003 1283 2034 valde
1321 2003 1440 2034 dubito.
1491 2005 1564 2035 Non

902 2053 985 2084 male
1001 2053 1096 2084 etiam
1111 2053 1232 2093 Regius
1249 2053 1397 2094 explicat,
1413 2060 1447 2084 ut
1462 2054 1565 2085 nullas

902 2102 986 2132 aedes
1002 2102 1127 2138 habeat,
1140 2101 1194 2132 sed
1209 2102 1241 2132 in
1256 2101 1426 2143 porticibus
1437 2104 1565 2145 etangi-

902 2151 998 2192 portis
1013 2151 1117 2182 cibum
1132 2151 1301 2181 mendicet.
1348 2152 1463 2183 Bumu.

949 2201 1021 2231 114.
1050 2201 1089 2230 Et
1107 2200 1237 2241 longus]
1267 2200 1563 2233 PerFarnesianus:

902 2250 1063 2290 puto‚fet·.
1090 2250 1265 2280 Hfflxsms.
1313 2249 1479 2281 Continuus
1494 2252 1563 2292 hye-

902 2310 959 2329 mes
981 2299 1078 2329 codex
1095 2299 1223 2329 Douzae.
1247 2298 1301 2329 sed
1326 2298 1403 2329 illud
1427 2312 1481 2338 per
1500 2301 1564 2331 ele—

902 2359 979 2389 gans
993 2348 1068 2378 mihi
1085 2347 1216 2384 videtur,
1231 2353 1265 2378 ut
1281 2358 1411 2379 errorem
1426 2360 1480 2390 per
1495 2350 1563 2380 lon-

902 2408 957 2438 gas
990 2398 1130 2438 hyemes,
1160 2398 1274 2438 quibus
1308 2397 1564 2430 intolerabiliores

900 2453 983 2483 sunt,
999 2452 1029 2477 et
1046 2447 1170 2488 inopem
1193 2452 1351 2477 senectam
1376 2458 1430 2488 per
1454 2458 1563 2489 perpe-

901 2502 986 2527 tuam
1001 2496 1083 2526 sitim
1099 2496 1297 2537 imprecetur,
1314 2507 1375 2537 quo
1391 2497 1463 2527 anui
1480 2497 1560 2528 mul-

901 2545 1007 2576 tibibae
1024 2546 1143 2576 nullum
1160 2546 1285 2586 gravius
1302 2551 1488 2576 tormentum
1504 2557 1561 2576 ex-

900 2594 1029 2635 cogitari
1044 2593 1151 2636 possit.
1196 2595 1312 2626 Burni.
