1849 3198
197 160 287 202 478
594 158 644 198 Ρ.
679 157 895 199 OVIDII
929 156 1211 199 NASONIS

202 274 433 323 Ebrietas
459 281 513 320 ut
537 288 653 320 vera
677 280 840 329 nocet,
869 273 940 319 sic
967 273 1085 320 ficta
1103 273 1315 336 juvabit.

269 352 369 398 Fac
395 351 578 398 titubet
602 350 756 397 blaeso
783 350 994 397 subdola
1018 350 1189 412 lingua
1213 366 1333 396 sono
1353 367 1361 397 :

203 429 290 485 Ut,
319 427 565 491 quidquid
592 427 744 474 facies
770 426 969 473 dicesve
995 427 1270 490 protervius
1296 442 1457 489 aequo,

271 507 519 553 Credatur
544 505 751 551 nimium
777 520 956 551 caussa
980 504 1133 551 fuisse
1159 519 1367 551 merum.
1503 507 1600 550 600

202 583 284 639 Et,
321 583 477 639 Bene,
518 583 614 638 dic,
646 582 885 638 dominae3
926 582 1071 637 bene,
1100 596 1214 627 cum
1254 596 1353 644 quo
1389 580 1601 628 dormiat

272 660 374 706 Sed
399 660 528 707 male
555 659 619 706 sit
643 658 795 706 tacita
820 665 987 705 mente
1012 674 1217 722 precare
1241 657 1360 705 viro.
1469 657 1596 718 [illaz

203 736 286 793 At,
314 754 429 784 cum
455 738 682 784 discedet
707 738 881 784 mensa
909 735 1115 783 conviva
1138 736 1355 791 remotsu

269 815 414 878 (Ipsa
438 815 528 862 tibi
555 831 789 862 accessus
815 814 963 863 turba
986 814 1256 876 locumque
1281 813 1443 873 dabit)

203 891 375 939 Insere
401 899 450 939 te
475 894 663 940 turbae:
703 892 978 955 leviterque
1004 892 1234 938 admotus
1261 890 1412 945 eunti,

269 969 412 1017 Velle
437 970 566 1017 latus
592 969 785 1031 digitis3
827 975 878 1016 et
902 969 1032 1032 pede
1057 974 1206 1030 tange
1233 967 1430 1031 pedem.

203 1045 471 1109 Colloquio
492 1048 598 1109 jam
624 1054 822 1110 tempus
850 1046 1008 1093 adest.
1046 1044 1164 1107 fuge
1190 1045 1373 1091 rustice
1398 1044 1545 1105 longe

272 1122 405 1170 Hinc
442 1125 627 1187 pudor:
668 1124 937 1170 audentem
965 1121 1191 1185 Forsque
1216 1121 1491 1184 Venusque
1517 1122 1597 1184 ju-

206 1200 321 1246 Non
348 1207 432 1247 tua
458 1202 551 1248 sub
577 1208 770 1248 nostras
795 1200 961 1247 veniat
984 1199 1217 1247 facundia
1240 1199 1393 1261 leges.
1444 1200 1598 1260 [vant.

272 1277 371 1325 Fac
396 1285 590 1325 tantum
614 1278 841 1342 incipias,
870 1285 1051 1341 sponte
1076 1277 1292 1324 disertus
1319 1276 1431 1324 eris.
1505 1280 1603 1323 610

205 1354 298 1401 Est
324 1355 414 1402 tibi
439 1356 663 1417 agendus
688 1371 876 1410 amans,
899 1355 1241 1417 imitandaque
1266 1354 1470 1401 vulnera
1494 1369 1600 1401 verm

272 1431 404 1478 Hinc
430 1433 521 1479 tibi
549 1439 800 1495 quaeratur
826 1432 1052 1495 qualibet
1073 1438 1178 1479 arte
1203 1431 1344 1478 fides.
1482 1431 1597 1492 [bis.

205 1508 253 1556 N
260 1525 315 1556 ec
338 1509 473 1556 credi
498 1510 638 1557 labor
663 1517 762 1557 est:
803 1509 897 1556 sibi
920 1524 1138 1572 quaeque
1153 1508 1348 1555 videtur
1373 1508 1599 1555 amanda.

1498 891 1603 937 605

272 1585 501 1633 Pessima
528 1587 606 1643 sit,
635 1586 756 1634 nulli
782 1603 880 1633 non
906 1601 997 1633 sua
1020 1586 1177 1632 forma
1202 1585 1382 1648 placet.

205 1662 356 1726 Saepe
383 1670 549 1710 tamen
574 1679 687 1710 vere
713 1663 866 1726 coepit
890 1663 1145 1709 simulator
1170 1678 1332 1709 amare
1354 1679 1363 1709 ;

1506 1665 1601 1709 615

275 1740 439 1803 Saepe,
468 1741 602 1803 quod
629 1740 870 1804 incipiens
893 1740 1107 1788 finxerat
1131 1756 1258 1796 esse,
1285 1739 1392 1786 fuit.

206 1815 321 1870 Quo
342 1818 500 1880 magis
525 1818 554 1863 ὁ
580 1817 749 1865 faciles
775 1817 1084 1864 imitantibus
1111 1823 1233 1872 este,
1261 1816 1458 1880 puellae.

275 1894 384 1941 Fiet
409 1911 545 1942 amor
570 1911 730 1950 verus,
759 1896 845 1958 qui
872 1896 1018 1942 modo
1044 1894 1197 1942 falsus
1223 1902 1343 1941 erat.

248 2084 323 2114 601.
351 2084 431 2114 Bene
453 2096 520 2114 cum
544 2096 600 2124 quo
625 2086 753 2114 dormiat
781 2084 867 2124 illan]

206 2131 244 2162 Id
269 2138 315 2163 est
339 2133 486 2163 amatori:
514 2132 609 2163 dubie
634 2132 717 2163 enim
739 2132 869 2168 dictum,

206 2187 241 2211 ut
264 2186 295 2212 et
319 2180 358 2211 de
376 2180 438 2211 viro
463 2181 558 2223 possit
581 2181 663 2222 capi,
690 2180 785 2222 idque
808 2180 870 2211 dici

206 2230 265 2261 sibi
286 2230 420 2261 callidus
435 2230 565 2261 maritus
590 2230 709 2266 credat,
736 2231 781 2260 ita
802 2232 871 2260 dor--

206 2282 281 2310 mire
302 2292 369 2310 cum
393 2281 504 2320 aliquo,
521 2280 601 2310 sumi
617 2279 723 2310 docuit
738 2279 871 2320 diligen-

206 2328 344 2360 tissimus
366 2329 559 2360 Passeratius
584 2328 624 2359 ad
640 2328 792 2371 Propertii
818 2328 872 2360 lib.

208 2390 239 2410 v.
257 2378 340 2420 eleg.
359 2391 387 2410 v.
402 2389 476 2420 pag.
493 2379 568 2409 269.
615 2379 733 2409 Bunm.

251 2429 328 2458 605.
354 2427 533 2467 Leviterque
544 2428 711 2468 admotus]
734 2429 871 2459 Pariter—

206 2488 261 2518 que
290 2476 466 2507 Palatinus.
505 2477 560 2507 sed
592 2477 696 2507 leviter
723 2483 769 2508 ost
806 2476 872 2507 sine

208 2525 308 2557 multo
323 2525 466 2567 strepitu.
513 2525 633 2556 Bunm.

252 2576 327 2605 608.
366 2575 516 2605 Audacem
552 2574 684 2615 Forsque
719 2574 873 2615 Venusque

199 2625 343 2665 jamma]
387 2626 539 2655 Aradentes
566 2624 780 2655 Sarravianus.
818 2625 874 2656 sed

211 2676 370 2710 audentem
384 2673 487 2704 Editio
512 2673 611 2714 prima
631 2679 663 2704 et
678 2673 801 2712 triginta
820 2685 872 2704 sex

937 2083 1056 2125 scripti.
1094 2083 1188 2124 idque
1217 2093 1322 2113 verum
1359 2093 1426 2113 esse
1463 2081 1604 2112 arbitror.

940 2133 1049 2163 Audar
1072 2132 1154 2163 enirn
1182 2137 1227 2162 est
1252 2130 1444 2167 temerarius,
1469 2141 1561 2172 quem
1587 2142 1604 2160 a

940 2181 1010 2212 Deo
1029 2182 1133 2224 juvari
1156 2181 1288 2212 stultum
1312 2187 1393 2212 esset
1408 2181 1522 2211 dicere.
1549 2180 1604 2210 sed

941 2231 1062 2261 Audens
1084 2236 1131 2262 est
1154 2231 1250 2266 fortis,
1267 2230 1432 2265 animosus,
1449 2234 1605 2265 constans,

940 2279 993 2321 qui
1010 2279 1165 2321 intrepido
1177 2280 1280 2310 animo
1292 2281 1396 2310 omnia
1412 2277 1604 2320 adgreditur.

943 2330 1109 2360 [ludentem
1126 2340 1192 2360 esse
1208 2329 1293 2361 laudi
1310 2328 1447 2365 ducitur,
1461 2330 1602 2359 audacem

942 2378 1028 2409 vitio.
1075 2379 1191 2409 Burin.

984 2428 1058 2458 610.
1086 2428 1147 2458 Fac
1165 2434 1284 2458 tantum
1308 2426 1436 2467 cupias]
1463 2427 1604 2462 Imo,i11-

941 2478 1043 2516 cipias.
1068 2476 1151 2518 quod
1168 2476 1199 2507 in
1212 2477 1319 2507 multis
1331 2475 1493 2507 codicibus
1506 2481 1604 2511 extat,

941 2531 972 2556 et
996 2525 1027 2556 in
1048 2525 1214 2555 Erfurtano
1237 2525 1449 2566 Zinzerlingus
1471 2524 1603 2556 invenit.

941 2579 1046 2605 notum
1073 2573 1164 2611 illud,
1183 2575 1349 2605 Dimidium
1363 2575 1451 2616 silvii
1471 2576 1522 2614 qui
1537 2575 1606 2604 bene

943 2625 1039 2663 coepit,
1077 2624 1173 2654 hahet.
1210 2630 1242 2655 et
1278 2624 1424 2665 adagium
1459 2624 1604 2655 Graecum

943 2672 1046 2715 Ἀρχὴ
1065 2672 1094 2703 δέ
1110 2685 1156 2704 τοι
1174 2672 1270 2714 ἥμισυ
1288 2666 1424 2711 ᾗαντός.
1471 2674 1590 2703 erxs.
