1849 3198
298 146 336 179 16
691 149 897 180 BENTLEII
922 148 1289 180 EMENDATIONES.

300 236 357 266 162
381 236 430 265 An
445 236 573 268 dubitas,
589 234 640 264 hic
655 233 696 264 sit
714 233 824 274 [MSS.
836 233 923 264 Dun.
938 233 1034 274 Rel.]

298 291 358 320 172
381 288 434 320 Ad
450 295 488 325 te,
504 287 659 330 Cydippe,

298 344 360 374 176
620 340 673 382 qui
688 347 792 372 movet
806 342 871 377 ille,
889 341 1000 372 cadat!
1029 341 1139 381 [MSS.
1151 341 1239 372 Dun.
1253 341 1344 381 Re1.]

299 399 358 428 183
382 397 427 428 Ut
443 395 566 426 valeant
581 396 647 431 alii,
662 394 775 426 ferrum
791 395 950 437 patiantur
968 395 1058 435 [MS.
1075 395 1166 435 Reh]
1186 395 1235 425 vel
1250 394 1408 437 patientur
1423 394 1508 435 [MS.
1524 392 1631 433 Dum]

300 451 357 481 188
384 450 567 480 Exciderant
583 447 685 479 animo
700 447 820 479 foedera
834 454 927 489 pacto
941 453 1007 479 tuo.
1027 447 1110 488 [xxi.
1131 447 1220 488 101.]

296 504 357 534 189
656 502 748 533 modo
762 503 877 533 casibus
890 501 974 540 istis3
1001 501 1082 542 [xxi.
1099 503 1151 533 99.
1196 501 1271 532 Am.
1287 500 1322 531 ii.
1343 502 1370 531 1.
1387 500 1453 540 10.]

297 557 357 588 193
380 555 516 594 Audiet3
537 557 606 591 hcec,

293 611 358 641 204
615 608 782 650 dumfacit
797 607 866 650 ipsa
880 608 971 638 Deae.
990 607 1071 648 [xxi.
1088 607 1161 647 93.]

293 664 357 694 212
380 662 455 693 Esse
470 672 536 692 reor
549 660 698 697 vinctam,

294 717 359 747 219
615 713 669 755 qui
685 713 742 744 sim
758 714 930 754 qualisque,
944 713 1070 755 jubeto:

292 771 356 801 223
614 766 639 797 si
654 776 802 808 generosa
815 767 948 807 probabis
962 767 1052 807 (MS.
1069 767 1156 797 Dun.
1170 768 1299 806 probatis
1314 765 1384 797 MS.
1399 765 1490 805 Rel.)

294 823 358 854 226
615 831 664 851 me
680 819 736 850 tibi
740 823 860 861 jungat
876 830 971 850 amor.

296 877 359 907 228
617 874 688 904 talis
702 873 865 904 habendus
879 885 973 904 eram.

295 931 358 960 235
616 927 689 957 data
704 926 793 967 signa
807 928 885 957 salut
905 926 981 967 [is?]
1004 926 1084 967 [xvi.
1099 927 1150 957 90.
1168 933 1234 957 rata
1250 926 1363 968 sigum]

296 984 359 1014 ‘242
385 983 532 1013 Clausum
547 986 694 1011 consueto

426 1035 526 1075 [Vide
541 1045 610 1075 quae
625 1032 761 1064 diximus
775 1033 815 1064 ad
830 1033 922 1064 finem
937 1033 1096 1074 sequentis
1113 1032 1288 1075 Epistolae.]

827 1151 1005 1190 EPIST.
1035 1151 1151 1189 XXI.

320 1253 359 1283 16
384 1252 496 1282 Tabida
513 1249 563 1281 vix
580 1248 684 1279 cubito
699 1248 838 1278 membra
853 1247 956 1278 levare
972 1252 1045 1286 puta

319 1307 360 1337 23
386 1306 523 1346 Cumque
539 1302 643 1334 venire
659 1301 755 1340 videt,

315 1361 358 1391 25
380 1359 468 1389 Sicut
483 1363 581 1393 erant,

315 1414 356 1444 26
379 1413 419 1443 Et
432 1411 546 1453 tegitur
562 1411 657 1450 tepido

313 1467 354 1497 28
379 1467 523 1503 Quantus
537 1466 573 1494 sz's
589 1462 687 1499 nobis,

314 1519 356 1550 29
382 1519 448 1553 Quo
462 1527 599 1559 peream,

315 1573 356 1603 38
383 1572 534 1607 Perditis;
549 1576 580 1601 et
594 1568 717 1611 proprio
737 1568 784 1609 [v.
799 1568 868 1608 58.]

316 1627 357 1656 44
657 1621 790 1664 corporis
805 1621 895 1652 ardor
909 1623 988 1652 adest
1000 1634 1007 1651 .-

315 1679 357 1709 49
657 1673 837 1706 contendit:
862 1681 893 1704 ar
910 1675 987 1705 alter

313 1734 355 1763 55
380 1732 439 1762 Dic
454 1731 537 1765 mihi,
553 1728 705 1770 solitoque

314 1786 354 1816 67
527 1783 664 1814 deducta
677 1788 724 1813 est
739 1789 863 1822 tempore
879 1781 945 1823 (vel
961 1781 1072 1818 sidere)
1090 1781 1191 1816 navis.

315 1841 356 1870 89
659 1842 691 1867 et
705 1837 838 1866 crinibus
853 1846 960 1866 aurum
975 1848 980 1864 :

313 1893 354 1924 91
614 1888 727 1930 quibus
741 1888 843 1918 insula
857 1896 947 1929 grata
963 1894 1020 1923 est,

295 1947 355 1976 113
379 1944 573 1984 Luminaque
588 1943 619 1972 in
634 1942 763 1983 gremio,
777 1943 822 1972 vel
838 1942 925 1972 humo
939 1941 1052 1976 defixa,

296 2000 355 2030 127
379 1999 467 2029 More
480 1999 562 2037 proci
577 1995 666 2026 solito

297 2054 356 2084 135
613 2049 656 2080 nil
671 2050 902 2089 nnsjuravimns
917 2048 990 2086 ἰΗΞὶς

294 2108 356 2138 144
613 2103 671 2134 isto
686 2114 769 2134 more
784 2102 936 2144 legendus
951 2108 1028 2132 erat.

295 2161 355 2190 149
378 2158 481 2200 Major
493 2168 526 2188 es
542 2158 592 2186 hoc

297 2213 356 2243 165
379 2210 508 2252 Projicit
521 2209 586 2251 ipse
600 2220 654 2240 sua
670 2210 814 2239 deductus
832 2207 922 2248 [Am.
939 2207 961 2237 i.
979 2207 1009 2237 6.
1025 2205 1093 2246 67.]

297 2266 356 2296 167
615 2262 721 2292 laetum
737 2263 892 2292 consistere
907 2260 1015 2290 turba:

297 2318 355 2348 168
613 2313 723 2344 transit
738 2314 768 2344 in
783 2324 834 2345 ore
847 2315 926 2344 color·

297 2372 356 2401 180
380 2369 470 2409 A'qne
486 2374 539 2399 tua
554 2375 600 2398 est
615 2367 683 2408 (vel
698 2367 768 2405 ave)

296 2424 355 2454 186
379 2424 451 2453 Non
468 2428 521 2452 tua
535 2422 584 2456 sit,

296 2478 355 2508 198
379 2477 417 2506 In
431 2475 577 2506 dextrum
596 2480 704 2509 vertor,

296 2531 356 2560 199
380 2530 449 2560 Nec
464 2529 582 2569 loquor,
596 2533 626 2557 et
642 2528 740 2556 clauso
756 2526 821 2567 (vel
838 2524 970 2563 dempto)

292 2584 355 2613 205
380 2584 419 2612 Ac
434 2580 508 2611 mihi
524 2582 609 2621 signa
624 2580 718 2617 soret;

292 2636 356 2667 213
612 2643 689 2663 anne
704 2638 737 2662 ut
752 2632 926 2662 miserabile
941 2641 1065 2672 corpus,

294 2691 355 2720 227
380 2688 439 2718 Sed
456 2693 557 2718 tamen
574 2688 718 2725 adspicias
734 2686 856 2721 vellem,
873 2687 948 2725 quod
963 2691 990 2715 et
1006 2684 1070 2725 ipse
1086 2684 1227 2724 rogabas.
