1849 3198
211 155 297 198 480

608 152 659 192 Ρ.
694 151 908 193 OVIDII
942 151 1224 193 NASONIS

219 270 438 319 Reddite
463 269 773 333 depositum:
813 267 974 330 pietas
1000 282 1091 314 sua
1114 266 1301 315 foedera
1324 275 1508 315 servet:

287 349 442 396 Fraus
469 346 622 394 absit:
661 360 844 392 vacuas
866 345 1019 391 caedis
1044 346 1225 392 habete
1251 361 1444 393 manus.

220 426 414 481 Ludite,
442 424 483 471 si
508 423 698 487 sapitis,
727 422 858 469 solas
884 421 1087 485 impune
1112 422 1322 485 puellas.

286 502 396 550 Hac
422 501 585 547 minus
611 507 688 547 est
712 498 811 545 una
834 497 1007 544 fraude
1027 498 1215 545 tuenda
1237 498 1379 546 fides.

220 580 396 628 Fallite
420 579 690 633 fallentes}
712 591 776 623 ex
801 576 985 638 magna
1011 583 1152 639 parte
1176 575 1439 639 profanum
1519 578 1616 622 645

289 659 418 706 Sunt
442 672 616 719 genus.
654 654 705 701 in
729 655 955 716 laqueOS,
983 668 1110 716 quos
1136 669 1365 717 posuere,
1393 652 1590 700 cadant.

221 735 416 782 Dicitur
441 733 688 797 AEgyptos
713 731 934 779 caruisse
949 730 1241 793 juvantibus
1267 746 1383 777 arva

286 811 556 867 Imbribus,
575 803 736 873 ‘atque
763 824 918 856 annos
944 807 1079 855 sicca
1101 807 1256 855 fuisse
1281 822 1475 855 novem.

222 891 354 938 Cum
378 887 617 936 Thrasius
645 887 847 934 Busirin
874 885 993 941 adit,
1020 874 1367 948 monstratque
1391 884 1515 949 piari

288 966 517 1030 Hospitis
543 965 701 1012 effuso
727 963 969 1026 sanguine
994 978 1145 1026 posse
1169 961 1363 1009 Jovem.
1415 973 1423 979 ‘

1521 964 1619 1009 650

222 1044 301 1091 Illi
329 1042 538 1098 Busiris,
568 1041 681 1089 Fies
707 1040 736 1087 J
742 1041 844 1088 ovis
870 1041 1035 1087 hostia
1057 1040 1264 1104 primus,

290 1121 477 1184 Inquit,
505 1127 555 1167 et
580 1119 800 1183 AEgypto
827 1126 880 1166 tu
905 1118 1049 1165 dabis
1075 1118 1257 1181 hospes
1284 1133 1483 1180 aquam.

225 1199 290 1246 Et
315 1197 543 1245 Phalaris
568 1203 709 1243 tauro
735 1195 938 1242 violenti
964 1195 1190 1242 membra
1215 1193 1385 1241 Perilli

287 1276 503 1322 Torruit.
542 1274 715 1321 infelix
740 1274 920 1333 imbuit
944 1280 1117 1320 auctor
1141 1288 1283 1336 opus.

221 1353 250 1399 J
257 1360 397 1400 ustus
423 1359 635 1414 uterque
660 1350 768 1397 fuit.
807 1366 973 1413 neque
998 1349 1131 1396 enim
1156 1349 1237 1396 lex
1264 1348 1455 1411 aequior
1479 1348 1593 1403 ulla,

290 1429 453 1484 Quam
479 1428 616 1474 necis
642 1427 856 1474 artifices
883 1433 987 1474 arte
1012 1426 1172 1489 perire
1198 1426 1308 1472 sua.

1522 1427 1618 1472 656

224 1507 374 1569 Ergo,
402 1506 480 1568 (ut
503 1506 728 1569 perjuras
754 1504 931 1551 merito
957 1503 1176 1567 perjuria
1200 1501 1418 1562 fallunt,)

292 1583 540 1646 Exemplo
566 1583 734 1629 doleat
758 1581 942 1629 femina
965 1581 1076 1627 lusa
1100 1597 1205 1627 suo.

226 1659 292 1707 Et
315 1660 530 1707 lacrimae
556 1666 786 1723 prosunt:
827 1659 1042 1705 lacrimis
1068 1659 1335 1705 adamanta
1358 1656 1597 1704 movebiS.

292 1737 390 1784 Fac
417 1736 642 1783 madidas
668 1737 849 1791 videat,
879 1737 918 1783 si
944 1744 1104 1800 potes,
1132 1736 1216 1782 illa
1240 1751 1410 1797 genas.

1523 1737 1621 1781 660

226 1814 279 1860 Si
297 1814 512 1862 lacrimae
525 1816 713 1877 (neque
729 1814 861 1861 enim
876 1815 1080 1861 veniunt
1095 1814 1144 1860 in
1158 1819 1383 1876 tempore
1400 1811 1620 1875 semper)

293 1892 566 1947 Deficient3
607 1892 708 1938 uda
733 1892 920 1939 lumina
944 1899 1093 1954 tange
1118 1907 1284 1937 manu,

268 2063 344 2092 644.
371 2062 438 2093 Hac
453 2064 551 2092 minus
566 2069 608 2093 est
629 2063 818 2105 unufmwle
832 2075 887 2103 ym-

225 2114 323 2142 ‹Iemla
343 2112 455 2152 fidem]
504 2112 586 2141 Mihi
615 2112 766 2153 Naugerii
796 2112 889 2143 lectio

226 2161 325 2202 magis
340 2161 457 2202 placet,
471 2162 524 2191 hac
538 2163 636 2191 minus
646 2168 686 2191 esc
699 2162 890 2203 wisifraude.

227 2211 438 2250 tnendafides.
464 2215 498 2240 ut
518 2210 556 2240 sit
577 2220 708 2248 sensus3
733 2210 764 2240 in
780 2211 890 2240 ceteris

226 2260 318 2290 rebus
341 2259 434 2289 fidem
457 2259 642 2289 servandam
672 2270 750 2294 esse,
774 2259 828 2289 sed
859 2260 890 2289 in

227 2319 330 2339 amore
359 2308 453 2338 licere
484 2309 604 2349 puellas
633 2308 752 2343 fallere,
779 2308 889 2338 eodem

226 2357 330 2393 modo,
346 2364 380 2388 ut
395 2358 480 2398 leges
496 2368 533 2387 ex
557 2363 714 2399 praecepto
727 2358 888 2399 Tyranno-

228 2417 295 2436 rum
322 2412 353 2436 et
379 2405 511 2436 Cansaris
529 2406 663 2446 jactant,
686 2408 889 2445 sijusjuran-

227 2458 300 2485 «lum
327 2462 368 2485 est
389 2457 574 2490 violandum,
599 2457 686 2497 regni
711 2467 814 2486 caussa
837 2462 889 2491 est,

227 2507 331 2534 ceteris
346 2506 432 2534 rebus
445 2506 583 2543 pietatem
599 2506 687 2534 colas.
733 2504 852 2534 BURM.

272 2554 348 2583 645.
375 2553 674 2594 Fallitesallentes]
702 2553 742 2582 Et
764 2553 890 2595 hic-jiul-

226 2604 306 2632 [αι-οε
342 2602 525 2632 Patavinus.
563 2602 618 2632 sed
655 2602 764 2632 eadem
798 2602 889 2637 ratio,

230 2662 323 2694 quam
349 2662 418 2682 mox
436 2663 466 2682 v.
491 2652 564 2681 608.
589 2650 619 2681 in
644 2653 790 2682 audentes
813 2651 890 2682 vidi-

231 2713 312 2732 mus.

1001 2065 1076 2095 647.
1104 2064 1230 2094 Dicitur
1246 2064 1398 2104 AEgyptus
1421 2064 1619 2101 cai-uisseju-

958 2116 1098 2145 vantibus
1112 2116 1213 2148 nudi&
1229 2113 1308 2152 &c.]
1337 2112 1426 2142 Idem
1443 2111 1538 2141 tradit
1555 2112 1620 2152 Hy-

958 2163 1048 2205 ginus
1064 2163 1095 2193 in
1112 2162 1225 2193 fabulis
1240 2173 1311 2203 cap.
1328 2161 1382 2192 lvi.
1428 2161 1523 2191 Cxor.

1003 2213 1077 2243 650.
1102 2213 1235 2251 Hospitis
1250 2211 1342 2253 effuso
1354 2210 1530 2250 sanguina]
1558 2211 1622 2240 Ad-

948 2262 1024 2303 ιΙὶιεο
1040 2261 1171 2301 Regius,
1188 2267 1222 2291 ut
1247 2260 1286 2290 ad
1308 2270 1393 2290 aram
1409 2258 1496 2290 Jovis
1522 2259 1619 2299 respi-

958 2310 1032 2340 ciat.
1080 2310 1197 2339 Hfflxs.

1001 2359 1078 2389 653.
1105 2357 1243 2397 Perilli]
1274 2357 1429 2386 Perilaum
1445 2360 1535 2386 vocat
1560 2355 1620 2385 Lu-

958 2407 1066 2437 cianus
1082 2406 1113 2436 in
1127 2405 1253 2437 Phalari
1270 2405 1366 2448 primo
1382 2416 1456 2447 pag.
1474 2405 1547 2435 467.
1565 2404 1619 2435 ubi

959 2461 1024 2486 tota
1040 2455 1178 2485 historia.

1002 2505 1077 2534 662.
1105 2505 1274 2544 Deficiunt,
1303 2504 1366 2533 uda
1391 2503 1506 2532 Iumina
1532 2508 1622 2542 tange

959 2554 1083 2593 manin]
1111 2553 1227 2588 Primo,
1258 2552 1407 2592 Deficient
1433 2557 1480 2581 est
1501 2551 1532 2581 in
1557 2561 1621 2581 me-

959 2602 1104 2640 lioribus3
1134 2602 1259 2638 deinde,
1288 2607 1380 2631 uncta
1409 2612 1502 2630 manu
1529 2600 1621 2640 Regii

960 2663 1030 2682 cum
1052 2651 1197 2682 l’olitiani
1214 2650 1322 2681 codice
1339 2656 1370 2680 et
1386 2649 1523 2691 quinque
1539 2649 1620 2680 aliis.

962 2700 1159 2736 Oxonicnsis,
1176 2707 1301 2731 cuncta:
1327 2705 1399 2735 tres,
1416 2701 1530 2730 tincta:
1549 2699 1621 2733 duo,
