1849 3198
226 231 310 273 130
611 230 661 272 P.
695 229 907 272 OVIDII
941 229 1220 272 NASONIS

233 344 363 393 Nam
388 350 543 409 pater,
570 351 620 393 et
642 345 788 393 tellus
807 347 944 409 justo
968 352 1172 409 regnata
1194 345 1403 410 parenti,

299 421 504 469 Prodita
527 428 642 469 sunt
665 421 811 479 facto,
838 422 1038 470 nomina
1061 439 1189 478 cara,
1216 439 1343 470 meo.

233 497 363 545 Cum
386 499 492 555 tibi,
520 515 582 546 ne
605 499 760 546 victor
784 506 916 547 tecto
940 516 1184 547 morerere
1209 515 1426 555 recurvo,

297 574 419 629 Quae
444 583 671 638 regerent
693 593 886 640 passus,
913 594 1001 641 pro
1026 578 1153 625 duce
1178 578 1260 624 fila
1283 577 1414 624 dedi.

232 652 360 699 Cum
385 654 505 700 mihi
529 654 748 711 dicebaS,
776 655 874 702 Per
899 672 990 718 ego
1015 656 1124 720 ipsa
1146 655 1366 719 pericula
1383 655 1511 717 juro,

297 729 369 777 Te
392 730 510 787 fore,
537 732 655 778 dum
680 740 901 780 nostrum
924 734 1054 780 vivet
1077 740 1302 796 uterque,
1328 747 1507 778 meam.

230 804 480 856 Vivimus:
521 815 571 856 et
588 825 684 857 non
711 827 835 866 sum,
863 810 1076 867 Theseu,
1097 818 1198 858 tua.
1238 810 1278 857 si
1303 809 1449 856 modo
1472 807 1609 864 vivis,

299 883 518 941 Femina,
545 886 728 950 perjuri
754 887 924 935 fraude
950 889 1146 952 sepulta
1168 887 1272 935 viri.
1551 888 1612 932 76

232 958 319 1007 Me
345 978 560 1026 quoque,
588 981 689 1027 qua
712 965 927 1022 fratrem,
946 974 1233 1021 mactasseS‚
1257 963 1495 1027 improbe,
1513 965 1612 1011 cla-

299 1036 463 1095 Esset,
491 1057 639 1103 quam
665 1043 890 1100 dederas,
918 1050 1075 1091 morte
1102 1043 1262 1090 soluta
1285 1042 1425 1089 fides,
1500 1042 1608 1104 [va;

233 1111 280 1159 N
286 1131 380 1162 unc
396 1132 488 1179 ego
507 1134 604 1165 non
623 1126 830 1176 tantum,
849 1138 961 1184 quae
982 1138 1090 1168 sum
1116 1137 1337 1184 passura,
1358 1120 1586 1167 recordor
1598 1137 1609 1176 3

1547 425 1609 469 70

299 1191 401 1239 Sed
427 1210 760 1260 quaecumque
785 1204 952 1262 potest
974 1198 1076 1246 ulla
1098 1199 1270 1245 relicta
1293 1197 1412 1261 pati.

273 1382 324 1414 71.
351 1384 427 1416 Cum
443 1387 496 1416 tibi
515 1398 551 1418 ne
567 1388 689 1429 victus]
711 1389 810 1420 Victor
826 1390 889 1421 Pu-

228 1436 357 1464 teaneus
381 1440 413 1465 et
435 1435 496 1467 duo
512 1437 577 1468 alii.
603 1446 748 1480 superato
771 1440 890 1471 scilicet

223 1480 290 1522 jam
306 1481 499 1516 Minotauro.
524 1486 643 1518 HmNs.

273 1529 321 1560 Ne
346 1534 439 1563 victor
463 1540 537 1565 tecto
564 1547 708 1567 morerere
736 1538 887 1578 recurva]

229 1578 455 1620 Labyrinthum
484 1582 614 1615 indicat.
663 1586 804 1622 Quatuor
832 1585 889 1617 hu<

225 1626 330 1667 jus-ce
341 1629 424 1660 modi
436 1631 568 1663 aedificia
583 1633 665 1675 apud
676 1640 795 1665 veteres
809 1635 890 1666 cele-

229 1675 356 1707 brantur
367 1690 373 1708 z
389 1680 623 1722 AEgypffiacum,
632 1683 791 1720 Cretense,
799 1684 890 1715 Lem-

230 1725 355 1757 niaeum
379 1733 410 1758 et
433 1729 592 1762 Italicum.
637 1732 751 1773 Agitur
774 1733 824 1764 hic
851 1733 889 1764 de

230 1775 373 1807 Cretensi
401 1777 589 1820 labyrintho,
615 1781 667 1822 qui
691 1782 769 1812 nihil
793 1783 890 1820 aliud,

229 1835 324 1866 quam
353 1824 475 1858 antrum
503 1829 642 1861 nativum
671 1842 765 1873 prope
790 1833 890 1864 Gnos—

230 1883 310 1910 sum,
322 1880 353 1906 et
366 1883 487 1909 meatus
498 1879 701 1917 subterranei,
714 1892 784 1912 mox
796 1893 890 1914 manu

229 1923 367 1956 humana
386 1926 546 1964 elaborati,
561 1929 701 1971 religioni
717 1930 793 1962 forte
816 1943 890 1963 con—

228 1974 494 2007 sectati,..Nulla
519 1978 587 2020 ejus
611 1979 743 2021 vestigia
766 1992 890 2024 supere-

230 2028 311 2060 rant²
323 2024 390 2070 jam
400 2025 529 2057 Diodori
545 2027 640 2059 Siculi
653 2035 755 2066 aetate,
775 2032 802 2062 l.
818 2033 871 2063 61.
881 2045 889 2071 ;

230 2081 285 2102 seu
298 2072 458 2104 hominum
470 2086 574 2117 opera,
586 2088 640 2109 seu
655 2083 742 2110 terrae
758 2081 891 2114 motibus

230 2125 262 2150 et
285 2121 398 2160 ruinis3
424 2124 482 2154 etsi
503 2132 623 2157 meatus
648 2133 680 2159 et
702 2130 891 2163 canaliculos

229 2169 443 2202 subterraneos
454 2172 485 2203 in
496 2174 590 2205 Creta
601 2186 758 2218 superesse
774 2183 890 2210 testan-

231 2223 280 2247 tur
295 2218 492 2252 recentiores.
537 2222 654 2255 AMAn.

274 2267 327 2298 75.
358 2268 391 2298 Si
419 2272 500 2300 morlo
526 2273 598 2302 vivit
623 2273 778 2315 Feminat]
813 2276 892 2308 Vivis

230 2315 353 2347 codices
377 2328 490 2359 magno
511 2331 656 2360 numer0;
680 2329 714 2353 ut
737 2335 768 2354 se
792 2323 890 2366 ipsam

230 2364 419 2407 alloquatur.
455 2369 538 2409 quod
567 2370 824 2415 ἐμψατικώτερον
851 2374 891 2405 ad

232 2413 372 2446 adfectus
388 2417 599 2450 concitandos.
625 2420 740 2452 Bunivr.

274 2463 325 2494 76.
351 2464 472 2496 Fraude
496 2470 610 2507 sepulta
635 2470 724 2510 vii-12]
750 2471 890 2502 Turbant

230 2511 397 2543 admodum
412 2525 505 2545 manu
521 2516 638 2547 exarati
661 2518 795 2554 codices,
814 2530 888 2560 quo—

230 2571 296 2591 rum
313 2562 487 2601 Palatinus,
507 2570 538 2595 et
552 2566 679 2607 quidam
702 2567 753 2598 alii
770 2568 819 2599 hic
835 2569 889 2600 ha-

231 2610 306 2657 bent
327 2614 436 2649 solnta,
462 2621 494 2644 et
514 2615 656 2656 sequenti
682 2623 886 2657 pentametro,

229 2657 354 2698 Sepulta
365 2663 457 2702 fideS,
477 2662 528 2704 (ut
553 2669 584 2695 et
608 2663 703 2695 habet
727 2666 889 2708 utrobique

227 2710 344 2748 sepulta
355 2711 469 2743 Moreti
481 2723 562 2744 unus
576 2718 607 2744 et
619 2714 806 2755 Vossianus)
819 2727 888 2757 qum

1551 1200 1613 1244 80

957 1390 1154 1433 transpositio
1182 1390 1285 1422 nescio
1316 1400 1355 1422 an
1386 1389 1616 1422 convenientior

961 1441 1086 1471 Poe'tae:
1125 1440 1201 1471 mori
1235 1439 1317 1471 enim
1354 1445 1474 1481 poterat
1507 1440 1614 1471 fraude

957 1489 1069 1520 Thesei
1084 1489 1221 1520 Ariadne
1236 1489 1268 1520 in
1290 1489 1355 1520 sola
1368 1489 1471 1519 insula
1492 1489 1613 1525 relicta,

957 1540 1012 1571 sed
1026 1540 1216 1582 sepulturam
1238 1550 1257 1570 a
1279 1539 1402 1570 nemine
1417 1549 1538 1580 sperare
1562 1550 1616 1580 po-

957 1594 1055 1626 terat3
1077 1589 1149 1618 solvi
1161 1599 1233 1618 vero
1248 1599 1301 1629 pro
1317 1587 1392 1618 mori
1405 1588 1519 1618 Noster
1533 1598 1615 1629 saepe

957 1636 1057 1678 ponit.
1074 1637 1108 1667 ii.
1124 1636 1231 1667 Amor.
1248 1648 1279 1667 x.
1297 1637 1349 1667 36.

1002 1687 1137 1717 RIedium
1152 1688 1249 1717 solvar
1260 1693 1288 1716 et
1304 1688 1383 1716 iuter
1398 1697 1478 1725 opus.

958 1735 996 1766 In
1010 1735 1092 1766 Ibin.
1115 1736 1185 1766 146.

1001 1784 1068 1815 Sive
1081 1785 1268 1826 manufacta
1282 1790 1373 1814 morte
1387 1785 1500 1814 solutus
1514 1795 1574 1815 erm

958 1834 998 1864 Et
1022 1834 1065 1865 ita
1088 1832 1203 1875 passim
1227 1832 1293 1864 alii.
1320 1833 1396 1864 Vid.
1425 1833 1465 1864 ad
1490 1833 1616 1865 Petron.

957 1894 1027 1925 cap.
1050 1883 1111 1914 cxi.
1156 1883 1279 1923 Sepulta
1300 1893 1372 1914 vero
1396 1882 1473 1913 fides
1490 1883 1615 1924 elegan-

956 1933 1073 1964 tissime
1083 1932 1196 1964 dicitur
1210 1932 1254 1963 ita
1269 1932 1386 1963 abolita
1396 1938 1427 1964 et
1438 1933 1614 1969 obscurata,

957 1989 992 2012 ut
1021 1982 1109 2013 nulla
1137 1982 1204 2024 ejus
1233 1981 1363 2023 vestigia
1398 1987 1467 2023 post
1497 1981 1617 2013 caedem

957 2031 1112 2063 Ariadnes
1121 2036 1289 2067 exstarent,
1301 2042 1358 2062 nec
1371 2032 1535 2073 quisquam
1548 2042 1618 2062 eam

957 2081 1076 2112 Theseo
1101 2081 1286 2123 exprobrare
1311 2086 1427 2122 posset,
1454 2080 1479 2111 si
1504 2080 1617 2112 Ariad-

957 2140 1043 2165 nam,
1060 2135 1227 2171 antequam
1244 2139 1281 2160 ex
1305 2129 1405 2170 patria
1427 2129 1618 2166 abduxisset,

959 2179 1041 2220 quod
1057 2179 1157 2220 ipsum
1170 2177 1413 2209 Atheniensibus
1428 2178 1521 2208 fidem
1533 2178 1617 2220 pacti

958 2227 1059 2258 facere
1074 2233 1207 2269 poterat,
1226 2232 1392 2257 mactasset
1413 2227 1519 2265 clava3
1542 2233 1616 2259 tunc

958 2276 1040 2307 enim
1054 2277 1174 2307 nullum
1186 2276 1258 2306 fidei
1270 2275 1416 2307 Ariadnae
1429 2276 1510 2307 datae
1526 2287 1616 2318 argu-

957 2332 1097 2357 mentum
1117 2325 1263 2356 adversus
1277 2324 1398 2356 Thesea
1420 2325 1547 2367 produci
1564 2337 1617 2367 po-

957 2375 1082 2412 tuisset3
1106 2374 1160 2405 sed
1184 2374 1275 2405 simul
1301 2385 1372 2404 cum
1388 2375 1493 2406 funere
1510 2375 1616 2406 condi-

957 2423 1053 2454 disset
1068 2423 1173 2454 fidem.
1199 2423 1316 2453 Bunm.

1001 2473 1053 2504 79.
1081 2472 1152 2506 Quoe
1164 2483 1227 2502 sum
1240 2483 1363 2511 passura
1375 2472 1545 2512 recordor-J
1559 2472 1616 2503 Ni-

956 2520 999 2551 hil
1021 2520 1140 2552 variant
1163 2521 1297 2551 codices.
1322 2528 1424 2563 posset
1446 2527 1550 2552 tamen
1571 2522 1617 2553 vi-

956 2569 1023 2600 deri
1039 2569 1132 2600 alicui
1149 2569 1357 2606 scribendum,
1373 2582 1435 2611 qua’
1457 2582 1519 2600 sum
1536 2572 1618 2601 modo

953 2630 1040 2658 passa
1064 2621 1212 2655 reem-dor,
1228 2619 1302 2660 quia
1324 2619 1546 2660 praeteritorum
1570 2630 1617 2650 re—

957 2667 1129 2698 coi-damur.
1155 2668 1208 2698 sed
1225 2674 1255 2698 et
1278 2668 1316 2698 (le
1332 2667 1442 2698 futuris
1463 2667 1506 2698 ita
1521 2667 1619 2699 utitur

956 2717 1098 2748 Justinus
1120 2717 1175 2748 lib.
1192 2728 1222 2747 v.
1249 2727 1319 2759 cap.
1339 2717 1368 2747 7.
1413 2716 1475 2747 Sibi
1498 2718 1617 2758 quisque
