1849 3198
609 181 892 223 AMORUM
938 181 1058 222 LIB,
1093 182 1183 223 III.
1215 184 1256 223 4.
1564 186 1649 226 407

721 352 1023 400 ELEGIA
1062 353 1150 400 IV.

254 450 390 497 Dure
416 451 501 507 vir,
530 452 760 514 imposito
785 458 969 498 tenerae
995 451 1203 497 custode
1229 452 1424 514 puellae,

319 527 403 573 Nil
428 528 549 589 agis.
568 550 570 552 ·
589 528 786 589 ingenio
812 543 1026 590 quaeque
1050 528 1236 574 tuenda
1261 544 1366 574 suo.

253 603 303 649 Si
333 620 434 666 qua
451 592 586 651 metu
602 605 770 651 demto
792 611 930 656 casta
949 610 1048 660 est3
1079 620 1139 650 ea
1153 604 1371 665 denique
1388 611 1526 651 casta
1541 612 1638 652 est:

319 680 460 736 Quae,
489 681 608 744 quia
632 698 728 727 non
754 681 918 735 liceat,
947 696 1045 726 non
1070 679 1203 734 facit,
1232 679 1316 725 illa
1339 679 1474 726 facit.

253 755 322 802 Ut
340 758 446 819 jam
471 757 679 805 servaris
704 758 832 804 bene
853 772 1054 819 corpus;
1086 757 1310 802 adultera
1325 771 1464 802 mens
1485 763 1584 803 est:
1613 760 1642 804 5

318 833 426 880 Nec
451 834 705 889 custodiri,
733 834 782 879 ni
807 833 939 888 velit,
967 832 1051 878 illa
1075 839 1258 895 potest.

250 909 358 956 Nec
385 918 603 957 mentem
629 925 822 957 servare
849 916 1008 971 potes,
1036 909 1154 955 licet
1178 909 1345 955 omnia
1368 909 1592 955 claudas.

320 985 567 1032 Omnibus
593 986 806 1033 occlusis
832 985 964 1032 intus
991 985 1185 1032 adulter
1210 985 1317 1033 erit.

251 1062 347 1108 Cui
374 1079 583 1125 peccare
608 1063 740 1117 licet,
769 1069 947 1125 peccat
971 1062 1150 1108 minus.
1190 1062 1301 1125 ipsa
1325 1069 1546 1125 potestas

319 1139 522 1186 Semina
546 1139 782 1202 nequitiae
807 1139 1116 1201 languidiora
1139 1138 1273 1186 facit.
1586 1142 1643 1185 lo

251 1215 438 1264 Desine
464 1217 634 1279 (crede
660 1217 802 1276 mihi)
828 1216 947 1263 vitia
970 1217 1159 1264 irritare
1183 1217 1419 1264 vetando:

317 1293 576 1356 Obsequio
602 1294 768 1340 vincas
795 1293 960 1356 aptius
987 1293 1070 1340 illa
1093 1300 1195 1340 tuo.

250 1369 364 1416 Vidi
391 1387 483 1434 ego
510 1387 667 1433 nuper
687 1386 889 1433 equum,
911 1376 1083 1416 contra
1103 1386 1194 1416 sua
1212 1371 1373 1417 vincla
1391 1378 1635 1425 tenacem,

319 1447 419 1494 Ore
445 1449 707 1495 reluctanti
731 1447 949 1493 fulminis
976 1447 1045 1493 ire
1073 1447 1238 1493 modo,

251 1524 504 1580 Constitit,
532 1533 586 1572 ut
611 1524 825 1588 primum
851 1539 1116 1570 concessas
1142 1524 1298 1570 sensit
1312 1524 1550 1580 habenaS,
1582 1527 1638 1571 15

317 1601 578 1664 Frenaque
604 1602 652 1648 in
678 1600 836 1648 effusa
862 1600 1164 1662 laxajacere
1183 1601 1327 1662 juba.

251 1678 468 1724 Nitimur
493 1678 542 1724 in
567 1678 773 1725 vetitum
800 1692 1012 1739 semper,
1040 1676 1373 1740 cupimusque
1399 1685 1594 1739 negata.

319 1755 402 1802 Sic
428 1754 702 1801 interdictis
729 1753 953 1799 imminet
977 1768 1109 1814 aeger
1134 1755 1292 1816 aquis.

252 1834 469 1880 Centum
493 1831 651 1879 fronte
677 1832 862 1885 oculos,
890 1837 1092 1876 centum
1118 1831 1309 1877 cervice
1335 1830 1540 1892 gerebat

318 1910 517 1971 Argus?
534 1896 596 1956 et
619 1909 709 1954 hos
734 1924 862 1954 unus
888 1923 1023 1970 saepe
1050 1907 1223 1954 fefellit
1248 1907 1416 1954 Amor.
1575 1912 1639 1954 20

251 1987 309 2032 In
334 1982 607 2033 thalamum
634 1985 805 2031 Danae
832 2001 953 2031 saxo
980 1984 1208 2047 ferroque
1235 2001 1503 2048 perennem

317 2063 440 2117 Quae
462 2063 621 2110 fuerat
644 2063 779 2124 virgo
804 2063 1000 2118 tradita,
1028 2069 1186 2108 mater
1210 2069 1330 2108 erat.

250 2141 505 2204 Penelope
532 2141 728 2194 mansit,
757 2140 981 2202 quamvis
1007 2140 1215 2186 custode
1241 2140 1458 2194 carebat,

316 2218 453 2265 Inter
477 2225 551 2265 tot
569 2219 777 2280 juvenes
803 2218 1096 2265 intemerata
1121 2233 1314 2280 procos.

297 2374 324 2402 1.
344 2372 481 2411 Imposito
495 2373 643 2413 emunda]
671 2374 809 2412 Apposica
824 2373 907 2403 vole·
977 2379 1024 2408 cla
1041 2378 1184 2408 meliores
1206 2388 1312 2408 omnes
1335 2382 1427 2408 recte.
1441 2377 1538 2418 frena
1564 2378 1639 2407 alte-

249 2423 301 2452 bat
319 2422 476 2452 Francius.
499 2422 553 2452 scd
576 2422 649 2452 licet
673 2433 732 2452 non
756 2421 848 2452 obvia
871 2422 911 2452 sit
978 2426 1040 2457 rius
1070 2427 1378 2468 interpretamentum
1406 2432 1462 2462 est,
1492 2426 1575 2468 quod
1609 2433 1639 2457 et

249 2470 374 2505 locutio,
390 2481 443 2511 pro
459 2471 632 2511 pra‘posito,
643 2471 788 2512 psit-fecto
802 2482 909 2511 regen·
978 2486 1046 2505 mox
1063 2475 1212 2516 sequitur.
1236 2475 1356 2506 mes.

248 2520 295 2549 (lm
314 2520 414 2555 umri;
441 2519 483 2549 ita
498 2525 600 2549 tamen
617 2521 743 2549 verbum
762 2520 817 2549 hoc
832 2520 910 2550 sumi
1026 2524 1075 2553 16.
1103 2523 1139 2553 ln
1169 2523 1263 2565 effusa
1303 2525 1369 2553 lasa
1391 2526 1496 2562 jai-ura
1523 2525 1634 2563 jutan}

250 2568 342 2598 (locet
366 2569 473 2598 Barth.
490 2568 528 2598 atl
545 2570 621 2599 Stat.
639 2571 681 2600 vi.
697 2569 796 2599 Theb.
812 2569 906 2609 321]
979 2571 1108 2602 Mollius
1123 2571 1180 2602 erit
1195 2582 1332 2608 carmen,
1344 2572 1368 2602 si
1385 2578 1418 2602 ut
1426 2577 1469 2601 est
1483 2571 1514 2602 in
1530 2583 1637 2602 mauu-

249 2617 367 2646 nunu.
978 2620 1112 2661 scriptis,
1129 2621 1345 2662 effiaesnsjubus,
1361 2620 1392 2651 id
1408 2626 1453 2651 est
1468 2621 1577 2656 ciines,
1596 2622 1638 2651 lc-

297 2667 348 2695 13.
368 2668 479 2696 Contra
496 2667 650 2708 snusrmm
669 2669 827 2708 lemanum-j
857 2669 908 2698 Lo
979 2670 1125 2709 gerimus.
1156 2671 1301 2699 MARU‘S.

250 2714 332 2755 gitur
348 2715 521 2749 etiarmsim
541 2717 637 2745 [infla
663 2716 810 2747 ΜΛηινε.
842 2717 911 2746 l'in-
1023 2720 1076 2749 24.
1103 2719 1185 2749 luter·
1215 2726 1273 2749 lam
1304 2720 1436 2759 multos]
1485 2719 1569 2750 Inter
1600 2727 1639 2750 lot

1217 2772 1242 2801 l)
1261 2772 1314 2801 {14
