1849 3198
174 183 260 225 270

557 183 609 223 P.
641 181 856 224 OVIDII
889 181 1170 225 NASONIS

178 298 293 346 Non
319 314 411 361 ego
436 298 631 355 natura,
658 315 750 346 nec
776 316 886 346 sum
909 307 1014 347 tam
1038 299 1246 347 callidus
1273 316 1365 346 usu
1389 317 1398 348 ς
1505 304 1568 348 25

247 375 510 424 Sollertem
534 383 589 424 tu
613 393 709 433 me,
738 377 931 440 (crede)
956 378 1139 441 puella,
1167 377 1305 424 facis.

176 453 248 501 Te
273 454 394 500 mihi
418 455 707 518 compositis
733 456 797 518 (si
824 456 945 518 quid
969 464 1136 503 tamen
1162 455 1377 518 egimus)
1403 471 1433 502 a
1455 471 1535 502 me

242 530 526 579 Adstrinxit
548 533 710 579 verbis
736 533 1022 595 ingeniosus
1048 532 1217 580 Amor.
1470 529 1474 533 ⁴

179 609 394 657 Dictatis
420 610 482 656 ab
508 625 566 656 eo
591 609 686 656 feci
712 610 964 673 sponsalia
987 610 1180 657 verbis:

246 687 593 750 Consultoque
618 686 687 733 fui
707 687 832 749 juris
857 686 1043 734 Amore
1067 686 1218 734 vafer.

1506 690 1570 734 30

179 764 257 812 Sit
280 764 412 812 fraus
438 764 552 811 huic
578 780 760 811 nomen
785 763 934 820 facto,
961 764 1199 826 dicarque
1225 764 1453 811 dolosus:

244 842 324 905 (Si
349 849 516 890 tamen
542 849 633 898 est,
662 842 796 905 quod
822 858 959 889 ames
983 842 1111 889 velle
1136 849 1321 897 tenere,
1350 841 1536 902 dolus.)

177 918 255 966 En
279 919 458 967 iterum
483 919 661 975 scribo,
689 919 934 982 mittoque
954 919 1179 981 rogantia
1202 920 1368 966 verba.

243 996 417 1044 Altera
440 997 572 1044 fraus
598 997 704 1043 haec
730 1003 834 1044 est:
864 996 1101 1059 quodque
1127 996 1366 1059 queraris,
1394 995 1567 1043 habes.

178 1074 229 1121 Si
257 1091 412 1122 noceo
438 1075 573 1138 quod
600 1090 739 1131 amo3
768 1073 940 1129 fateor,
969 1074 1074 1120 sine
1100 1074 1198 1121 fine
1217 1074 1409 1121 nocebo
1431 1092 1441 1131 3
1505 1076 1568 1120 35

242 1150 417 1215 Teque
442 1159 638 1215 petam:
668 1167 844 1198 caveas
871 1157 924 1197 tu
950 1150 1067 1197 licet
1091 1151 1200 1214 ipsa
1224 1151 1345 1214 peti.

176 1229 274 1276 Per
299 1230 488 1292 gladios
508 1230 588 1277 alii
613 1230 823 1294 placitas
848 1244 1055 1292 rapuere
1080 1229 1270 1292 puellas
1291 1246 1300 1275 :

244 1307 444 1371 Scripta
468 1307 587 1354 mihi
613 1314 759 1354 caute
782 1306 926 1353 litera
943 1305 1132 1352 crimen
1158 1305 1278 1353 erit?

177 1384 242 1431 Di
267 1385 464 1441 faciant,
492 1385 679 1449 possim
704 1385 870 1449 plures
896 1384 1150 1447 imponere
1175 1383 1353 1431 nodos!

246 1462 316 1509 Ut
339 1470 425 1511 tua
449 1463 513 1510 sit
538 1463 674 1510 nulla
700 1463 857 1510 libera
881 1469 1022 1526 parte
1047 1462 1188 1509 fides.

1505 1464 1570 1508 40

178 1539 319 1587 Mille
344 1540 444 1587 doli
460 1547 672 1588 restant:
702 1541 827 1588 clivo
853 1541 1089 1587 sudamus
1116 1540 1165 1587 in
1190 1540 1304 1587 imo.

242 1616 404 1664 Ardor
428 1618 744 1682 inexpertum
770 1617 837 1664 nil
863 1617 992 1664 sinet
1016 1634 1127 1665 esse
1152 1633 1311 1664 meus.

220 1758 320 1788 Fraus
342 1769 403 1788 mea
423 1760 495 1798 quid
510 1760 612 1798 petiit,
635 1759 692 1788 7ιὶᾰί
708 1769 762 1799 quo
787 1760 839 1789 tibi

294 1808 470 1847 jungerer?
485 1819 580 1837 unum

263 1856 301 1887 Id
330 1867 385 1892 me,
413 1858 488 1897 quod
513 1858 654 1897 quereris,
679 1858 840 1887 conciliare

304 1913 409 1946 potest.

177 1956 246 1986 Hoc
273 1955 409 1992 unicum,
425 1957 501 1996 quod.
522 1957 653 1996 quereris
671 1955 733 1997 (ita
757 1955 839 1986 enim

177 2011 298 2036 veteres
321 2005 428 2041 locuti,
445 2016 499 2046 pro
514 2005 552 2035 (le
574 2017 629 2045 quo
649 2007 790 2046 quereris,
807 2010 841 2036 ut

178 2065 248 2085 mox
261 2065 352 2085 versu
364 2055 415 2085 34.
425 2054 488 2085 vid.
497 2054 536 2084 ad
547 2055 674 2084 Petron.
687 2064 754 2096 cap.
763 2054 841 2093 xci.)

177 2103 279 2134 meriti
294 2105 397 2136 locum
415 2104 522 2140 habet,
538 2110 570 2135 et
584 2115 633 2134 me
657 2104 713 2134 tibi
737 2104 841 2135 conci-

177 2153 253 2183 liare
275 2158 388 2194 potest.
414 2153 454 2183 de
478 2153 532 2183 illo
557 2165 612 2194 quo
634 2164 689 2194 pro
708 2159 755 2188 ut,
775 2153 839 2183 vid.

180 2202 218 2233 ad
243 2201 345 2243 Epist.
362 2202 447 2233 xviii.
463 2202 539 2233 203.
556 2208 588 2233 et
611 2201 746 2232 Remed.
764 2203 840 2233 517.

179 2252 298 2282 Bmm.

223 2302 275 2331 30.
311 2300 539 2340 Consultoque.]
581 2300 692 2330 Douza
720 2300 842 2331 tmesim

179 2350 247 2382 vult
263 2360 341 2386 esse,
357 2351 490 2380 consulto
503 2352 600 2389 juris,
616 2360 671 2391 pro
686 2350 842 2381 Jm-iscon-

179 2401 269 2436 sulio,
300 2410 417 2430 amore.
441 2399 496 2430 sed
526 2410 583 2440 ego
612 2405 688 2440 puto
718 2411 842 2431 sensum

180 2460 258 2485 esse,
286 2450 420 2479 consulto
444 2448 614 2490 umorefm'
643 2449 728 2490 ¹rqj'er
745 2452 843 2489 juris.

181 2509 252 2529 nam
269 2503 301 2528 et
313 2498 399 2539 vafer
414 2497 534 2539 proprie
550 2497 590 2528 de
602 2498 841 2534 jurisconsulto,

180 2552 211 2578 et
234 2547 266 2578 in
289 2548 402 2577 bonam
423 2553 543 2588 partem
559 2547 700 2578 sumitur.
716 2547 779 2579 vid.
795 2547 841 2578 A-

181 2608 266 2628 cron.
293 2597 331 2627 ad
356 2597 467 2627 Horat.
492 2596 514 2627 i.
539 2597 605 2626 Sat.
623 2596 757 2627 i1i.130.
774 2597 840 2629 vid.

181 2647 219 2678 ad
236 2646 335 2689 Epist.
353 2646 415 2676 xvi.
431 2647 507 2676 314.
554 2646 670 2677 Eunu.

225 2698 279 2726 41.
308 2696 391 2726 Cliro
417 2698 557 2725 sudamus
583 2697 615 2725 in
639 2695 726 2735 ima]
766 2696 839 2726 Pro-

182 2744 279 2776 vcrbii
311 2744 445 2787 speciem
475 2744 540 2775 lime
573 2746 664 2775 verba
697 2745 839 2786 prael'crre

907 1763 1036 1799 apparet
1056 1767 1093 1788 ex
1117 1756 1262 1787 Petronio
1285 1766 1358 1797 cap.
1373 1755 1462 1787 xlvii.
1507 1756 1572 1786 Nec

906 1808 1005 1837 adhuc
1033 1808 1203 1841 sciebamus,
1235 1817 1286 1836 nos
1315 1808 1346 1836 in.
1379 1807 1474 1836 medio
1504 1806 1569 1835 Ian-

908 1857 1060 1891 titiarum,
1087 1858 1162 1896 quud
1192 1858 1293 1895 qjunt,
1320 1856 1395 1885 cliro
1423 1856 1569 1886 laborare.

908 1905 961 1936 ubi
978 1905 1048 1936 vide
1064 1915 1133 1946 qua}
1158 1904 1346 1935 notavimus.
1371 1903 1516 1934 alludunt
1531 1904 1572 1934 ad

909 1955 988 1986 hanc
1005 1953 1193 1985 sententiam
1214 1953 1270 1984 illa
1294 1953 1446 1996 Propertii
1469 1953 1524 1984 lib.
1546 1952 1570 1984 i.

909 2004 1000 2044 Eleg.
1018 2002 1084 2034 xiii.
1099 2004 1131 2034 9.

956 2053 1100 2083 Perditus
1115 2054 1146 2082 in
1158 2053 1287 2092 quadam
1305 2052 1400 2081 tardis
1413 2052 1572 2091 pallescere

1038 2104 1120 2133 curis

976 2151 1100 2192 Incipis,
1112 2157 1139 2181 et
1148 2152 1245 2190 primo
1258 2152 1356 2190 lapsus
1368 2151 1449 2180 abire
1457 2152 1571 2191 gradu.

910 2201 974 2232 Ubi
990 2212 1061 2232 cum
1077 2199 1206 2231 Heinsio
1227 2199 1344 2234 malim,
1360 2200 1462 2229 lassus.
1507 2198 1571 2229 Ima

909 2252 985 2281 clivo
998 2261 1070 2281 vero
1085 2256 1168 2280 recte
1184 2249 1322 2280 vindicat
1337 2248 1498 2279 Heinsius.
1526 2248 1571 2279 ita

911 2302 994 2332 Flor.
1011 2301 1067 2331 lib.
1085 2300 1119 2330 ii.
1136 2310 1205 2342 cap.
1221 2300 1253 2330 3.
1292 2299 1420 2340 Ligures
1436 2300 1500 2328 imis
1515 2300 1570 2329 Al-

907 2353 991 2390 pium
1004 2352 1093 2391 jugis
1116 2350 1309 2380 adha‘rentes.
1326 2354 1357 2378 et
1380 2347 1424 2378 iii.
1443 2348 1497 2378 20.
1523 2349 1571 2379 Ad

910 2402 983 2430 imus
1000 2400 1115 2430 Wsurii
1127 2400 1301 2429 descendere
1316 2399 1441 2442 radices.
1465 2397 1571 2429 Livius

910 2450 954 2479 ix.
971 2450 1025 2480 35.
1051 2448 1108 2478 Ιηιὶ
1123 2455 1245 2478 montes.
1263 2447 1306 2478 xl.
1324 2448 1378 2477 22.
1413 2446 1471 2478 Imi
1486 2449 1572 2479 colles

911 2500 1004 2529 AE'mi.
1039 2498 1151 2529 Noster
1162 2510 1215 2528 xv.
1230 2499 1312 2528 Met.
1327 2498 1403 2528 548.
1444 2497 1570 2528 Montis-

911 2550 1073 2588 qnejacens
1086 2549 1234 2578 radicibus
1249 2549 1323 2577 imis.
1346 2546 1454 2578 Valer.
1465 2547 1570 2578 Flacc.

910 2596 932 2627 i.
956 2598 1010 2627 25.
1036 2596 1118 2627 Imus
1145 2596 1300 2637 Olympus.
1336 2595 1389 2626 ubi
1412 2596 1493 2626 male
1517 2595 1569 2626 alii

912 2658 1015 2682 unum,
1032 2657 1100 2687 quae
1119 2656 1209 2676 voces
1224 2651 1255 2677 et
1272 2645 1362 2676 facile
1378 2651 1409 2675 et
1423 2645 1569 2686 frequen-

909 2701 955 2726 ter
978 2701 1174 2737 permutatae.
1192 2695 1256 2726 vid.
1279 2695 1330 2726 Cl.
1348 2695 1510 2725 Drakenb.
1528 2694 1568 2726 ad

909 2745 964 2775 Sil.
982 2745 1022 2777 iv.
1039 2747 1114 2777 312.
1129 2758 1158 2776 v.
1180 2746 1247 2776 112.
1295 2745 1410 2776 Brun.
