1849 3198
516 177 704 218 ARTIS
736 176 1094 219 AMATORIAE
1126 178 1246 219 LIB.
1282 179 1317 219 Ι.

1533 180 1618 221 449

221 289 355 336 Usus
381 305 507 354 opus
532 299 697 338 movet
721 292 831 338 hoc.
871 292 970 337 vati
995 300 1166 355 parete
1192 294 1367 356 perito.

283 366 416 415 Vera
439 383 631 415 canam.
660 368 853 432 coeptis,
881 375 1039 415 mater
1063 368 1278 425 Amoris,
1306 370 1443 417 ades.
1549 374 1614 417 30

218 442 340 490 Este
365 444 538 507 procul
561 444 696 491 vittae
721 451 914 500 tenues,
942 444 1136 506 insigne
1161 446 1389 508 pudoris3

283 518 510 583 Quaeque
534 520 662 582 tegis
687 520 895 575 medios,
922 520 1093 566 instita
1116 521 1279 583 longa,
1306 522 1478 584 pedes.

217 595 324 643 Nos
339 595 587 643 Venerem
611 603 788 652 tutam,
815 612 1157 659 concessaque
1183 597 1327 653 furta,
1347 614 1610 646 canemus:

282 672 444 735 Inque
469 690 580 721 meo
606 673 798 720 nullum
822 674 1040 721 carmine
1065 674 1253 721 crimen
1279 675 1386 722 erit.

215 749 487 814 Principio,
515 751 651 814 quod
673 767 838 798 amare
863 751 1002 806 velis,
1030 751 1246 814 reperire
1271 751 1460 806 labora,
1551 754 1614 799 35

283 826 380 881 Qui
406 844 533 875 nova
556 845 687 875 nunc
713 829 927 892 primum
952 828 1094 875 miles
1120 827 1170 873 in
1196 843 1333 874 arma
1357 828 1513 875 venis.

215 902 481 951 Proximus
497 905 612 952 huic
628 905 768 952 labor
787 912 878 961 est,
896 905 1131 969 placitam
1148 920 1354 952 exorare
1377 905 1610 968 puellam.

280 979 494 1037 Tertius,
522 989 576 1028 ut
600 982 747 1044 longo
771 989 996 1045 tempore
1022 981 1168 1028 duret
1193 998 1344 1029 amor.

216 1056 313 1103 Hic
338 1058 539 1115 modus;
581 1059 686 1105 haec
714 1065 882 1106 nostro
909 1059 1185 1121 signabitur
1211 1075 1327 1106 area
1351 1074 1524 1106 curru:

282 1133 406 1181 Haec
432 1135 524 1182 erit
548 1136 767 1183 admissa
794 1143 927 1183 meta
951 1136 1158 1184 terenda
1182 1136 1304 1183 rota.
1544 1138 1608 1181 40

217 1210 352 1256 Dum
377 1210 511 1265 licet,
539 1218 589 1259 et
612 1211 728 1259 loris
754 1213 942 1276 passim
967 1220 1110 1276 potes
1136 1213 1206 1260 ire
1231 1213 1433 1270 solutis3

284 1287 446 1349 Elige,
475 1287 554 1334 cui
581 1289 735 1344 dicas,
763 1288 838 1335 Tu
864 1289 985 1335 mihi
1012 1290 1118 1336 sola
1142 1289 1329 1352 placeS.

216 1362 339 1411 Haec
364 1364 457 1411 tibi
483 1381 581 1411 non
607 1372 784 1413 tenues
810 1366 977 1412 veniet
1000 1366 1208 1429 delapsa
1231 1381 1319 1429 per
1345 1380 1517 1411 auras:

283 1440 566 1495 Quaerenda
589 1450 666 1488 est
690 1442 848 1489 oculis
875 1450 992 1505 apta
1016 1443 1182 1505 puella
1209 1443 1326 1488 tuis.

217 1517 324 1564 Scit
348 1518 475 1564 bene
500 1525 719 1573 venator,
748 1518 905 1564 cervis
931 1518 1016 1564 ubi
1042 1519 1167 1565 retia
1190 1519 1386 1565 tendat:
1544 1521 1608 1564 45

283 1594 391 1641 Scit
414 1595 559 1650 bene,
587 1595 687 1657 qua
711 1595 943 1642 frendens
969 1596 1094 1643 valle
1120 1603 1338 1642 moretur
1363 1610 1496 1658 aper.

215 1670 510 1735 Aucupibus
537 1672 640 1719 noti
664 1671 885 1719 frutices.
927 1672 1012 1735 qui
1039 1673 1251 1719 sustinet
1275 1672 1466 1726 hamos,

283 1747 435 1795 Novit
459 1764 571 1811 quae
597 1749 752 1795 multo
778 1749 917 1812 pisce
943 1755 1174 1796 natentur
1200 1764 1361 1811 aquae.

214 1824 290 1871 Tu
316 1841 534 1888 quoque,
562 1825 821 1872 materiam
845 1825 992 1887 longo
1019 1825 1104 1888 qui
1130 1824 1312 1888 quaeris
1334 1825 1502 1879 amori,

282 1900 414 1949 Ante
438 1901 670 1965 frequens
697 1918 796 1964 quo
822 1901 885 1948 sit
909 1902 1045 1948 disce
1072 1902 1240 1964 puella
1264 1901 1387 1947 loco.
1547 1904 1610 1949 50

257 2110 312 2141 29.
334 2109 494 2149 Ususopus
517 2118 607 2141 movet
632 2111 709 2151 hoa]
742 2112 879 2147 Quidam

214 2159 334 2199 legunt,
360 2160 429 2189 ustis
457 2170 528 2198 opus
552 2166 647 2189 monet
676 2161 737 2195 hoc,
766 2166 799 2190 ut
829 2160 879 2195 sit,

215 2207 361 2238 utilitatis
376 2217 486 2238 caussa
502 2207 559 2238 hoc
575 2208 687 2238 scribo.
712 2208 766 2238 sed
777 2209 880 2250 placet

215 2256 297 2297 prior
312 2257 415 2288 lectio.
431 2257 463 2288 id
483 2263 529 2288 est
552 2268 609 2287 usu
633 2263 664 2288 et
687 2258 879 2299 experientia

216 2305 326 2336 doctus
342 2306 408 2336 haec
424 2306 534 2337 scribo.
581 2307 742 2336 BIERL'LA.

260 2355 314 2385 31.
335 2355 404 2385 Este
418 2356 524 2395 procul
542 2357 622 2385 vittoe
639 2362 750 2390 tenues,
764 2357 879 2396 insigne

218 2404 373 2444 pudoris]
425 2404 505 2434 Vitta
531 2411 658 2445 tegmen
681 2404 792 2445 capitis
814 2410 879 2434 erat

216 2451 379 2488 muliebre,
395 2462 456 2493 quo
482 2453 638 2487 Vestales,
663 2458 694 2483 et
718 2453 792 2483 item
813 2463 878 2482 ma-

218 2507 312 2532 tronae
329 2502 507 2532 utebantur.
538 2502 664 2532 vaL.

261 2551 315 2580 33.
343 2550 403 2579 Nos
424 2550 562 2580 Venerem
578 2557 673 2580 littam
691 2550 766 2589 &eff
804 2550 878 2579 Mu>

219 2598 308 2629 lieres
322 2599 480 2639 intelligit,
497 2599 536 2629 ad
553 2610 631 2640 quas
647 2606 731 2628 tutus
755 2598 881 2639 patebat

219 2647 335 2683 aditus,
375 2648 428 2689 qui
467 2648 658 2689 periculosus
701 2647 880 2681 admodum,

221 2707 316 2737 quum
334 2696 373 2726 ad
391 2697 572 2738 indgniorcx·
589 2702 768 2727 tentaretur.
793 2698 880 2737 δωρι-

267 2750 364 2779 VOL.
385 2751 409 2779 l.

950 2112 1043 2148 enim,
1059 2118 1135 2141 teste
1154 2111 1228 2141 Hor.
1243 2111 1343 2140 Serui.
1361 2110 1382 2139 i.
1400 2109 1466 2139 Sat.
1484 2109 1515 2139 ii.
1532 2109 1589 2139 41:

994 2161 1054 2190 Hic.
1080 2172 1107 2190 se
1129 2160 1309 2199 prtt'eipitem
1335 2165 1409 2188 tecto
1433 2158 1536 2187 dedit:
1562 2158 1612 2187 ille

1024 2211 1163 2251 flagellis

992 2259 1038 2287 Ad
1055 2264 1172 2287 mortem
1191 2268 1294 2287 ca‘sns:
1309 2256 1440 2297 fugiens
1464 2257 1511 2285 hic
1534 2257 1611 2285 ‹leci-

1033 2309 1074 2337 dit
1093 2319 1191 2337 acrem

993 2356 1171 2386 Pra’zlonum
1188 2358 1218 2385 in
1236 2357 1351 2385 tan-Imm
1365 2366 1374 2389 ;
1399 2356 1478 2384 dedit
1496 2354 1544 2383 hic
1556 2365 1612 2392 pro

1033 2416 1152 2444 corpore
1169 2415 1309 2438 nummos,
1327 2404 1387 2433 &Q
1433 2402 1552 2432 Ama.

991 2454 1043 2483 40.
1071 2454 1155 2483 Mela
1185 2454 1305 2482 terenda
1335 2450 1430 2490 rann]
1476 2449 1609 2480 Memini

949 2501 1070 2531 illorum
1098 2500 1250 2542 Propertii
1275 2499 1331 2530 lib.
1364 2499 1397 2529 ii.
1430 2498 1519 2539 Eleg.
1546 2498 1610 2527 xix.

951 2550 1003 2579 66.

993 2600 1121 2637 §quium
1150 2609 1236 2636 ιμιιιιιι
1267 2603 1368 2625 'melam

1038 2653 1110 2675 ruta.
1449 2643 1565 2672 llius.

1399 2596 1514 2624 lvii-erit
1542 2600 1611 2623 unte

1107 2749 1165 2787 (ju
