1849 3198
196 191 282 234 368
589 190 640 231 Ρὗ
673 188 888 231 OVIDII
922 187 1208 230 NASONIS

198 306 338 362 Vive,
369 306 525 361 Deus,
554 305 732 369 posito,
761 304 798 351 si
828 305 941 367 quis
966 303 1086 350 mihi
1113 303 1262 358 dicat,
1291 316 1486 358 amore3
1534 302 1597 347 25

269 384 538 447 Deprecer.
608 399 769 446 usque
825 382 950 429 adeo
1006 381 1154 428 dulce
1200 379 1370 442 puella
1414 378 1598 424 malum

401 467 494 507 est.

201 538 332 584 Cum
369 538 497 585 bene
523 543 790 600 pertaesum
827 542 919 590 est,
947 535 1215 595 animoque
1252 531 1499 593 relanguit
1523 546 1597 576 ar-
1651 584 1653 587 ι

268 614 454 661 Nescio
481 630 580 677 quo
605 613 798 660 miserae
823 611 1021 659 turbine
1048 610 1227 657 mentis
1254 624 1388 671 agor.
1470 608 1596 669 [dor,

203 691 274 738 Ut
297 692 426 755 rapit
450 692 499 738 in
525 705 750 754 praeceps
776 688 1049 742 dominum,
1079 686 1362 750 spumantia
1385 684 1566 730 frustra

269 768 428 816 Frena
452 774 798 821 retentantem,
825 764 992 812 durior
1017 763 1113 811 oris
1140 779 1329 826 equus:

1536 764 1600 806 30

204 845 275 893 Ut
299 846 509 901 subitus,
538 860 693 908 prope
714 845 818 906 jam
844 843 1026 906 prensa
1054 841 1245 895 tellure,
1274 839 1492 887 carinam

269 922 579 985 Tangentem
604 928 776 984 portus
802 926 979 967 ventus
1006 919 1054 966 in
1082 919 1183 966 alta
1207 918 1363 981 rapit:

205 1000 288 1046 Sic
314 1016 394 1046 me
420 1015 553 1063 saepe
579 998 728 1046 refert
752 998 943 1045 incerta
969 996 1233 1060 Cupidinis
1261 1011 1408 1050 aura3

270 1076 504 1139 Notaque
529 1091 808 1140 purpureus
833 1075 934 1122 tela
958 1073 1166 1121 resumit
1189 1071 1360 1118 Amor.

205 1153 341 1215 Fige‚
370 1169 520 1216 puer3
562 1152 738 1216 positis
764 1152 927 1198 nudus
952 1150 1043 1197 tibi
1069 1149 1295 1213 praebeor
1320 1147 1485 1194 armis.
1538 1150 1601 1194 35

271 1229 367 1277 Hic
393 1230 483 1276 tibi
509 1230 607 1276 sint
630 1229 786 1276 vires:
828 1228 907 1275 hic
933 1235 1021 1274 tua
1045 1227 1224 1274 dextra
1247 1225 1381 1272 facit.

206 1306 336 1362 Huc,
363 1314 620 1370 tamquam
639 1308 812 1369 jussae,
829 1305 1034 1352 veniunt
1053 1305 1159 1367 jam
1184 1309 1362 1367 sponte
1388 1302 1598 1364 sagittae.

271 1383 371 1430 Vix
396 1383 491 1430 illis
518 1400 620 1446 prae
645 1398 725 1430 me
751 1390 868 1429 nota
892 1382 1125 1445 pharetra
1149 1396 1241 1427 sua
1265 1388 1358 1427 est.

207 1459 404 1515 Infelix,
432 1460 535 1507 tota
561 1460 867 1523 quicumque
894 1459 1153 1521 quiescere
1179 1463 1325 1504 nocte

277 1536 519 1592 Sustinet,
548 1544 597 1583 et
622 1552 821 1583 somnos
847 1535 1052 1599 praemia
1076 1551 1258 1597 magna
1283 1541 1442 1581 vocat.

208 1731 297 1762 miles
325 1738 440 1769 noster,
465 1739 500 1763 ut
528 1732 647 1764 centies
676 1733 763 1764 dicit.
814 1734 872 1764 De-

196 1781 347 1821 functum
381 1783 485 1821 puellri
517 1783 583 1824 jam
612 1782 717 1813 vivere
751 1788 873 1824 tempus

206 1835 284 1865 erat,
303 1830 335 1860 id
359 1836 416 1867 est,
438 1832 504 1873 jam
530 1831 662 1862 liberum
678 1838 709 1861 et
732 1831 873 1873 deposita

207 1878 274 1919 ejus
290 1878 463 1921 cupiditate
479 1886 510 1911 et
531 1890 633 1911 amore
658 1880 826 1911 immunem
843 1886 874 1911 et

208 1928 297 1968 quasi
313 1929 475 1960 emeritum
491 1929 609 1960 vivere.
659 1930 776 1960 Burni.

252 1978 305 2008 31.
328 1978 400 2008 Jam
422 1991 522 2019 pressa
546 1979 684 2020 tellure]
714 1979 875 2010 Editiones

209 2026 318 2067 priscae
330 2033 361 2058 et
374 2028 500 2070 plurimi
512 2028 618 2070 scripti
627 2040 726 2068 pressu
739 2028 875 2066 habent3

207 2086 315 2114 prensa
343 2078 476 2118 probant
504 2078 626 2108 Marius
654 2083 685 2107 et
712 2077 874 2108 Ciosanus.

210 2131 376 2167 utrumque
403 2126 529 2167 quidem
558 2134 642 2157 recte
669 2126 794 2162 dicitur,
821 2126 875 2157 sed

210 2172 335 2205 diversa
371 2175 616 2216 significatione:
657 2187 757 2215 pressa
793 2176 875 2207 enim

210 2222 303 2253 tellus
320 2230 377 2260 est,
394 2225 444 2255 cui
456 2226 522 2267 jam
543 2225 708 2256 insistitur.
732 2225 786 2256 sed
807 2236 875 2267 pre-

212 2271 361 2304 henditur
377 2275 415 2305 ab
431 2274 664 2316 appellentibus
675 2274 789 2311 nautis,
804 2285 876 2305 cum

210 2331 305 2363 prope
322 2327 456 2365 tangunt
471 2323 626 2359 manibus,
637 2330 669 2354 et
684 2324 789 2354 funem
805 2323 875 2354 reli-

210 2371 322 2409 gandae
352 2373 424 2403 navi
454 2379 580 2414 possunt
614 2372 754 2414 injicere.
787 2384 877 2412 prope

210 2429 379 2459 comprensa
396 2422 494 2452 codex
511 2422 641 2452 Douzae.
687 2422 803 2452 Buuzu.

256 2474 309 2503 36.
337 2472 407 2501 Huc
425 2478 477 2501 tua
493 2473 597 2501 dextra
614 2471 720 2511 valet]
749 2470 877 2511 Legitur

212 2525 243 2555 in
260 2521 397 2565 quodam
421 2520 538 2556 codice,
559 2520 666 2550 Facit:
690 2530 760 2560 quae
784 2520 877 2550 lectio

212 2583 272 2604 non
288 2570 447 2613 displicet.
496 2568 585 2599 Dixit
600 2569 682 2600 enim
700 2579 803 2610 supra,
826 2569 875 2598 Pi-

210 2633 268 2662 gra
297 2620 463 2650 reluctanti
489 2625 579 2648 cessat
603 2620 634 2648 in
657 2619 736 2648 hoste
759 2629 875 2653 rnemus,

212 2671 358 2712 Expones
372 2667 478 2709 igitur,
500 2667 605 2698 Facit:
629 2666 661 2696 id
684 2672 741 2702 est,
754 2677 814 2697 non
830 2673 876 2697 est

212 2718 367 2749 desidiosa
396 2721 425 2747 et
456 2717 555 2747 iners:
592 2716 702 2746 Facere
724 2718 800 2747 euim
825 2716 876 2757 (ut

1539 1537 1604 1580 40

942 1733 1133 1775 Papinianus
1145 1731 1205 1769 ait)
1219 1742 1328 1762 omnem
1342 1730 1605 1771 omuinofaciendi

941 1795 1060 1814 causum
1084 1784 1301 1822 complectitur,
1326 1782 1433 1815 dandi,
1464 1781 1606 1814 solvendi,

942 1833 1319 1872 mmzemndi,judicandi,
1334 1831 1520 1866 ambulandi,
1535 1831 1605 1860 red-

941 1884 1052 1913 dendi.-
1077 1881 1130 1923 qui
1147 1888 1253 1912 autem
1268 1880 1384 1911 otiosus
1399 1885 1456 1916 est,
1468 1878 1545 1910 nihil
1562 1879 1606 1909 fa-

942 1941 1012 1961 cere
1040 1930 1165 1961 dicitur.
1212 1930 1295 1964 Huc,
1321 1928 1353 1958 in
1381 1939 1444 1958 me.
1489 1928 1529 1958 Se
1555 1929 1608 1969 (ut

942 1980 1052 2022 supra)
1068 1979 1215 2010 ostendit.
1259 1979 1412 2008 Mmuus.

987 2030 1041 2059 38.
1059 2029 1124 2058 -l'tr
1140 2029 1212 2058 ullis
1229 2039 1291 2068 prae
1313 2038 1357 2058 me
1372 2033 1442 2057 uota
1462 2027 1608 2066 pharetra

943 2085 997 2109 tua
1012 2078 1084 2118 est.]
1113 2078 1224 2108 Douza
1235 2078 1385 2112 malebat,
1407 2076 1461 2106 1⁷5³:
1475 2077 1533 2106 ulli
1545 2087 1606 2115 prae

943 2139 987 2158 me
1012 2135 1080 2158 nota
1103 2128 1245 2166 pharetra
1267 2133 1320 2156 tua
1342 2133 1396 2157 est.
1431 2136 1489 2156 nec
1512 2124 1607 2156 etiam

944 2183 1030 2208 caret
1044 2188 1101 2209 sua
1116 2187 1228 2207 venere
1247 2175 1341 2206 lectio
1356 2174 1540 2206 Scriveriani
1556 2185 1607 2205 co-

944 2225 1035 2261 dicis,
1054 2225 1107 2267 qui
1132 2225 1237 2261 habet,
1258 2225 1312 2254 Vix
1327 2226 1389 2255 illis
1401 2231 1465 2264 post
1480 2235 1524 2254 me
1539 2231 1607 2254 nota

943 2277 1085 2315 pharetra
1102 2287 1154 2305 sua
1170 2281 1221 2305 est.
1245 2280 1409 2316 postquam
1432 2273 1465 2304 in
1487 2284 1537 2305 me
1554 2280 1608 2305 tua

944 2324 1008 2355 tela
1021 2324 1174 2365 conjicere
1190 2322 1324 2365 coepisti,
1338 2328 1448 2365 sponte
1471 2329 1502 2354 et
1520 2323 1607 2364 jussa

945 2373 977 2404 in
993 2384 1041 2404 me
1058 2373 1196 2409 veniunt,
1212 2383 1270 2403 nec
1285 2378 1417 2403 noscunt
1428 2371 1606 2413 pharetram

943 2433 1044 2458 suam,
1073 2421 1129 2452 sed
1159 2421 1417 2463 quotiescumque
1446 2425 1480 2451 tu
1513 2420 1608 2451 sumis

945 2482 1041 2502 novas
1066 2471 1207 2512 sagittas,
1223 2476 1258 2501 ut
1279 2471 1430 2512 pharetrae
1452 2469 1607 2505 includas,

944 2520 1070 2550 evolant
1098 2530 1114 2550 e
1143 2519 1300 2554 manibus,
1327 2519 1416 2560 quasi
1440 2518 1547 2559 jussae,
1575 2518 1607 2548 in

944 2579 1003 2598 me.
1028 2578 1124 2609 quare
1136 2568 1194 2597 huc
1210 2567 1419 2598 retinendum.
1436 2572 1467 2597 et
1481 2566 1607 2607 elegan-

944 2622 1001 2653 ter,
1016 2619 1117 2647 venire
1133 2618 1163 2646 iu
1180 2617 1319 2656 aliquem,
1333 2621 1367 2646 ut
1381 2615 1524 2651 laedatur,
1544 2614 1605 2645 dici

943 2665 1134 2697 ostendimus
1172 2666 1210 2696 ad
1248 2659 1372 2696 Ph'aedr.
1400 2664 1420 2695 i.
1451 2664 1526 2695 Fab.
1554 2664 1606 2694 21.

946 2716 1061 2746 Bunm.
