1849 3198
535 217 746 251 BENTLEII
768 215 1136 248 EMENDATIONES.
1513 212 1532 243 5

140 306 199 336 119
224 305 360 346 Namque
374 304 470 337 etiam
486 305 556 345 (vel
571 309 645 346 quin
660 304 756 335 etiam
770 314 823 334 xv.
841 303 933 342 151.)

138 360 200 391 125
223 359 353 402 Legatos
366 369 444 401 quos
462 359 523 400 [iii.
541 359 634 399 127.]

142 413 202 444 130
229 413 348 444 Viscera
361 413 544 455 pignoribus

142 466 202 496 133
504 465 649 497 adultera
652 464 758 506 furto.
774 463 862 504 [43.]

140 520 203 549 140
226 520 411 557 Quamlibet
426 519 566 560 infirmis.
598 518 691 558 [Am.
706 517 727 548 i.
743 517 773 548 7.
789 516 858 557 66.]
886 516 975 557 (MS.
990 513 1068 546 Rel.
1083 512 1187 555 iratis)

143 571 205 603 150
508 570 639 602 abstulit
652 569 710 600 illa
726 576 806 600 tuas.

145 626 205 656 152
507 625 527 656 J
530 623 666 667 uppiter,
681 624 734 654 ille
748 622 837 654 meis.

690 697 871 736 EPIST.
893 696 994 735 VII.

189 775 209 804 4
381 784 481 805 averso
495 775 625 804 vovimus
639 773 700 804 ista
714 773 799 804 Deo.

172 828 208 857 11
233 827 303 858 Nec
317 838 381 858 mea
397 826 570 868 Carthago,

171 882 210 911 12
363 891 421 911 nec
436 885 559 922 sceptro
573 877 691 910 tradita
706 879 806 920 Byrsa
823 883 891 909 tuo.

174 935 212 965 15
237 934 282 964 Ut
296 941 394 965 tamen
408 933 564 969 invenias,

174 988 211 1018 17
236 989 344 1018 Altera
359 988 493 1018 habenda
507 998 583 1017 uxor
597 985 656 1017 tibi
670 991 780 1022 restat,

173 1042 215 1072 33
240 1041 290 1071 En
305 1051 362 1083 ego
381 1041 440 1081 [cf.
455 1041 516 1083 Ep.
531 1040 578 1071 iii.
597 1040 644 1080 7.]

173 1096 214 1126 37
410 1096 546 1135 elataque
559 1095 689 1136 rupibus
704 1093 776 1125 altis

175 1149 217 1179 40
412 1148 549 1179 adversis
554 1149 686 1189 flatibus
711 1146 816 1188 [xviii.
832 1147 928 1187 211.]

176 1203 218 1233 45
241 1201 315 1232 Non
330 1211 388 1243 ego
402 1203 457 1231 sim
471 1200 564 1238 tanti,

178 1257 220 1288 52
242 1256 294 1292 Et,
310 1255 369 1286 nisi
383 1257 498 1286 duritie

179 1310 220 1340 53
245 1308 352 1346 Quid?
368 1312 452 1349 quasi
467 1309 626 1345 nescieris,

180 1364 221 1394 54
244 1363 389 1405 Expertae
405 1362 497 1393 toties
511 1369 572 1393 tam
586 1363 670 1393 male

180 1418 222 1448 55
246 1416 291 1447 Ut
305 1416 417 1458 pelago
431 1415 584 1447 suadente
600 1418 679 1446 viam
704 1415 800 1456 [Met.
816 1412 884 1444 xiii.
901 1413 973 1453 14.]

182 1471 225 1501 56
246 1469 354 1500 Multa
368 1471 458 1500 etiam
474 1470 559 1500 laetus

182 1525 224 1555 60
252 1523 321 1554 Uda
336 1522 531 1565 Cytheriacis
549 1521 621 1563 [sed
635 1521 707 1552 vide
722 1521 832 1552 Amor.
846 1521 869 1552 i.
886 1521 935 1551 14.
945 1520 1039 1552 Trist.
1052 1519 1087 1551 ii.
1104 1520 1199 1561 527.]

185 1578 226 1608 63
250 1577 331 1609 Vive
344 1578 462 1616 procul.

185 1631 224 1662 71
250 1630 410 1672 Quicquid
424 1632 482 1661 erit
496 1635 597 1661 totum
612 1628 711 1660 merui
730 1629 821 1670 [Am.
836 1628 868 1659 ii.
887 1629 936 1660 14.
952 1629 1023 1670 33.]

186 1686 227 1716 75
252 1685 320 1716 Nec
336 1684 412 1715 mihi
427 1691 462 1714 tu
477 1695 557 1714 curae

187 1740 228 1770 82
487 1737 628 1768 Primave
643 1736 763 1779 plector
779 1747 851 1777 ego.

191 1793 230 1824 87
259 1815 267 1823 .
283 1815 292 1823 .
307 1814 315 1823 .
330 1815 339 1822 .
354 1792 441 1829 Quin
455 1797 486 1822 te
502 1803 566 1822 mea
580 1801 711 1822 munera
725 1791 876 1822 damnent
890 1790 964 1820 MS.
981 1790 1028 1820 D.

192 1847 232 1877 89
256 1846 395 1886 Syrtibus
408 1844 543 1886 ejectum

190 1901 231 1931 97
255 1899 337 1931 Cod.
354 1899 441 1929 Dun.
483 1898 582 1940 Exige
602 1898 676 1928 laese
698 1896 798 1939 pudor
818 1907 930 1938 poenas
944 1898 1113 1936 violataque
1134 1897 1204 1927 lecti
1221 1896 1304 1926 Jura
1326 1908 1380 1927 nec
1397 1898 1437 1927 ad
1453 1898 1566 1929 cineres

247 1953 341 1995 fama
360 1958 477 1982 retenta
505 1962 579 1982 meos
601 1951 709 1990 Vosque
731 1951 786 1980 mei
808 1961 906 1980 manes
928 1952 1035 1981 animae
1065 1951 1197 1990 cinisque
1219 1948 1300 1991 (leg.
1319 1951 1486 1991 umbraeque
1510 1950 1570 1991 B.)

261 2007 367 2037 Sichaei
382 2007 431 2036 Ad
446 2016 517 2046 quas
531 2016 581 2036 me
595 2004 751 2035 miseram.
788 2004 856 2044 [Sic
869 2010 900 2035 et
913 2003 993 2035 cod.
1008 2003 1092 2045 Reg.
1107 2003 1160 2034 cit.
1176 2003 1215 2034 ab
1231 2003 1274 2034 N.
1287 2003 1345 2043 H.]

179 2062 238 2092 105
262 2060 315 2090 Da
331 2059 572 2101 veniamfassae5
598 2059 668 2089 MS.
684 2058 774 2089 Dun.

180 2116 240 2146 113
264 2114 392 2146 Occidit
408 2114 546 2145 Hercaeas
561 2113 630 2151 (vel
647 2113 725 2143 heu!
745 2112 870 2153 Tyrius)

180 2169 241 2199 116
264 2169 305 2200 Et
320 2168 399 2199 feror
414 2170 447 2198 in
461 2169 566 2198 dubias
581 2167 631 2209 (x.
649 2167 703 2197 62.
720 2166 782 2197 xvi.
798 2166 873 2207 22.)

180 2222 240 2252 117
264 2221 413 2264 Adplicor
429 2222 473 2251 his
486 2222 544 2251 oris

184 2276 243 2306 119
545 2274 668 2313 laxeque
682 2272 897 2314 patentiajeci

183 2331 242 2360 122
266 2328 392 2370 Vixque
409 2327 500 2359 rudes
511 2329 635 2367 populos
652 2326 764 2357 Marcis
778 2328 818 2357 αα
833 2337 919 2357 arma
932 2335 1019 2368 paro,

184 2383 242 2413 127
546 2391 656 2411 manus
669 2379 765 2421 impia
779 2383 870 2420 poscit
895 2379 981 2420 [MS.
998 2378 1090 2419 Reh]

186 2437 245 2467 140
268 2434 390 2466 Punica
403 2446 464 2465 neu
476 2434 605 2465 Teucris
631 2434 721 2474 [MS.
739 2433 845 2474 Dun.]

186 2490 245 2520 147
268 2489 340 2520 MS.
355 2489 397 2520 D.
443 2488 488 2519 Ut
510 2499 622 2519 moveas
646 2489 709 2518 velo
734 2498 795 2529 que
818 2493 890 2518 tuas
912 2497 1048 2526 remoque
1070 2485 1192 2517 carinas
1219 2485 1389 2527 (Ventoque
1412 2490 1482 2516 tuas
1505 2485 1577 2516 MS.

272 2541 474 2583 Scriverian.)

187 2597 248 2628 150
550 2601 666 2626 avectus
681 2593 893 2636 Pygmalionis
908 2603 993 2635 opes.

189 2651 250 2681 152
549 2653 735 2690 sceptraque
752 2659 844 2689 regna
859 2653 941 2678 tene.
986 2646 1074 2687 [MS.
1090 2646 1150 2686 D.]

190 2704 251 2735 160
276 2702 431 2733 Hactenus
445 2707 477 2732 et
491 2701 612 2732 damnis
629 2702 696 2743 [xv.
715 2702 787 2732 156.
804 2701 891 2731 Fast.
907 2711 940 2730 v.
958 2700 1047 2740 161.]

192 2758 250 2788 168
275 2757 359 2787 Dum
375 2762 430 2787 tua
445 2758 497 2787 sim
514 2756 600 2787 Dido
615 2755 776 2797 quodlibet
791 2754 978 2795 esseferam.
