1849 3198
231 175 319 216 460

628 176 678 216 P.
713 175 926 217 OVIDII
961 175 1242 218 NASONIS

236 288 332 337 Hic
358 297 435 337 est
457 288 756 353 Euphrates,
783 291 1082 354 praecinctus
1108 292 1346 338 arundine
1372 292 1578 340 frontem
1600 311 1607 341 :

301 366 397 413 Cui
423 383 568 413 coma
592 367 845 430 dependet
868 368 1067 424 caerula,
1095 369 1256 430 Tigris
1283 370 1390 416 erit.

233 443 341 491 Hos
368 444 516 491 facito
542 444 832 493 Armenios:
872 445 980 492 haec
1006 453 1083 492 est
1109 445 1330 493 Danaeia
1356 445 1552 494 Persis:

302 520 435 567 Urbs
462 521 510 567 in
536 520 870 569 Achaemeniis
889 523 1100 569 vallibus
1127 522 1223 570 ista
1245 522 1352 570 fuit.

1526 527 1622 570 226

233 596 341 652 Ille,
369 597 446 644 vel
470 597 567 653 ille,
595 598 766 646 duces.
807 605 857 645 et
881 606 1042 654 erunt,
1072 614 1185 662 quae
1211 599 1411 646 nomina
1436 600 1598 648 dicas:

302 674 356 720 Si
380 674 584 737 poteris,
610 690 752 722 vere:
794 675 834 720 si
860 675 1040 731 minus,
1067 682 1185 738 apta
1207 678 1392 723 tamen.

234 749 370 797 Dant
394 750 543 797 etiam
569 751 743 814 positis
771 751 960 798 aditum
986 752 1209 798 convivia
1232 753 1444 800 mensis:

300 826 392 874 Est
417 827 622 889 aliquid,
649 834 829 891 praeter
851 828 979 882 vina,
1008 828 1142 890 quod
1169 829 1283 876 inde
1309 836 1468 892 petas.
1525 832 1622 875 230

232 903 380 967 Saepe
406 904 504 950 illie
530 904 677 968 positi
702 903 885 951 teneris
913 903 1132 951 adducta
1154 905 1355 952 lacertis

297 980 587 1043 Purpureus
616 980 801 1027 Bacchi
831 994 1016 1027 cornua
1039 982 1222 1044 pressit
1246 982 1416 1028 Amor.

230 1057 460 1120 Vinaque
487 1073 600 1104 curn
626 1058 822 1123 bibulas
848 1073 1074 1120 sparsere
1102 1058 1365 1122 Cupidinis
1392 1059 1511 1113 alas,

298 1123 661 1190 Permanet‚.›e‘t
685 1141 832 1198 capto
859 1141 958 1181 stat
982 1135 1143 1197 gravis
1169 1136 1251 1183 ille
1276 1137 1401 1182 loco.

230 1211 320 1258 Ille
347 1209 760 1275 quidem'pennas
786 1212 1021 1259 velociter
1045 1213 1236 1259 excutit
1260 1213 1411 1260 udas:
1519 1216 1617 1260 23.)

1591 1216 1614 1238 Γ,

300 1289 400 1335 Sed
427 1295 593 1335 tamen
619 1295 670 1336 et
694 1288 859 1352 spargi
885 1295 1061 1351 pectus
1088 1304 1253 1335 amore
1279 1296 1441 1336 nocet.

228 1366 358 1413 Vina
382 1372 560 1429 parant
585 1367 792 1422 animos,
820 1365 1108 1429 faciuntque
1133 1365 1382 1413 caloribus
1408 1372 1573 1430 aptos:

297 1443 434 1490 Cura
457 1443 583 1506 fugit
607 1444 762 1491 multo
787 1443 1093 1506 diluiturque
1119 1459 1271 1490 mero.

229 1519 369 1566 Tunc
394 1521 599 1567 veniunt
624 1521 774 1577 risus3
815 1527 934 1567 tunc
960 1535 1152 1583 pauper
1176 1535 1362 1566 cornua
1386 1519 1558 1566 sumit:

295 1597 436 1644 Tunc
461 1598 601 1645 dolor
629 1605 678 1646 et
702 1614 850 1653 eurae,
878 1612 1101 1660 rugaque
1125 1596 1297 1643 frontis
1324 1596 1448 1642 abis.

271 1759 346 1790 225.
373 1759 512 1789 Dana'r'ia
539 1760 668 1800 Persis]
696 1760 793 1790 Multi
816 1760 888 1791 Per-

226 1817 329 1838 sarum
354 1818 467 1838 nomen
491 1808 653 1838 deducunt
676 1818 694 1839 a
713 1807 807 1839 Perse
823 1809 889 1840 An—

227 1856 383 1887 dromedae
410 1863 442 1887 et
468 1857 574 1888 Persei
598 1857 674 1888 filio.
713 1858 783 1889 vide
809 1858 889 1889 viros

225 1905 334 1936 doctos
358 1905 398 1936 ad
422 1906 615 1947 Stephanum
636 1906 674 1937 de
697 1907 835 1937 Urbibus
857 1908 889 1937 in

230 1954 340 1985 Persis.
363 1954 418 1985 sed
434 1965 540 1985 omnes
551 1955 629 1990 falli,
645 1961 676 1986 et
693 1966 711 1986 a
725 1957 888 1993 vocabulo,

226 2003 311 2044 quod
322 2013 426 2034 eorum
438 2003 547 2044 lingua
559 2015 665 2044 equum
677 2010 774 2041 notat,
787 2005 888 2046 (unde

227 2057 259 2081 et
274 2052 305 2081 in
320 2057 458 2082 nostrum
470 2052 572 2083 Poerdt
586 2053 687 2092 venit)
698 2052 810 2089 dictas,
823 2054 888 2084 dic-

225 2105 283 2135 toS,
306 2100 494 2141 eosdemque
518 2105 549 2131 et
575 2101 707 2132 Parthos
732 2112 808 2138 esse,
832 2102 888 2133 viri

226 2148 341 2178 eruditi
369 2148 422 2179 diu
450 2149 709 2181 demonstrarunt.
748 2151 889 2182 Danaeia

223 2198 320 2237 proles
337 2197 369 2227 in
383 2197 522 2238 margine
536 2198 731 2230 Bersmanni.
768 2199 886 2231 Bunm.

269 2247 344 2277 231.
367 2246 446 2286 Strpe
460 2248 524 2277 illic
538 2248 664 2288 positia]
682 2248 884 2289 Lege,positi,

226 2307 297 2326 curn
321 2294 430 2326 codice
448 2296 560 2337 Regio.
585 2302 616 2327 et
639 2296 790 2337 intellige,
809 2296 887 2328 Bac—

225 2346 286 2376 chi.
325 2345 498 2375 Hmnsms.
545 2346 660 2376 Ponere
674 2348 776 2376 vinum
791 2346 887 2377 etiam

226 2393 390 2425 Petronius
406 2393 495 2430 dixit,
508 2404 579 2436 cap.
597 2393 702 2425 xxxiv.
717 2394 781 2425 vid.
800 2401 830 2426 et
846 2396 885 2426 ad

225 2455 297 2486 cap.
315 2455 368 2474 xx.
384 2443 439 2474 sed
455 2443 479 2473 si
493 2445 579 2482 positi
603 2443 653 2473 hic
675 2443 884 2481 scribendum,

224 2493 453 2535 interpretarer,
471 2492 683 2523 accumbentis
707 2499 737 2524 et
752 2493 823 2524 vino
838 2493 884 2524 in-

224 2541 392 2583 dulgentis.
416 2541 559 2582 exemplo
575 2551 646 2582 ergo
660 2541 777 2572 Bacchi
793 2541 883 2583 positi

223 2597 255 2622 et
284 2590 507 2626 accumbentis,
536 2591 624 2632 cujus
650 2600 766 2621 cornua
788 2591 885 2621 Amor

224 2639 345 2681 pressit,
361 2639 468 2675 utitur,
484 2645 517 2669 ut
533 2650 603 2669 mox
616 2638 781 2680 Cupidinis
797 2650 883 2670 men-

223 2689 337 2719 tionem
354 2687 462 2728 injicit.
508 2689 543 2718 ln
562 2687 680 2718 lleinsii
700 2687 882 2729 interpreta-

1521 1599 1618 1643 240

959 1759 1041 1790 tione
1058 1759 1202 1790 Bacchus
1221 1769 1276 1800 pro
1292 1758 1358 1800 ipso
1372 1757 1454 1794 vino,
1470 1763 1550 1789 esset
1565 1768 1617 1788 ca-

957 1808 1101 1850 piendus,
1119 1808 1202 1850 quod
1218 1808 1268 1838 vix
1293 1807 1437 1848 quadrat.
1460 1809 1570 1847 positus
1593 1807 1618 1837 si

957 1867 1028 1887 cum
1046 1856 1233 1898 quibusdam
1249 1856 1351 1892 editis,
1362 1862 1394 1887 et
1409 1856 1553 1886 Palatino
1567 1867 1617 1886 co-

957 1904 1026 1935 dice
1042 1905 1209 1946 legeretur,
1227 1905 1267 1935 ad
1284 1904 1429 1935 Amorem
1444 1910 1524 1936 esset
1539 1906 1617 1935 refe-

956 1954 1088 1984 rendum
1111 1955 1360 1984 accumbentem.
1385 1953 1429 1984 ita
1444 1964 1498 1995 pro
1509 1952 1616 1994 jacen-

957 2003 1040 2034 tibus
1054 2003 1097 2034 iv.
1114 2003 1214 2045 Epist.
1232 2004 1287 2034 98.
1310 2004 1411 2042 positi.
1457 2003 1574 2033 Bunm.

999 2053 1076 2083 236.
1101 2053 1158 2083 Sed
1175 2060 1273 2083 tamen
1291 2059 1320 2083 et
1342 2052 1472 2093 spargi]
1499 2051 1617 2083 Melius

957 2100 988 2132 in
1008 2101 1163 2138 Palatino,
1178 2102 1234 2132 Sed
1260 2109 1359 2132 tamen
1376 2103 1493 2142 aspergi
1514 2109 1618 2140 pectus

956 2162 1054 2181 amore
1066 2158 1160 2181 nocet.
1191 2151 1278 2181 DAN.
1296 2151 1470 2181 meslus.
1494 2150 1545 2180 An
1561 2161 1615 2182 ve-

956 2210 990 2230 ro
1005 2201 1107 2230 nocet?
1123 2210 1178 2230 cur
1195 2210 1266 2240 ergo
1279 2199 1364 2230 Naso
1379 2204 1475 2230 artem
1491 2199 1615 2230 noxiam

954 2249 1064 2281 doces?
1087 2250 1180 2280 immo
1196 2259 1267 2280 vero
1289 2255 1377 2291 puto,
1394 2255 1497 2288 pectus
1517 2260 1616 2280 amore

954 2300 1050 2329 docet.
1075 2297 1127 2329 ille
1151 2297 1279 2339 quidem
1302 2297 1367 2327 vini
1390 2297 1452 2327 vim
1468 2297 1617 2328 velociter

955 2352 1100 2378 excutere
1137 2351 1259 2388 potest;
1296 2345 1351 2376 sed
1381 2345 1473 2376 docet
1509 2351 1615 2376 tamen

955 2405 1091 2426 amorem
1106 2400 1267 2436 penetrare
1283 2394 1314 2424 in
1336 2400 1456 2436 pectus.
1480 2394 1612 2436 ideoque

954 2444 1141 2475 amatoribus
1168 2443 1337 2485 quaerenda
1365 2443 1508 2474 convivia
1531 2449 1614 2481 sunt,

953 2493 1005 2524 ubi
1025 2504 1097 2524 cum
1114 2492 1241 2523 Baccho
1259 2492 1382 2534 Cupido
1397 2492 1493 2522 etiam
1515 2492 1613 2522 domi-

953 2548 1057 2573 natur.
1081 2543 1152 2572 solet
1168 2547 1214 2573 est
1237 2542 1268 2572 in
1293 2552 1354 2572 uno
1370 2541 1502 2577 Heinsii,
1519 2541 1612 2572 etiam

952 2602 1013 2621 non
1037 2591 1132 2621 male.
1154 2590 1218 2620 vid.
1243 2590 1282 2620 ad
1308 2590 1362 2620 lib.
1387 2589 1432 2619 iii.
1458 2590 1563 2621 Amor.
1580 2601 1611 2620 x,

952 2639 1012 2671 ult.
1028 2640 1066 2670 de
1084 2642 1132 2670 sed
1150 2646 1247 2670 tamen
1263 2646 1302 2673 et„
1318 2639 1381 2670 vid.
1397 2638 1434 2669 ad
1450 2638 1550 2680 Epist.
1564 2638 1610 2668 iii.

952 2689 981 2719 4.
1028 2689 1145 2719 BURM.
