1849 3198
694 180 992 221 AMORUM.

1045 181 1165 223 LIB.
1200 182 1236 223 I.
1268 183 1310 223 9.
1613 184 1699 226 327

302 293 460 340 Ardet
484 295 533 341 in
559 295 778 343 abducta
809 295 1034 343 Briseide
1060 313 1268 359 magnus
1294 297 1532 345 Achilles.

370 371 504 418 Dum
529 373 660 428 licet,
689 372 947 435 Argolicas
973 373 1183 436 frangite
1209 375 1249 421 T
1254 376 1359 422 roes
1386 392 1524 439 opes,

303 447 492 495 Hector
507 450 569 496 ab
587 449 962 497 Andromaches
979 452 1324 514 complexibus
1345 452 1448 499 ibat
1464 453 1512 499 in
1529 469 1688 500 arma:

369 524 450 581 Et,
479 527 672 588 galeam
697 527 848 590 capiti
875 543 986 589 quae
1011 528 1168 582 daret,
1196 545 1321 575 uxor
1345 536 1466 576 erat.
1628 534 1690 577 36

304 602 511 651 Summa
535 605 720 651 ducum
744 604 963 660 Atrides,
989 605 1096 651 visa
1124 604 1422 662 Priameide,
1449 606 1603 654 fertur

366 680 612 728 Maenadis
638 681 807 729 effusis
832 682 1151 745 obstupuisse
1176 683 1348 730 comis.

299 758 437 805 Mars
464 775 666 822 quoque
690 760 965 823 deprensus
990 761 1184 808 fabrilia
1201 762 1398 808 vincula
1422 762 1592 808 sensit.

366 835 543 883 Notior
567 836 616 882 in
642 837 766 884 coelo
791 837 960 884 fabula
984 838 1120 884 nulla
1143 837 1251 885 fuit.
1626 842 1691 885 40

299 913 415 977 Ipse
441 929 534 975 ego
560 915 726 976 segnis
753 931 902 971 eram,
930 916 1276 980 discinctaque
1301 916 1350 963 in
1375 917 1477 964 otia
1500 924 1673 965 natus:

364 990 650 1038 Mollierant
675 992 863 1039 animos
888 993 1046 1040 lectus
1073 1000 1123 1040 et
1146 995 1322 1041 umbra
1346 1010 1500 1041 meos,

298 1067 505 1132 Impulit
528 1069 760 1131 ignavum
786 1069 1013 1117 formosae
1035 1087 1154 1118 cura
1176 1072 1355 1135 puellae
1374 1091 1384 1128 3

362 1145 393 1191 J
397 1146 523 1192 ussit
547 1153 597 1193 et
621 1147 671 1192 in
696 1147 870 1193 castris
898 1164 996 1194 aera
1019 1164 1207 1195 merere
1233 1148 1351 1195 suiS.

298 1223 422 1270 Inde
443 1223 580 1270 vides
607 1223 803 1285 agilem,
825 1231 1168 1288 nocturnaque
1187 1226 1320 1273 bella
1334 1233 1606 1287 gerentem.
1625 1229 1688 1273 45

363 1300 462 1354 Qui
487 1301 622 1347 nolet
645 1301 750 1348 fieri
776 1302 1074 1358 desidiosus,
1103 1310 1251 1350 amet.

335 1469 390 1499 33.
418 1468 570 1508 Mimas]
596 1467 706 1498 Tristis
728 1473 851 1509 propter
872 1479 957 1499 ama-

293 1525 332 1550 tae
348 1518 462 1560 puellae
479 1517 666 1548 absentiam.
711 1517 771 1547 Sed
786 1517 876 1558 longe
892 1529 956 1548 me-

292 1569 348 1600 lior
376 1567 452 1597 mihi
482 1567 605 1598 videtur
635 1572 724 1597 vetus
753 1566 858 1601 lectio,
886 1578 956 1608 quie

290 1624 348 1654 est,
367 1618 512 1658 Magnus.
558 1617 625 1646 Hoc
646 1617 728 1647 enim
751 1622 957 1656 cognomento

291 1669 426 1699 illustres
436 1667 493 1697 viri
509 1666 659 1708 appellati
673 1672 757 1701 sunt,
774 1672 808 1696 ut
817 1666 956 1697 Alexan—

292 1718 357 1753 der,
375 1716 553 1758 PompejuS‚
570 1720 601 1746 et
622 1715 753 1746 Carolus
768 1715 956 1746 Francorum

289 1779 355 1804 rex,
390 1766 507 1807 aliique
545 1765 730 1807 complures.
775 1765 837 1796 Hic
873 1766 955 1796 enim

291 1818 377 1848 Naso
415 1825 596 1855 magnorum
633 1813 767 1845 virorum
804 1814 956 1856 exemplis

291 1877 353 1896 non
369 1864 557 1895 desidiosum
572 1874 639 1893 esse
663 1874 798 1893 amorem
816 1874 955 1905 compro-

291 1917 358 1946 bat.
409 1913 503 1943 Adde
533 1912 617 1953 quod
642 1912 675 1942 in
703 1912 805 1943 Artib.
832 1923 955 1954 quoque

291 1963 388 1995 Ovid.
407 1963 555 2003 Magnum
574 1961 731 1992 Achillem
755 1966 889 1997 vocavn,
908 1961 955 1992 di-

289 2024 382 2045 cens:

335 2063 417 2093 Fecit
435 2067 463 2091 et
488 2062 518 2090 in
536 2067 623 2100 captu
640 2061 806 2101 Lyrneside
828 2071 956 2102 magnus

419 2111 562 2145 Achilles,

379 2160 454 2189 Cum
479 2166 623 2199 premeret
655 2160 770 2189 mollem
801 2160 892 2189 lassus
919 2161 955 2189 ult

419 2211 495 2239 hoste
509 2217 618 2239 lorum.
761 2209 911 2240 Mmzrcs.

292 2260 400 2290 Douztt
424 2264 528 2289 tamen
558 2265 673 2289 marsius
698 2269 735 2288 ex
763 2269 819 2288 suo
848 2258 955 2289 codice

290 2308 486 2350 praeferebat.
520 2319 577 2347 ego
606 2320 732 2348 magnus
759 2314 884 2349 propter
908 2319 953 2338 ra-

291 2356 389 2387 tiones
416 2368 434 2387 a
460 2357 564 2387 Mario
589 2356 693 2387 (latas.
719 2363 750 2386 ct
774 2357 818 2387 ita
840 2364 956 2387 mci-stus

289 2413 319 2437 ct
347 2418 471 2448 magnus
497 2406 625 2437 confusa
656 2405 757 2448 Epist.
786 2405 850 2436 xvi.
881 2407 955 2437 340.

292 2457 409 2487 Burin.

332 2506 386 2536 37.
412 2505 532 2535 Summa
555 2505 696 2545 ‹lm-um]
723 2505 800 2535 Ἱᾎὶη.
822 2505 897 2534 Fab.
914 2505 952 2535 ad

292 2556 416 2587 Lucret.
441 2555 461 2584 i.
482 2555 534 2585 87.
560 2555 678 2585 (lictum
695 2555 759 2585 vult
781 2554 952 2584 imitatione

292 2605 438 2641 Lucretii,
463 2605 511 2635 ‹tui
539 2604 754 2646 Agamemnon
783 2611 829 2635 est
856 2606 952 2642 primu

1028 1471 1168 1500 virorum.
1193 1475 1226 1499 ut
1247 1469 1417 1511 Sophocles
1439 1470 1533 1499 etiam
1556 1469 1691 1502 Philoct.

1026 1519 1101 1549 435.
1142 1518 1223 1548 dixit
1260 1521 1373 1560 πρῶτα
1408 1517 1597 1556 Ἀθηναίων
1633 1532 1690 1562 pro

1025 1567 1163 1609 principe
1194 1567 1446 1597 Atheniensium.
1483 1573 1514 1597 et
1543 1567 1586 1599 ita
1614 1580 1688 1600 neu-

1025 1616 1100 1647 trius
1115 1617 1238 1657 generis
1253 1616 1377 1647 nomina
1400 1616 1472 1658 poni
1494 1627 1549 1658 pro
1564 1628 1688 1649 mascu-

1023 1665 1095 1695 linis
1113 1666 1244 1696 vidimus
1268 1666 1307 1696 ad
1325 1666 1479 1702 Quinctil.
1501 1666 1649 1698 Declam.
1667 1667 1690 1699 i.

1024 1715 1056 1744 6.
1074 1715 1211 1745 nondum
1232 1722 1338 1745 tamen
1365 1715 1494 1745 definire
1518 1715 1631 1752 audeo,
1650 1727 1689 1748 an

1023 1775 1135 1794 summit
1152 1766 1263 1795 ιίιισιιιη
1279 1775 1341 1795 non
1356 1764 1418 1794 dici
1433 1765 1540 1806 possit,
1553 1771 1587 1796 ut
1602 1777 1687 1796 sum-

1023 1823 1075 1843 ma
1097 1813 1185 1849 belli,
1209 1812 1331 1854 imperii
1358 1818 1388 1844 et
1414 1813 1541 1849 similia,
1559 1814 1615 1844 sed
1631 1826 1686 1846 ex-

1023 1861 1134 1903 emplis
1149 1862 1289 1892 deficior.
1314 1862 1372 1892 nisi
1390 1861 1451 1892 huc
1476 1862 1602 1898 referas,
1619 1865 1690 1895 belli

1023 1922 1135 1941 summa
1150 1917 1298 1951 caputque
1314 1911 1392 1941 Bato
1406 1911 1463 1941 lib.
1477 1910 1512 1941 ii.
1531 1921 1570 1942 ex
1587 1912 1688 1944 Ponto

1024 1961 1046 1991 i.
1093 1961 1212 1991 Bunm.

1067 2012 1121 2042 39.
1148 2012 1234 2041 Mars
1254 2021 1366 2051 quoque
1380 2012 1541 2049 deprensus
1552 2010 1690 2052 fabrilia

1023 2061 1147 2090 vincula
1177 2059 1295 2099 sensit-J
1328 2059 1417 2089 Idem
1441 2070 1535 2101 prope
1559 2059 1617 2090 lib.
1643 2060 1686 2091 iv.

1023 2109 1236 2150 Metamorph.
1297 2109 1401 2144 Quem
1428 2108 1556 2149 quidem
1584 2109 1688 2140 locum

1023 2169 1121 2200 nuper
1136 2169 1173 2188 ex
1192 2157 1355 2199 Fulgentio
1366 2157 1532 2188 illustravi.
1579 2158 1674 2189 crof.

1067 2208 1120 2238 45.
1150 2208 1234 2238 Vides
1259 2206 1410 2249 vigilem]
1438 2207 1556 2247 Agilem
1572 2207 1688 2238 Putea-

1024 2268 1101 2288 neus
1121 2264 1151 2288 et
1168 2263 1299 2299 quatuor
1321 2257 1385 2293 alii,
1401 2267 1473 2287 cum
1495 2256 1598 2298 prima
1622 2257 1689 2288 edi-

1023 2306 1119 2338 tione.
1151 2308 1323 2337 mesrrs
1381 2306 1501 2337 Recte:
1527 2317 1566 2337 ne
1589 2307 1687 2337 offen-

1024 2357 1077 2387 dat
1099 2368 1192 2387 sonus
1213 2356 1323 2387 similis
1344 2357 1376 2387 in
1396 2358 1477 2386 vides
1491 2357 1624 2397 vigilem.
1648 2356 1688 2386 si-

1024 2406 1106 2437 milis
1120 2408 1254 2437 varietas
1267 2406 1337 2437 infr.
1350 2406 1384 2437 ii.
1397 2406 1508 2436 Amor.
1524 2406 1568 2437 iv.
1585 2407 1639 2437 27.
1657 2412 1689 2437 ct

1024 2455 1068 2486 ita
1090 2457 1179 2497 agilis
1205 2457 1270 2485 Dea
1295 2455 1402 2486 Diana
1426 2455 1528 2497 Epist.
1553 2455 1596 2485 iv.
1615 2456 1686 2485 166.

1026 2505 1112 2535 Bella
1130 2512 1299 2541 moventem,
1310 2515 1434 2547 quoque
1451 2504 1689 2547 Neapolitanus,

1023 2555 1140 2584 Bwuz.

1152 2776 1213 2803 Yt
