1849 3198
178 161 265 203 312

575 161 626 201 Ρ.
660 160 874 203 OVIDII
908 160 1188 202 NASONIS

185 274 453 323 Fallimur?
491 291 554 323 an
577 292 718 323 verso
745 282 1017 322 sonuerunt
1041 275 1241 322 cardine
1267 276 1471 338 postes?

250 353 527 417 Raucaque
552 369 809 400 concussae
836 353 978 415 signa
1001 353 1185 400 dedere
1210 352 1373 399 fores?

1510 355 1574 399 50

183 429 447 478 Fallimur:
488 430 702 494 impulsa
727 437 804 477 est
829 430 1050 476 animoso
1070 431 1226 492 janua
1249 436 1412 476 vento.

249 505 347 553 Hei
372 506 508 562 mihi,
537 523 688 570 quam
712 507 860 568 longe
886 522 1028 569 spem
1052 506 1165 552 tulit
1189 522 1308 552 aura
1331 505 1521 553 meam!

184 582 237 629 Si
264 584 383 630 satis
409 600 462 630 es
488 591 660 650 raptae,
690 584 868 639 Borea,
895 600 1084 630 memor
1110 583 1371 647 Orithyiae,

249 659 363 707 Huc
389 661 603 718 adesset
628 661 802 708 surdas
827 660 1028 706 flamine
1054 660 1208 706 tunde
1234 658 1378 705 fores.

184 736 323 785 Urbe
350 738 497 784 silent
520 738 655 784 tota:
695 737 952 798 vitreoque
977 736 1230 783 madentia
1254 752 1361 782 rore

1510 738 1538 782 Q]

1547 743 1572 781 &J

247 814 497 879 Tempora
518 815 676 862 noctis
703 822 845 880 eunt:
885 821 1066 861 excute
1092 821 1235 877 poste
1260 829 1438 860 seram.

180 890 285 944 Aut
308 908 401 955 ego
420 893 527 955 jam
551 891 782 955 ferroque
807 892 1011 954 ignique
1037 891 1252 956 paratior
1277 890 1401 953 ipse,

248 968 410 1023 Quem
436 969 544 1017 face
570 970 808 1026 sustineO,
836 977 970 1017 tecta
995 969 1212 1032 superba
1235 975 1419 1031 petam.

182 1045 316 1101 Nox,
330 1052 380 1093 et
394 1046 562 1101 Amor,
574 1046 860 1109 vinumque,
879 1046 1000 1092 nihil
1015 1045 1318 1092 moderabile
1335 1044 1569 1091 suadent:

248 1122 341 1169 Illa
366 1123 555 1186 pudore
580 1130 754 1171 vacat:
797 1123 945 1170 Liber
970 1123 1226 1185 Amorque
1251 1130 1404 1170 metu.

1510 1124 1573 1168 60

182 1199 366 1246 Omnia
390 1200 670 1248 consumsi:
711 1191 802 1248 nec
828 1208 878 1248 te
903 1201 1198 1264 precibusve
1225 1199 1432 1246 minisve

248 1268 573 1332 Movimus,“6
598 1267 784 1324 foribus
811 1278 1003 1324 surdior
1027 1278 1134 1341 ipse
1159 1277 1274 1324 tuis.

182 1352 297 1399 Non
321 1360 371 1400 te
396 1353 623 1401 formosae
648 1354 818 1401 decuit
842 1371 1036 1401 servare
1060 1354 1241 1418 puellae

250 1429 469 1478 Limina:
509 1429 722 1477 'sollicito
748 1447 945 1478 carcere
972 1432 1151 1493 dignus
1178 1446 1303 1478 eras.

179 1506 397 1570 Jamque
422 1507 684 1570 pruinosos
710 1508 911 1554 molitur
938 1508 1135 1555 Lucifer
1160 1525 1279 1555 axes
1294 1526 1304 1565 3

1512 1510 1574 1553 (55

249 1583 411 1647 Inque
438 1601 582 1631 suum
607 1585 813 1632 miseros
839 1586 1028 1634 excitat
1053 1586 1155 1632 ales
1182 1601 1324 1648 opus.

225 1713 280 1742 51.
305 1713 470 1754 Animosa]
504 1715 634 1745 Adverso
658 1714 841 1756 Neapolita-

184 1770 251 1792 nus.
277 1761 360 1802 quod
378 1767 451 1803 apte
474 1763 601 1804 quidem
625 1764 774 1805 explicari
789 1774 842 1805 po-

179 1815 252 1846 test,
271 1817 302 1840 et
325 1811 397 1841 olim
424 1811 520 1841 etiam
538 1812 667 1842 Heinsio
688 1812 843 1854 placuisse

180 1870 218 1890 ex
236 1859 402 1901 adscriptis
426 1871 486 1891 orae
514 1861 583 1891 libri
611 1861 678 1903 ejus
703 1861 784 1892 notis
798 1861 844 1891 vi-

179 1908 249 1939 deo.
272 1910 327 1940 sed
352 1909 444 1950 longe
465 1910 640 1950 elegantius
663 1915 710 1941 est
725 1912 762 1942 τὸ
778 1912 844 1941 αιιί-

179 1969 264 1988 mosa.
295 1963 327 1988 et
354 1964 439 1989 recte
468 1970 486 1989 a
513 1959 617 1989 Mario
640 1959 843 2001 explicatum,

179 2006 254 2048 quia
269 2007 354 2038 venti
369 2010 474 2038 animm
489 2013 651 2039 vocantur.
697 2010 816 2040 BURM.

222 2058 275 2087 53.
311 2057 417 2097 Raptae
450 2058 627 2098 Orithyioe]
664 2058 747 2090 Vide
775 2071 844 2101 quae

180 2105 285 2135 notavi
312 2105 345 2136 in
371 2106 638 2137 observationibus
667 2107 724 2138 sub
751 2107 844 2139 finem

178 2154 234 2184 lib.
250 2154 293 2185 vi.
310 2155 443 2185 Metam.
489 2156 581 2186 C1or.

222 2204 275 2234 58.
302 2204 480 2246 Quamsace
494 2204 648 2244 sustineo]
676 2205 768 2239 Quem
782 2206 844 2236 Pu-

179 2259 310 2283 teaneus
324 2259 356 2283 et
369 2252 602 2284 Arondelianus
617 2264 688 2284 cum
702 2254 843 2285 editioni-

179 2304 239 2333 bus
254 2302 421 2333 nonnullis.
444 2302 549 2343 ignem
564 2302 774 2343 subintellige,
790 2315 845 2345 pro

178 2353 315 2392 paratior
338 2351 445 2392 primae
461 2351 613 2382 editiones
630 2357 661 2382 et
676 2351 844 2383 Scriveriu-

180 2411 250 2436 nuS,
279 2402 440 2438 potentior.
485 2400 567 2430 Mihi
596 2400 753 2431 distichon
787 2401 844 2431 hoc

179 2455 357 2490 suspectum
371 2454 431 2479 est.
468 2449 643 2479 HmNsms.
691 2450 763 2479 Non
779 2455 842 2480 tam

179 2498 273 2528 facile
290 2497 438 2528 damnare
454 2497 565 2533 audeo,
583 2498 772 2539 quicumque
788 2509 841 2529 ne-

180 2546 299 2588 gotium
316 2546 472 2577 facessunt
488 2557 603 2577 versus.
627 2547 682 2577 sed
697 2558 734 2578 ex
750 2548 843 2578 vesti-

181 2596 239 2637 giis
252 2595 395 2626 codicum
410 2595 547 2636 legerem
562 2608 568 2625 ι

225 2645 287 2676 Aut
303 2655 355 2685 ego
363 2645 434 2683 jum
447 2644 594 2686 ferroque
609 2647 731 2686 ignique
752 2657 843 2685 para-

311 2699 380 2729 tzor,
395 2694 452 2724 isui

999 1716 1095 1750 Quam
1110 1716 1185 1756 sizce
1202 1716 1341 1750 sustineo,
1358 1720 1434 1744 tecta
1450 1715 1573 1753 superba

1035 1771 1147 1804 petam.

912 1812 979 1843 Hoc
1004 1823 1119 1850 sensu3
1144 1824 1202 1853 ego
1221 1813 1288 1853 jam
1314 1812 1490 1842 instructior
1506 1813 1575 1853 (1111-

912 1863 973 1891 rati
989 1862 1071 1891 enim
1082 1861 1202 1903 proprie
1215 1861 1329 1891 milites
1344 1860 1464 1891 armati.
1488 1867 1521 1891 ut
1536 1861 1575 1892 ad

913 1909 1040 1940 Petron.
1063 1920 1132 1951 cap.
1148 1920 1240 1940 cxxx.
1256 1908 1407 1946 vidimus)
1423 1909 1482 1940 ista
1497 1910 1576 1945 face,

913 1970 1007 2001 quam
1020 1959 1168 1995 sustineo,
1183 1965 1288 2001 petam
1304 1965 1399 1990 tecta.
1445 1959 1477 1990 Si
1493 1971 1578 2000 quem

913 2007 1110 2040 retinendum
1139 2014 1197 2045 est,
1220 2008 1356 2050 legerem
1384 2019 1456 2039 cum
1482 2010 1577 2040 Fran-

914 2068 977 2088 cio:

1057 2106 1186 2148 Ig'nique
1198 2110 1334 2147 paratior
1350 2110 1413 2144 illo,
1429 2108 1489 2144 vel,
1506 2111 1577 2148 ipso,

959 2155 1133 2197 Quemsace
1147 2158 1287 2187 sustineo.

914 2205 958 2235 Ut
970 2204 1073 2245 ignem
1090 2215 1107 2234 a
1124 2206 1191 2236 face
1208 2205 1389 2247 distinguat,
1400 2206 1479 2247 gerit
1495 2207 1576 2237 enim

912 2253 1016 2294 ignem
1026 2253 1057 2283 in
1070 2254 1148 2290 face,
1158 2260 1192 2285 ut
1199 2255 1252 2285 alii
1264 2254 1295 2285 in
1304 2255 1443 2285 lucerna.
1460 2257 1509 2286 Bu
1516 2268 1533 2286 11
1540 2268 1577 2287 M.

956 2304 1007 2333 59.
1034 2303 1112 2339 Nm,
1130 2310 1159 2334 et
1187 2305 1287 2339 Amor,
1309 2304 1499 2344 vanumque]
1527 2305 1577 2336 Ita

913 2352 1020 2383 Livius
1035 2353 1089 2383 lib.
1106 2353 1214 2383 xxxix.
1225 2355 1256 2384 8.
1273 2353 1313 2384 de
1327 2353 1422 2384 initiis
1435 2354 1577 2395 turpibus

914 2401 1031 2431 Bacchi
1043 2414 1049 2431 ε
1078 2402 1178 2436 Quum
1190 2404 1293 2432 rvz'num
1307 2403 1418 2432 animos
1432 2410 1458 2433 et
1475 2415 1539 2439 nur,
1550 2410 1577 2433 et

912 2450 1130 2492 miiitifeininis
1144 2462 1249 2487 vitares,
1265 2453 1361 2481 <etatis
1384 2457 1491 2482 teneus
1514 2464 1576 2482 mtt—

901 2500 1022 2537 jorilms
1037 2501 1193 2530 discrimen
1209 2512 1292 2530 (mine
1310 2502 1433 2539 pudoris
1448 2503 1576 2531 autina*-

912 2549 1013 2578 issent.
1057 2549 1127 2579 Ter.
1153 2549 1268 2590 Hecyr.
1291 2549 1314 2579 i.
1341 2549 1376 2579 ii.
1402 2550 1453 2580 61.
1504 2551 1576 2581 Per-

911 2599 1003 2627 suasit
1029 2609 1096 2633 nar,
1124 2610 1216 2633 amor,
1233 2600 1346 2634 vinum,
1367 2600 1575 2630 adolescentia.

911 2646 976 2677 vid.
993 2646 1043 2677 hic
1058 2646 1209 2677 Marium.

955 2696 1008 2726 66.
1034 2695 1132 2736 Ales]
1158 2695 1281 2727 Gallus.
1326 2696 1417 2727 C10r.
