1849 3198
235 156 319 197 450

628 156 678 196 Ρ.
704 153 917 196 OVIDII
952 153 1233 196 NASONIS

240 270 355 317 Non
381 285 474 332 ego
500 276 805 332 quaerentem
830 276 976 316 vento
1002 269 1120 315 dare
1143 269 1253 315 vela
1270 269 1483 331 jubebo:

308 346 354 393 N
361 363 418 394 ec
444 347 550 402 tibi,
577 353 632 393 ut
655 346 892 401 invenias,
920 346 1069 407 longa
1091 346 1298 393 terenda
1320 345 1398 392 via
1423 353 1515 397 est.

240 422 593 470 Andromedan
618 422 834 470 Perseus
861 422 1011 483 nigris
1037 422 1244 485 portarit
1267 423 1329 469 ab
1357 422 1512 478 Indis,

306 497 575 563 Raptaque
600 500 665 546 sit
689 499 912 562 Phrygio
940 499 1095 562 Graja
1118 500 1286 562 puella
1307 500 1427 546 viro.

240 575 335 623 Tot
358 576 447 623 tibi
473 584 677 639 tamque
703 576 842 623 dabit
866 575 1105 622 formosas
1133 575 1297 623 Roma
1320 576 1536 639 puellas;
1566 578 1628 622 55

308 652 431 700 Haec
457 653 624 710 habet,
651 661 706 701 ut
729 654 884 709 dicas,
912 653 1158 716 quidquid
1184 652 1233 699 in
1259 654 1378 701 orbe
1402 652 1510 699 fuit.

241 730 464 792 Gargara
489 737 612 793 quot
630 738 841 792 segeteS,
865 736 988 792 quot
1008 729 1159 776 habet
1181 729 1480 793 Methymna
1493 744 1628 776 race-

306 807 523 869 AEquore
539 815 662 871 quot
676 808 855 872 pisces,
873 807 1046 854 fronde
1061 814 1294 870 teguntur
1305 823 1419 854 aves
1433 826 1443 864 ;
1474 808 1602 868 [mos
1616 823 1626 861 ;

239 883 399 944 [Quot
423 884 602 931 coelum
628 885 814 939 stellas,
841 890 915 931 tot
939 884 1091 931 habet
1114 891 1201 930 tua
1222 883 1386 931 Roma
1412 883 1624 947 puellas:

306 959 471 1007 Mater
495 968 546 1008 et
569 961 739 1008 AEneae
765 968 961 1009 constat
985 962 1034 1008 in
1059 962 1180 1009 urbe
1206 962 1323 1022 sui.]

1567 962 1631 1007 60

238 1035 340 1083 Seu
366 1037 558 1100 caperis
585 1037 755 1101 primis
782 1046 831 1086 et
855 1040 1016 1086 adhuc
1042 1038 1383 1086 crescentibus
1409 1038 1572 1093 annis3

307 1112 437 1160 Ante
464 1115 633 1161 oculos
658 1115 822 1162 veniet
846 1132 961 1163 vera
984 1116 1151 1179 puella
1173 1127 1314 1162 tuos:

241 1189 356 1236 Sive
381 1190 522 1254 cupis
541 1192 799 1253 juvenem;
834 1193 1043 1255 juvenes
1069 1193 1159 1240 tibi
1184 1193 1316 1239 mille
1342 1192 1627 1255 placebunt.

309 1265 517 1328 Cogeris
543 1267 641 1314 voti
668 1267 864 1315 nescius
890 1285 1001 1316 esse
1025 1269 1112 1316 tui.

242 1342 343 1388 Seu
369 1349 418 1389 te
444 1343 567 1390 forte
587 1345 730 1406 juvat
755 1361 865 1392 sera
890 1354 939 1394 et
965 1347 1233 1410 sapientior
1259 1353 1403 1402 aetas3
1567 1348 1629 1391 δέ)

1606 1347 1626 1359 ,-

308 1418 416 1466 Hoc
443 1437 644 1484 quoque
670 1423 841 1484 (crede
867 1424 1009 1485 mihi)
1035 1425 1230 1488 plenius
1256 1439 1435 1486 agmen
1461 1422 1568 1469 erit.

283 1544 337 1574 53,
355 1543 462 1585 Nigris
471 1548 602 1584 portarit
616 1548 653 1576 ab
669 1545 767 1582 Indis,
786 1547 901 1585 Rapta-

239 1603 293 1631 qne
320 1592 385 1632 sit.]
423 1594 523 1624 Nobis
548 1594 614 1625 haec
643 1595 814 1636 elegantior
837 1595 903 1627 visa

241 1647 287 1671 est
303 1642 412 1681 lecti03
429 1653 500 1673 cum
516 1643 547 1673 in
557 1643 711 1680 omnibus,
725 1647 856 1684 portavit
869 1647 905 1676 ab

243 1690 339 1726 Indis,
359 1691 517 1731 Raptaque
531 1694 583 1728 sic,
595 1693 760 1734 legeretur.
789 1694 902 1736 Neque

243 1746 348 1770 tamen
372 1740 453 1782 prior
477 1741 532 1771 illa
553 1752 615 1772 non
639 1748 735 1773 recta.
764 1743 902 1775 NAUGE-

244 1800 330 1820 mus.
360 1790 572 1821 Andromedan
597 1790 678 1832 lege,
703 1798 738 1822 ut
760 1792 904 1824 meliores

240 1838 324 1869 libri.
341 1839 424 1880 quod
436 1839 502 1880 jam
518 1840 624 1870 monui
640 1841 720 1871 notis
737 1841 777 1872 ad
801 1842 901 1883 Epist.

241 1887 330 1918 xviii.
356 1899 436 1919 vers.
466 1890 537 1920 149.
561 1889 593 1920 in
618 1890 730 1920 ceteris
751 1891 902 1932 Naugerii

241 1937 451 1978 conjecturam
461 1939 678 1980 expressimus.
703 1940 785 1970 Nam
797 1940 902 1982 scripti

241 1986 364 2018 codices
391 1998 464 2018 cum
501 1987 645 2029 vulgatis,
681 1991 823 2028 portavit,
856 1996 899 2026 et,

242 2035 401 2075 Raptaque
413 2038 466 2066 sic.
491 2037 610 2067 Hiems.

287 2085 329 2114 Ab
345 2084 462 2125 Indis]
498 2086 545 2115 Ex
570 2086 655 2116 Urbe
672 2087 774 2128 Joppe
791 2086 899 2127 depor-

240 2133 328 2170 tavit,
344 2139 376 2164 ut
391 2135 482 2165 docet
496 2135 596 2171 Mela,
613 2135 668 2166 lib.
684 2137 706 2166 i.
723 2135 757 2166 ii.
775 2141 806 2166 et
819 2136 900 2168 Plin.

240 2183 296 2213 lib.
315 2194 346 2213 v.
367 2184 415 2214 13.
430 2184 484 2214 sed
510 2184 631 2215 Indiam
654 2184 728 2215 olim
751 2184 901 2216 latissime

240 2232 357 2263 dictam
376 2233 482 2264 multis
504 2233 639 2264 ostendit
662 2233 769 2275 Ampl.
785 2234 900 2276 Cuper.

239 2282 281 2312 iv.
298 2282 375 2312 Obs.
396 2282 427 2312 7.

283 2331 335 2361 57.
352 2330 495 2371 Gargara
510 2337 577 2371 quot
593 2338 701 2372 segetes
715 2331 790 2372 δια]
826 2332 903 2362 Pars

242 2379 307 2409 Idae
333 2378 445 2409 montis
469 2384 501 2409 et
524 2380 674 2421 oppidum
699 2380 729 2410 in
758 2381 900 2418 Troade3

241 2439 310 2469 quae
327 2428 410 2468 regio
428 2428 586 2459 fertilitate
609 2428 811 2465 nobilissima,
827 2440 898 2470 par-

242 2477 297 2507 tim
312 2476 381 2509 caeli
397 2477 574 2513 clementia,
590 2477 701 2518 partim
716 2477 794 2508 situs
807 2478 902 2519 ipsius

240 2526 391 2556 felicitate
406 2526 463 2556 sub
478 2531 582 2556 monte
596 2526 664 2562 Ida,
682 2526 763 2557 unde
787 2538 901 2568 magna

242 2575 374 2605 rivorum
413 2580 445 2605 et
481 2586 629 2616 aquarum
660 2576 751 2617 copia
784 2576 901 2606 vicinos

243 2634 332 2662 agros
362 2624 688 2658 thcumlaban-Qm
717 2626 799 2655 habat
836 2625 899 2654 Me-

244 2674 364 2711 thymna
384 2684 519 2703 racemos.
556 2674 596 2703 Ut
615 2684 728 2703 messes
740 2685 811 2704 suos
821 2674 899 2704 (iar-

240 2732 323 2759 gara,
345 2722 386 2752 sic
413 2733 487 2753 uvas
512 2723 679 2754 mirabatur
702 2723 899 2764 Methymna,

971 1552 1041 1583 quae
1059 1542 1131 1572 urbs
1144 1541 1176 1571 in
1192 1541 1294 1572 insula
1310 1541 1421 1571 Lesbo.
1465 1539 1581 1570 Amn.

1014 1593 1065 1623 59.
1084 1592 1163 1626 Quot
1178 1593 1281 1622 crelam
1295 1590 1426 1630 stellas]
1465 1588 1632 1620 Distichon

972 1641 1028 1672 hoc
1044 1652 1104 1672 non
1121 1652 1187 1671 esse
1210 1640 1375 1671 Ovidianae
1399 1645 1479 1670 notae
1503 1644 1631 1669 conten·

971 1690 1022 1727 do,
1038 1691 1238 1721 Pentameter
1252 1700 1289 1720 ex
1306 1689 1368 1719 illis
1391 1688 1496 1719 Nostri
1521 1688 1629 1718 adum-

970 1741 1077 1771 bratus
1090 1746 1136 1771 est
1150 1740 1259 1770 Amor.
1275 1739 1332 1770 lib.
1350 1739 1369 1769 i.
1385 1738 1477 1779 Eleg.
1494 1737 1561 1768 viii.

1016 1790 1108 1820 Nunc
1125 1790 1211 1820 Mars
1233 1790 1361 1819 cateruis
1383 1791 1496 1818 animos
1518 1794 1631 1818 exercet

1057 1841 1089 1869 in
1106 1840 1212 1869 armis:

1015 1890 1055 1919 Ac
1076 1889 1173 1919 Venus
1188 1888 1289 1918 AEneae
1304 1894 1411 1929 ¹regnat
1428 1889 1459 1917 in
1475 1888 1547 1917 urbe
1561 1889 1619 1918 sui.

1468 1936 1587 1966 Hmss.

1013 1986 1086 2025 62.]
1127 1985 1203 2016 Vera
1228 1985 1364 2025 puellm]
1416 1984 1516 2015 Grata
1552 1995 1632 2015 unus

970 2034 1103 2065 Heinsii.
1133 2035 1282 2065 Francius
1309 2034 1494 2075 conjecerat,
1521 2045 1630 2064 verna:

968 2083 1023 2114 sed
1052 2083 1177 2114 frustra.
1207 2095 1280 2114 vera
1309 2089 1366 2119 est,
1399 2082 1570 2124 juvencula
1600 2082 1631 2112 in

968 2133 1066 2174 primo
1081 2133 1165 2163 flore.
1210 2133 1327 2163 Eoum.

1012 2182 1065 2212 66.
1083 2182 1223 2212 Crebrius
1245 2193 1351 2223 agmen
1375 2181 1464 2221 erit]
1503 2181 1631 2211 Plenius

969 2231 1096 2261 meliora
1110 2230 1312 2272 exemplaria.
1328 2230 1423 2271 idque
1443 2235 1632 2266 constanter,

969 2286 1000 2311 et
1024 2286 1120 2311 recte.
1143 2280 1187 2311 sic
1208 2282 1330 2321 plenum
1343 2281 1437 2320 filnm
1460 2291 1513 2321 pro
1532 2280 1630 2311 denso

970 2335 1023 2360 aut
1046 2340 1159 2365 crasso,
1175 2329 1252 2360 libro
1276 2329 1321 2360 iii.
1346 2330 1421 2359 267.
1451 2329 1626 2360 Ilnmsxus.

970 2379 1088 2418 Recte3
1109 2381 1231 2419 plenum
1246 2391 1351 2421 agmen
1366 2378 1448 2409 enim
1465 2378 1548 2408 idem
1571 2385 1629 2415 est,

968 2429 1051 2470 quod
1077 2431 1200 2459 densum
1223 2429 1303 2459 dixit
1331 2427 1433 2470 Epist.
1461 2427 1525 2458 xvi.
1557 2430 1628 2460 183.

966 2480 1088 2518 plenum
1109 2480 1275 2509 convivium
1297 2477 1442 2508 Suetonio
1466 2477 1548 2508 Caes.
1576 2479 1628 2509 49.

969 2533 1000 2558 et
1015 2527 1102 2559 alibi.
1125 2528 1209 2569 quod
1230 2527 1334 2558 nescio
1358 2537 1396 2557 an
1420 2533 1502 2556 recte
1524 2527 1627 2568 copio-

969 2588 1036 2606 sum
1052 2582 1208 2618 exponant
1231 2575 1287 2607 viri
1310 2575 1406 2612 docti,
1423 2586 1493 2605 cum
1518 2575 1628 2606 melius

969 2626 1007 2656 de
1022 2626 1219 2657 convivarum
1245 2625 1417 2670 frequentia
1439 2624 1627 2667 capiendum

970 2675 1120 2706 videatur.
1165 2676 1281 2706 Bi'nn.
