1849 3198
623 226 968 271 HEROIDES.
1000 227 1093 268 ΕΡ.
1126 226 1189 268 ΙΙ.
1541 221 1598 263 23

212 346 397 395 Moesta
419 352 586 394 tamen
609 343 841 409 scopulos
865 342 1201 406 fruticosaque
1226 341 1369 390 litora
1391 341 1545 398 calco,

275 423 488 487 Quaque
511 429 685 487 patent
707 420 864 469 oculis
888 435 1089 483 aequora
1110 419 1212 467 lata
1234 420 1375 467 meis.

211 500 326 549 Sive
350 500 430 548 die
454 500 650 547 laxatur
673 498 870 553 humus,
892 513 980 544 seu
1004 496 1183 560 frigida
1205 497 1374 544 lucent

277 578 478 634 Sidera3
507 575 771 641 prospicio,
789 574 901 638 quis
926 573 1054 621 freta
1076 580 1253 621 ventus
1279 580 1408 636 agat.

210 654 276 703 Et
299 670 628 718 quaecumque
652 653 826 718 procul
848 651 1098 700 venientia
1120 652 1273 699 lintea
1295 652 1410 708 vidi,

1508 655 1598 700 125

276 732 508 779 Protinus
533 732 617 779 illa
639 747 776 779 meos
802 746 1014 794 auguror
1038 746 1150 778 esse
1177 730 1329 778 Deos.

210 809 269 856 In
292 809 419 857 freta
441 825 690 874 procurro,
706 808 790 855 vix
814 824 895 856 me
919 808 1247 857 retinentibus
1272 807 1434 864 undis,

277 886 466 934 Mobile
491 902 592 950 qua
614 886 798 950 primas
822 886 1029 950 porrigit
1052 902 1222 950 aequor
1247 901 1418 949 aquas.

212 963 322 1018 Quo
341 964 498 1027 magis
517 964 768 1012 accedunt
785 982 796 1022 3
819 964 982 1012 minus
1002 971 1052 1012 et
1070 964 1232 1011 minus
1251 963 1384 1011 utilis
1404 963 1545 1011 adsto
1564 979 1574 1011 :

278 1041 511 1105 Linquor,
529 1049 580 1089 et
604 1042 794 1089 ancillis
820 1042 1120 1107 excipienda
1143 1042 1283 1089 cado.

1508 1044 1600 1088 130

211 1117 303 1166 Est
327 1119 478 1176 sinus,
497 1119 738 1167 adductos
764 1121 958 1169 modice
982 1121 1192 1168 falcatus
1217 1121 1267 1167 in
1292 1135 1451 1176 arcus,

277 1196 467 1244 Ultima
488 1196 739 1261 praerupta
762 1213 947 1246 cornua
969 1199 1099 1246 mole
1123 1198 1299 1261 rigent.

211 1272 342 1321 Hinc
367 1275 487 1321 mihi
511 1275 793 1339 suppositas
819 1276 1084 1324 immittere
1104 1290 1283 1339 corpus
1309 1274 1359 1321 in
1382 1274 1541 1321 undas

277 1349 425 1398 Mens
449 1351 567 1408 fuit;
596 1359 661 1408 et,
679 1353 911 1415 quoniam
936 1352 1104 1401 fallere
1129 1351 1312 1416 pergis,
1332 1351 1438 1398 erit.

211 1426 291 1475 Ad
315 1435 402 1475 tua
425 1444 505 1476 me
529 1429 709 1476 fluctus
735 1431 1009 1493 projectam
1032 1430 1176 1478 litora
1199 1436 1414 1493 portent,

1509 1431 1598 1476 135

282 1504 656 1569 Occurramque
681 1506 836 1554 oculis
862 1507 1158 1556 intumulata
1181 1506 1295 1553 tuis.

258 1673 330 1704 126.
358 1672 439 1703 Meos
473 1672 580 1713 Deos.]
620 1673 696 1705 Vid.
726 1673 872 1705 Parrhas.

212 1721 352 1760 Quaesita
365 1733 420 1764 per
434 1722 534 1764 Epist.
547 1723 602 1754 35.

258 1771 330 1801 127.
348 1770 386 1801 In
397 1771 486 1812 freta
504 1783 659 1811 procurro,
674 1774 723 1803 vix
742 1783 786 1803 me
802 1775 873 1803 reti-

212 1821 350 1851 nentibus
364 1822 464 1856 undis,
481 1821 590 1852 Mobile
610 1833 668 1862 qua
681 1823 792 1861 primas
804 1833 872 1861 por-

213 1871 288 1911 rigit
302 1880 399 1909 aequor
413 1870 532 1910 aquas]
560 1870 610 1901 De
627 1870 790 1906 Remedio,
799 1871 873 1902 597.

258 1919 377 1959 Pe²1fitl2
399 1919 583 1958 Demophoon
598 1921 703 1950 surdas
727 1921 874 1950 clamabat

299 1969 337 1998 ad
354 1969 460 2004 uncias,

257 2017 415 2058 Raptaque
444 2019 583 2060 singultu
616 2019 702 2049 verba
732 2019 875 2059 loquentis

298 2073 397 2097 erant.

258 2116 355 2147 Limes
373 2123 438 2147 erat
454 2118 563 2153 tenuis,
579 2117 667 2159 longa
681 2118 734 2147 sub
748 2118 875 2148 nubibus

298 2166 415 2201 umbra,

260 2215 326 2249 Quo
336 2215 407 2245 tulit
419 2215 473 2245 illa
485 2225 549 2245 suos
559 2215 598 2244 ad
611 2225 690 2244 mare
700 2225 771 2253 serpe
780 2216 875 2253 pedes.

732 2263 873 2294 Cmmx.

260 2313 333 2343 129.
358 2312 463 2343 Minus
485 2319 513 2343 ec
537 2314 635 2343 minus
658 2314 743 2342 utilis
759 2313 870 2353 adsta]

216 2361 325 2392 Latere
341 2360 460 2402 aliquid
476 2361 596 2391 mendae
612 2361 760 2403 suspicor.
786 2362 874 2393 Forte

215 2411 301 2441 utilis
320 2417 404 2447 actoe,
420 2417 451 2441 ct
473 2417 626 2447 construe,
641 2422 696 2451 quo
717 2412 808 2452 magis
825 2423 874 2441 ac-

215 2461 326 2490 cedunt
348 2466 433 2490 actae.
458 2460 631 2491 mesws.
678 2461 791 2491 Durior
810 2460 875 2491 haec

216 2510 406 2551 conjectura.
435 2509 616 2551 simpliciter
643 2521 730 2552 cape,
760 2509 875 2551 aequori

216 2558 315 2595 adsto,
331 2558 432 2589 minus
455 2564 485 2589 et
507 2558 607 2590 minus
630 2570 753 2601 compos
769 2570 877 2591 seusus

217 2612 249 2638 et
264 2608 387 2638 mentis.
416 2608 457 2639 Ut
472 2608 542 2638 infr.
561 2608 620 2650 Ep.
633 2608 674 2638 iv.
686 2609 718 2639 7.

392 2655 448 2686 Ter
462 2658 580 2687 inutilis
595 2658 675 2687 hasit

263 2704 395 2746 Lingua.

699 2708 813 2737 BURM.

986 1674 1059 1705 132.
1087 1673 1207 1704 Cornua
1232 1673 1304 1703 mole
1325 1671 1453 1713 rigent]
1491 1671 1603 1702 Fronte

940 1723 1037 1754 codex
1057 1722 1171 1764 Angeli
1194 1721 1321 1763 Aprosis
1338 1720 1530 1757 Vintimiliae,
1545 1720 1602 1751 viri

940 1772 1047 1814 optimi
1060 1778 1090 1803 et
1105 1770 1329 1802 officiosissimi.
1354 1771 1528 1801 mesms.
1552 1770 1603 1801 Ita

941 1827 972 1851 et
989 1822 1020 1851 in
1036 1820 1242 1851 Ambrosiano
1264 1819 1371 1850 codice
1390 1819 1513 1861 legitur,
1531 1829 1601 1861 quae

941 1869 1032 1900 lectio
1048 1870 1086 1900 ab
1102 1869 1226 1900 indocto
1240 1867 1365 1898 librario
1384 1868 1534 1910 proficisci
1549 1879 1602 1898 ne-

941 1918 1032 1960 quiit.
1048 1917 1190 1960 quamvis
1204 1919 1286 1948 enim
1301 1917 1405 1948 omnia
1419 1924 1525 1949 contra
1540 1918 1603 1949 vim

942 1978 1092 2008 aquarum
1115 1967 1251 1997 excitata
1274 1977 1366 2008 opera
1389 1968 1474 1997 moles
1495 1966 1603 1998 dican-

941 2022 1001 2053 tur,
1017 2017 1175 2058 eleganter
1194 2023 1299 2046 tamen
1315 2014 1483 2047 eminentia
1496 2016 1528 2047 in
1542 2016 1604 2048 illis

941 2065 1011 2096 loca
1015 2066 1138 2108 frontes
1152 2065 1307 2101 dicuntur,
1318 2071 1353 2096 ut
1367 2064 1411 2096 ita
1425 2065 1475 2095 hic
1490 2065 1522 2096 in
1537 2076 1602 2096 cor-

943 2115 1034 2145 nibus
1057 2115 1139 2145 frons
1164 2120 1228 2152 est;
1260 2114 1396 2145 Parnaso
1423 2113 1468 2145 sic
1497 2115 1604 2147 tribuit

943 2164 1093 2205 Virgilius
1108 2163 1140 2193 in
1156 2163 1265 2194 Culice
1280 2163 1331 2194 15.

1159 2214 1217 2244 Seu
1232 2224 1290 2253 qua
1309 2213 1459 2243 Parnasia
1474 2224 1561 2252 rupes

988 2262 1071 2292 Hinc
1095 2269 1182 2302 atque
1206 2263 1275 2292 hinc
1301 2262 1410 2302 patula
1435 2265 1603 2303 prcrpanclit

1027 2324 1138 2342 cornua
1146 2311 1264 2353 fronte.

943 2361 1025 2391 Vide
1042 2361 1130 2403 Virg.
1144 2361 1167 2392 i.
1184 2361 1313 2391 AEneid.
1332 2361 1402 2391 166.
1415 2367 1446 2391 et
1456 2361 1603 2393 Nostrum

943 2410 986 2440 iv.
1000 2412 1074 2441 525.
1092 2411 1145 2441 ubi
1167 2410 1323 2440 montibus
1336 2409 1457 2452 frontes
1478 2410 1602 2441 dantur.

943 2465 974 2490 et
989 2459 1072 2489 Plin.
1087 2459 1141 2489 xii.
1154 2460 1186 2489 7.
1215 2459 1353 2489 Frontem
1372 2458 1499 2489 Caucasi
1514 2459 1604 2490 dixit.

943 2515 974 2539 et
995 2508 1047 2539 alii
1070 2509 1196 2551 passim.
1220 2515 1251 2539 et
1275 2508 1319 2538 ita
1343 2508 1445 2540 Graeci
1469 2508 1603 2550 μέτωπα

945 2564 1055 2588 vocant
1091 2557 1300 2601 procurrentia
1337 2557 1368 2589 in
1411 2569 1494 2589 mare
1523 2559 1603 2590 loca.

944 2607 1062 2638 Burni.

991 2656 1064 2686 134.
1091 2656 1191 2697 Eritss]
1210 2656 1314 2687 Mens.
1363 2656 1456 2688 Cior.

990 2755 1049 2786 C4
