1849 3198
196 189 281 230 356
590 191 638 230 P.
672 189 887 232 OVIDII
920 191 1200 234 NASONIS

200 303 430 367 Denique
456 322 581 369 quas
608 307 712 352 tota
733 307 1001 370 quisquam
1024 308 1201 370 probet
1222 307 1360 355 Urbe
1379 310 1588 372 puellas,

266 381 448 430 Noster
472 384 521 430 in
547 383 635 430 has
661 399 833 431 omnes
859 384 1152 431 ambitiosus
1178 400 1331 432 amor.

670 603 993 650 ELEGIA
1053 604 1113 651 V.

197 704 376 751 Nullus
402 721 537 751 amor
561 705 684 751 tanti
712 711 809 759 est3
851 704 1041 765 (abeaS,
1060 704 1344 767 pharetrate
1366 706 1587 770 Cupido)

263 782 334 830 Ut
357 783 476 829 mihi
502 782 600 829 sint
624 782 771 829 toties
797 780 1016 827 maxima
1038 787 1153 827 vota
1179 782 1319 828 mori.

193 857 323 906 Vota
346 860 467 906 mori
494 875 606 906 mea
631 865 760 913 sunt,
789 874 902 905 cum
928 865 977 905 te
1003 874 1243 921 peccasse
1271 860 1517 907 recordor.

260 936 357 984 Hei
382 938 518 993 mihi,
546 944 843 1000 perpetuum
869 943 985 983 nata
1009 936 1177 998 puella
1201 936 1406 983 malum!

193 1013 307 1061 Non
333 1015 452 1060 mihi
478 1015 655 1061 deletae
681 1014 871 1061 nudant
895 1021 982 1060 tua
1005 1013 1137 1060 facta
1159 1015 1380 1062 tabellae:
1555 1019 1584 1062 5

258 1091 373 1139 Non
398 1092 515 1139 data
538 1092 715 1139 furtive
742 1107 946 1138 munera
970 1091 1157 1138 crimen
1182 1091 1383 1138 habent.

191 1168 234 1214 O
263 1169 450 1216 utinam
476 1185 733 1232 arguerem
760 1169 846 1225 sic,
874 1175 929 1216 ut
952 1185 1051 1215 non
1074 1168 1272 1216 vincere
1297 1170 1518 1232 possem!

256 1245 343 1293 Me
368 1246 624 1293 miserum!
664 1262 816 1309 quare
841 1252 943 1292 tam
968 1246 1100 1292 bona
1124 1261 1302 1293 caussa
1326 1262 1438 1293 mea
1462 1247 1568 1293 est?

191 1323 347 1379 Felix,
376 1325 461 1386 qui
487 1324 620 1387 quod
647 1332 780 1371 amat
804 1323 1070 1370 defendere
1095 1322 1284 1370 fortiter
1309 1323 1482 1370 audet:

256 1400 351 1447 Cui
378 1417 482 1457 sua,
511 1400 627 1448 Non
651 1401 762 1456 feci,
790 1401 957 1448 dicere
983 1399 1144 1446 amica
1167 1406 1349 1463 potest.
1526 1403 1584 1447 10

190 1477 398 1525 Ferreus
424 1486 515 1534 est,
544 1479 851 1542 nimiumque
878 1493 968 1525 suo
993 1477 1124 1525 favet
1148 1478 1230 1525 ille
1254 1478 1425 1534 dolori,

256 1555 351 1601 Cui
376 1557 561 1619 petitur
583 1557 716 1603 victa
742 1556 908 1619 palma
932 1562 1136 1602 cruenta
1161 1556 1258 1602 rea.

189 1630 305 1695 Ipse
330 1632 479 1679 miser
502 1632 618 1687 vidi,
647 1649 760 1680 cum
786 1650 866 1681 me
887 1634 1102 1680 dormire
1128 1640 1346 1696 putares,

256 1708 460 1756 Sobrius
488 1709 715 1772 adposito
742 1712 949 1758 crimina
971 1718 1135 1758 vestra
1161 1727 1311 1758 mero.

189 1785 351 1832 Multa
369 1786 634 1849 supercilio
660 1787 757 1834 vidi
782 1787 1006 1835 vibrante
1031 1788 1311 1850 loquentes,
1523 1792 1581 1835 15

254 1862 473 1910 Nutibus
499 1863 548 1909 in
572 1865 747 1911 vestris
773 1881 886 1929 pars
913 1865 1044 1911 bona
1067 1865 1201 1911 vocis
1224 1871 1344 1911 erat.

187 1939 301 1987 Non
326 1941 456 1987 oculi
481 1947 682 1989 tacuere
708 1942 796 1997 tui,
825 1943 1210 2005 conscriptaque
1235 1942 1348 1989 vino

252 2017 452 2071 Mensa;
494 2034 584 2065 nec
611 2018 659 2064 in
685 2019 853 2081 digitis
877 2019 1022 2066 litera
1046 2019 1180 2066 nulla
1203 2018 1310 2066 fuit.

188 2095 477 2142 Sermonem
504 2098 699 2158 agnovi,
729 2097 863 2160 quod
890 2113 986 2144 non
1011 2097 1252 2153 videatur,
1280 2104 1533 2159 agentem;

250 2171 515 2235 Verbaque
541 2190 630 2237 pro
657 2175 804 2221 certis
824 2176 966 2236 jussa
990 2174 1150 2221 valere
1176 2174 1321 2221 notis.
1515 2179 1578 2222 20

180 2309 296 2344 egerat.
333 2304 388 2334 sed
424 2305 630 2336 lasciviorem.
661 2317 757 2347 quare
787 2318 845 2347 ego
914 2308 1053 2346 opposita.
1070 2313 1103 2337 ut
1119 2311 1216 2336 status
1231 2304 1413 2336 dormientis
1427 2306 1458 2336 in
1481 2306 1578 2337 tricli-

180 2363 240 2383 non
270 2353 388 2384 alienus
414 2363 512 2384 essem
542 2355 581 2385 ab
612 2355 669 2386 hac
698 2356 842 2397 lectione,
913 2356 974 2391 nio,
1005 2366 1098 2386 manu
1123 2355 1162 2386 ad
1187 2366 1220 2385 os
1243 2359 1276 2386 et
1300 2355 1405 2385 oculos
1427 2355 1579 2397 opposita,

179 2412 248 2442 quae
265 2402 441 2432 exhiberet:
923 2404 1076 2435 ndicetur.
1098 2403 1168 2435 vide
1193 2404 1233 2434 ad
1256 2403 1382 2434 Petron.
1408 2414 1479 2445 cap.
1504 2404 1579 2435 lxvi.

223 2451 296 2482 Ha‘c
305 2453 409 2482 melior
416 2455 519 2492 specie,
528 2455 652 2484 motibus
664 2456 716 2485 illa
727 2457 837 2494 placet.
910 2453 1028 2482 BURM·

178 2501 221 2530 Ut
237 2500 347 2530 eadem
363 2500 413 2531 hic
429 2501 468 2531 sit
484 2502 647 2533 diversitas
661 2503 740 2534 inter
760 2505 838 2537 duas
953 2501 1002 2532 16-
1029 2501 1105 2530 Pars
1122 2501 1224 2541 boum]
1260 2501 1337 2531 Pffl'S
1360 2508 1449 2541 quota
1470 2502 1574 2543 conje-

176 2549 307 2589 puellas,
323 2560 392 2590 quae
410 2550 490 2580 inter
513 2551 666 2592 Phlogida
688 2558 719 2583 et
743 2554 836 2585 Chio·
905 2556 990 2581 cerat
1005 2557 1034 2581 θῒ
1051 2550 1100 2579 hic
1115 2550 1274 2586 HCissSiUSs
1289 2555 1324 2580 Ut
1340 2550 1430 2586 alibis
1441 2550 1495 2581 sed
1507 2563 1577 2590 Pffl's

177 2609 235 2628 nen
252 2598 334 2639 apud
353 2599 491 2629 Martial.
515 2599 569 2630 lib.
593 2600 634 2631 xi.
658 2601 763 2643 Epigr,
787 2604 838 2634 61,
908 2601 982 2629 bona
995 2598 1229 2629 usitatissimum
1244 2605 1290 2630 est
1300 2610 1354 2641 pro
1368 2610 1493 2640 magna.
1506 2600 1576 2635 Ter,

180 2647 292 2677 ΒυηΜ.
911 2648 1054 2679 Eunuch.
1068 2648 1087 2677 i.
1104 2648 1134 2678 2.
1151 2654 1182 2679 et
1197 2648 1266 2689 quis
1282 2650 1364 2679 non?
1402 2649 1520 2679 Euam.

222 2697 269 2726 14.
293 2698 430 2736 Apposito
457 2698 561 2737 mera]
610 2699 646 2729 In
678 2700 839 2742 Excerptis
953 2703 1000 2733 19.
1028 2703 1113 2736 Quod
1151 2715 1209 2733 mm
1241 2705 1381 2733 videatur
1410 2703 1573 2744 agentem]

176 2744 306 2775 Puteani
323 2752 400 2779 erat,
418 2749 547 2785 apposita
564 2760 666 2777 manv.
690 2750 767 2779 forto
785 2761 837 2790 pro
907 2753 1072 2782 Amatores
1088 2752 1170 2782 enim
1195 2752 1334 2794 pluribus
1358 2753 1573 2794 prmsoutibus,
