1849 3198
251 230 335 271 116

641 230 690 270 Ρ.
724 229 935 271 OVIDII
969 230 1247 272 NASONIS

256 344 327 392 Ut
349 343 574 407 Tegeeus
600 360 718 409 aper
741 346 1067 410 cupressifero
1094 345 1400 409 Erymantho

322 421 548 478 Incubet,
576 429 625 470 et
647 430 785 470 vasto
810 424 1026 486 pondere
1051 424 1198 470 laedat
1223 422 1459 469 humum?

255 498 369 545 Non
396 499 483 546 tibi
507 498 747 546 Threiciis
772 500 936 547 adfixa
960 500 1221 564 penatibus
1247 515 1346 553 ora,

321 576 435 623 Non
460 576 712 623 hominum
736 576 945 639 pingues
971 577 1106 623 caede
1131 583 1356 624 tacentur
1380 591 1519 638 equae
1536 575 1554 621 ’ἒ
1570 577 1633 622 90

255 652 646 716 Prodigiumque
670 653 868 716 triplex,
891 653 1097 699 armenti
1122 653 1257 699 dives
1285 652 1433 706 Iberi,

322 730 609 794 Geryones3
650 730 872 793 quamvis
898 730 947 776 in
970 730 1126 776 tribus
1150 746 1277 776 unus
1303 730 1434 776 erat?

256 806 416 871 Inque
441 823 589 855 canes
614 807 822 855 totidem
845 815 1020 854 trunco
1045 807 1267 869 digestus
1293 807 1354 853 ab
1380 821 1477 852 uno

323 884 584 941 Cerberos,
611 884 861 948 implicitis
887 901 1046 949 angue
1071 884 1288 932 minante
1313 883 1501 931 comis?

256 960 482 1025 Quaeque
506 962 816 1009 redundabat
838 962 1048 1010 secundo
1072 962 1272 1009 vulnere
1298 976 1500 1025 serpens

1569 961 1632 1006 95

324 1037 534 1094 Fertilis,
562 1046 612 1086 et
635 1038 827 1086 damnis
853 1039 989 1087 dives
1015 1039 1076 1086 ab
1101 1039 1210 1102 ipsa
1234 1037 1370 1085 suis?

255 1187 365 1218 eadem
381 1187 570 1218 narratione:
591 1187 689 1219 Tanta
703 1191 912 1230 magnitudine

254 1244 289 1267 m
318 1238 466 1277 completa
483 1237 582 1278 ⁸facili
609 1239 752 1273 (inibiunl,
779 1249 912 1278 vestitque

254 1288 325 1316 nodi
337 1288 564 1327 praestringant.
590 1286 643 1317 ubi
659 1287 760 1328 plura.
775 1287 818 1318 sic
834 1293 865 1318 et
880 1288 911 1318 in

255 1335 434 1366 Palaestrica
449 1337 537 1365 nodos
550 1334 708 1372 dicebant,
724 1336 837 1377 quibus
852 1336 913 1366 illi-

255 1385 409 1424 gabantur
434 1384 610 1415 luctatores.
634 1384 672 1415 de
698 1385 812 1426 quibus
834 1385 912 1417 Dia-

254 1434 333 1465 tribe
349 1434 387 1465 ad
400 1433 500 1465 Silvas
514 1434 670 1465 Statianas
685 1434 804 1466 erudite
815 1436 914 1466 multa

255 1482 409 1524 congessit
429 1482 623 1514 doctissimus
647 1483 821 1514 Gronovius
839 1494 910 1526 cap.

255 1542 330 1562 xxv.
367 1531 422 1563 hos
451 1537 554 1562 autem
588 1532 776 1573 serpentium
804 1533 911 1569 nodos,

255 1580 352 1610 nodos
366 1580 510 1610 Herculis
525 1580 735 1621 appellabant,
747 1586 825 1612 teste
840 1582 912 1612 Ma-

256 1628 370 1665 crobio,
386 1631 424 1660 ab
444 1629 502 1660 hac
525 1630 669 1660 Herculis
693 1629 818 1661 infantis
840 1641 911 1661 cum

255 1678 448 1719 serpentibus
484 1677 582 1708 lucta.
636 1678 668 1709 Is
702 1679 912 1709 Saturnalium

255 1726 352 1768 primo
375 1738 445 1769 cap.
462 1727 526 1757 xix.
550 1726 603 1757 ubi
627 1727 691 1768 agit
713 1728 752 1758 de
775 1728 911 1759 caduceo

256 1776 420 1806 Mercurii:
443 1775 477 1805 H
478 1777 487 1805 ι’
501 1777 641 1806 dracimes
653 1783 739 1815 parte
754 1777 849 1806 media
863 1788 910 1807 vo-

257 1825 378 1855 luminis
391 1827 437 1855 sui
459 1827 584 1855 invicem
606 1827 691 1861 nodo,
706 1837 790 1865 quem
804 1833 911 1857 vocant

257 1873 409 1910 Herculis,
430 1875 614 1915 obligantur,
634 1876 791 1914 pritnaeque
811 1882 911 1915 partes

254 1933 366 1959 eorum,
376 1922 489 1964 rey‘leccae
501 1924 533 1952 in
548 1923 697 1952 circulum
711 1925 814 1962 pressis
827 1934 909 1953 oscil-

257 1972 293 2001 lis
320 1973 463 2002 ambitum
487 1972 595 2002 circuli
613 1974 769 2013 jungunt,
793 1978 820 2002 et
846 1980 910 2012 post

256 2022 366 2050 nodum
388 2021 491 2050 caudae.
512 2027 692 2050 revocantur
711 2021 749 2050 ml
771 2022 911 2060 capulum

254 2071 391 2100 caducei.
414 2081 478 2099 mox
500 2080 581 2098 amm·
596 2070 691 2099 osculo
708 2071 910 2110 significatur,

255 2120 408 2149 ‘necessitas
422 2120 506 2148 nodo.
528 2117 625 2148 habes
639 2128 711 2148 ecce
729 2121 815 2149 nodos
832 2119 911 2150 Her·

255 2167 331 2197 culis
362 2167 394 2198 in
426 2167 631 2208 serpentibuS.
678 2166 798 2197 Plinius
832 2167 912 2199 libro

257 2215 365 2247 xxviii.
382 2226 449 2257 cap.
465 2215 506 2246 vi.
534 2215 666 2245 Vulnera
680 2217 754 2246 nodo
770 2216 912 2248 Hei-(ullis

255 2266 413 2306 praeligure
426 2266 535 2294 mirum
546 2271 689 2304 quantum
702 2267 805 2295 ocioris
820 2268 911 2296 medi-

257 2315 330 2344 cinti¹
341 2320 392 2344 est.
404 2313 447 2344 sic
458 2313 568 2344 scribo.
592 2312 912 2354 (h·aecis‘I{p('ric>xei‹w

258 2363 361 2404 ι’ίμμα,
377 2362 415 2393 de
431 2373 492 2403 quo
516 2361 634 2392 Medici
652 2368 682 2392 et
697 2362 912 2403 Athenagoras

257 2422 311 2452 pro
327 2411 520 2442 Christianis.
562 2412 618 2442 Est
633 2417 737 2442 autem
752 2412 809 2442 hoc
825 2411 912 2443 disti-

258 2460 337 2490 chon
354 2459 531 2502 εἰρωνικὸν,
546 2460 626 2501 quod
644 2460 711 2491 loco
726 2460 855 2497 foedum,
868 2462 912 2492 uti

258 2515 396 2550 apparet,
412 2509 443 2539 in
464 2509 587 2539 modum
612 2509 824 2550 interpolando
839 2521 911 2541 cau-

258 2569 322 2589 sam
338 2557 459 2588 dedisse
475 2568 535 2588 non
551 2558 694 2598 exiguam
718 2558 852 2589 videtur.
874 2560 912 2590 de

259 2608 342 2637 mulis
357 2607 533 2646 capillorum
548 2606 625 2637 libro
641 2606 686 2637 iii.
716 2606 802 2637 Artis
816 2607 912 2638 Ama-

258 2655 343 2685 torioe
368 2666 398 2684 v.
424 2656 494 2686 139.
520 2666 625 2686 sumus
649 2655 771 2686 dicturi.
810 2656 911 2686 Hism-

259 2715 341 2734 sms.
387 2703 506 2734 Heinsii
530 2705 707 2745 conjectura
725 2705 846 2745 egregie
862 2705 910 2735 fir—

260 2758 360 2783 matur
375 2763 412 2783 ex
429 2751 556 2794 antiqua
571 2753 679 2784 Statua
694 2753 777 2785 urbis
793 2753 912 2790 Romae,

978 1199 1047 1229 quae
1076 1187 1156 1219 inter
1184 1198 1236 1219 eas
1265 1185 1451 1229 conspicitur
1473 1196 1546 1227 pag.
1572 1185 1634 1216 xvi.

978 1248 1071 1278 quam
1094 1238 1253 1269 consulere
1277 1243 1307 1267 et
1329 1236 1442 1266 intueri
1457 1246 1555 1277 operae
1579 1235 1636 1265 erit

977 1287 1123 1327 pretium.

1024 1337 1076 1367 87.
1108 1334 1339 1376 Ciipressg'ferm]
1379 1333 1418 1364 In
1445 1333 1636 1375 cypi·ess{†'e›·0

979 1384 1042 1416 fere
1059 1396 1164 1415 omnes
1179 1384 1294 1426 scripti,
1311 1394 1342 1414 et
1362 1382 1457 1414 editio
1476 1383 1632 1425 princeps,

979 1434 1033 1465 sed
1049 1445 1221 1476 perperam.
1266 1432 1415 1474 Virgilius
1436 1443 1506 1463 vero
1522 1444 1553 1463 v.
1578 1433 1635 1463 AE-

979 1484 1064 1514 neid.
1083 1485 1134 1514 44.
1156 1483 1263 1525 pinum
1284 1482 1369 1513 nasci
1391 1483 1425 1512 in
1444 1482 1635 1523 Erymantho

978 1531 1106 1563 indicat.
1134 1531 1238 1563 nescio
1264 1542 1303 1562 an
1331 1537 1362 1562 et
1391 1532 1430 1561 ob
1456 1542 1634 1573 cupressum

978 1581 1126 1612 Horatius
1140 1582 1162 1611 i.
1181 1580 1245 1611 Od.
1261 1582 1315 1611 21.
1353 1580 1467 1622 Nigrus
1484 1581 1634 1620 Eryman-

979 1631 1023 1660 the&
1033 1632 1118 1661 silvas
1129 1630 1251 1665 dixerit,
1265 1629 1407 1671 quamvis
1420 1636 1451 1660 et
1462 1640 1515 1671 pro
1531 1630 1635 1660 densis

979 1689 1049 1709 cum
1065 1679 1160 1710 veteri
1182 1678 1352 1709 Scholiaste
1368 1678 1507 1720 accipere
1523 1678 1634 1709 liceat:

981 1727 1125 1768 Cyllenen
1150 1728 1244 1758 etiam
1283 1727 1516 1769 C3(]»·ess{fei·‹zm
1546 1734 1636 1759 vocat

979 1776 1092 1807 Noster
1102 1788 1132 1807 v<
1151 1777 1235 1807 Fast.
1253 1777 1306 1806 87.
1352 1776 1469 1806 Eunai.

1021 1825 1072 1856 89.
1097 1826 1203 1866 Aclfim
1224 1825 1406 1865 penatibus]
1433 1825 1480 1855 Ex
1503 1824 1635 1866 Virgilio

977 1880 1133 1916 sumptum
1148 1873 1211 1905 viii.
1231 1874 1302 1904 196.

1150 1923 1330 1963 Fui-ibasque
1345 1923 1442 1963 adfixa
1458 1925 1587 1963 superbis

1022 1971 1085 2001 Ora
1099 1973 1206 2002 virum.

978 2021 1041 2051 Ubi
1055 2021 1135 2051 male
1152 2020 1278 2062 quidam
1302 2021 1409 2061 legunt
1424 2020 1547 2062 finibus
1569 2033 1632 2052 siis-

974 2080 1064 2109 pensa
1078 2071 1218 2109 superbis,
1234 2080 1310 2110 quos
1326 2068 1375 2099 hic
1399 2069 1484 2100 locus
1506 2069 1632 2101 refellit.

978 2118 1098 2148 mes,

1020 2167 1075 2196 95.
1092 2165 1319 2205 Redunrlaluit]
1346 2166 1524 2197 Puteaneus
1536 2178 1553 2197 a
1568 2178 1633 2199 ma-

978 2225 1019 2245 nu
1035 2214 1147 2256 prima.
1161 2237 1169 2245 .
1183 2237 1190 2245 .
1205 2216 1364 2245 .elulub‹zt.
1381 2215 1456 2245 forte
1472 2226 1526 2257 pro
1541 2219 1635 2247 resul-

979 2265 1072 2294 mbae.
1096 2264 1268 2294 Hmssnvs.
1298 2263 1359 2293 Sed
1373 2266 1558 2295 redundabat
1571 2266 1634 2297 ele-

978 2323 1054 2353 gans
1069 2318 1100 2343 et
1112 2313 1252 2354 probum,
1263 2306 1449 2354 Metaphora
1460 2324 1477 2343 a
1489 2314 1634 2346 fluctibus

979 2361 1155 2403 desumpta.
1181 2362 1289 2392 Cicero
1303 2372 1355 2402 pro
1370 2362 1517 2393 Murena.
1534 2373 1563 2394 c.
1581 2365 1634 2395 39.

980 2411 1035 2441 Sed
1051 2412 1121 2450 quid
1138 2412 1344 2451 tundemjiel?
1367 2413 1390 2440 si
1410 2412 1469 2442 lure
1489 2413 1586 2452 elapsa
1598 2416 1634 2445 de

979 2461 1113 2490 manibus
1142 2462 1257 2495 vostrss,
1283 2462 1312 2490 in
1338 2472 1403 2490 eum
1430 2473 1554 2498 aritium,
1583 2465 1634 2503 qui

981 2512 1177 2549 consequitur,
1200 2512 1413 2541 redundarint.
1432 2512 1484 2541 ubi
1505 2524 1533 2542 v.
1572 2514 1633 2545 Ca-

980 2559 1101 2589 merarii
1126 2566 1225 2589 notas,
1257 2566 1288 2590 et
1313 2560 1357 2590 ita
1382 2561 1497 2601 passim
1526 2563 1632 2604 optimi

980 2607 1108 2649 quique.
1153 2609 1270 2639 Evam.

1023 2658 1076 2687 96.
1104 2657 1141 2686 Et
1155 2659 1376 2688 ‹hunnis-ditior
1390 2660 1449 2697 ipsa
1466 2659 1555 2699 suis]
1582 2660 1632 2691 Sic

981 2706 1011 2736 in
1029 2706 1098 2736 eod.
1112 2705 1168 2735 lib.
1186 2712 1216 2736 et
1231 2706 1261 2736 in
1278 2706 1346 2737 aliis
1361 2707 1631 2740 emendatioribus.

980 2764 1102 2796 sequor.
1129 2754 1307 2786 Cionxvs.
1346 2756 1523 2787 Puteaneus
1537 2763 1568 2788 et
1583 2768 1632 2788 ce—
