1849 3198
651 219 948 262 AMORUM.

1013 219 1132 261 LIB.
1166 221 1203 262 I.
1234 221 1274 262 8.
1571 222 1654 264 321

264 336 299 382 F
304 353 457 391 orma,
486 337 578 383 nisi
605 336 855 390 admittas,
882 335 1017 381 nullo
1043 344 1312 384 exercente
1337 338 1581 385 senescit:

331 414 376 459 N
383 430 439 461 ec
466 414 586 461 satis
611 414 817 461 effectus
843 429 971 459 unus
998 420 1047 459 et
1072 414 1195 460 alter
1219 415 1421 462 habent,

263 492 459 538 Certior
483 508 509 538 e
534 492 720 546 multis,
747 506 839 537 nec
864 498 967 537 tam
991 491 1234 538 invidiosa
1257 492 1432 555 rapina
1457 500 1550 539 est.
1589 494 1652 539 55

329 568 487 616 Plena
510 569 644 616 venit
667 568 804 615 canis
829 568 891 615 de
917 584 1068 631 grege
1092 569 1263 632 praeda
1285 569 1432 633 lupis.

266 645 414 701 Ecce,
437 646 558 708 quid
583 646 676 692 iste
701 653 816 692 tuus
842 652 1022 709 praeter
1045 660 1174 692 nova
1197 647 1418 693 carmina
1439 653 1577 694 vates

333 722 499 770 Donat
513 705 574 771 7s
569 723 802 770 amatoris
828 723 983 769 millia
1006 723 1162 770 multa
1185 724 1338 785 leges.

266 799 383 863 Ipse
411 800 548 847 Deus
573 807 758 855 vatum,
784 799 920 862 palla
947 800 1236 863 spectabilis
1263 801 1432 857 aurea,

333 877 534 924 Tractat
557 878 792 925 inauratae
818 893 1036 925 consona
1059 877 1142 924 fila
1165 870 1305 941 lyraess
1592 881 1656 925 60

268 953 365 1007 Qui
390 955 544 1009 dabit,
572 955 653 1002 ille
677 954 767 1002 tibi
792 970 974 1017 magno
999 955 1063 1001 sit
1086 956 1242 1018 major
1267 953 1503 1002 Homero.

335 1031 498 1079 Crede
524 1032 671 1088 mihi3
712 1048 788 1078 res
815 1038 892 1078 est
916 1031 1186 1093 ingeniosa,
1214 1032 1348 1079 dare.

270 1109 376 1155 Nec
402 1116 472 1164 tu,
501 1109 541 1155 si
568 1109 679 1172 quis
705 1109 797 1155 erit
820 1107 998 1171 capitis
1023 1109 1254 1156 mercede
1279 1108 1547 1165 redemtus,

338 1186 571 1249 Despice,
599 1186 796 1250 gypsati
823 1186 1011 1234 crimen
1034 1186 1180 1233 inane
1205 1186 1366 1250 pediS.

270 1262 378 1310 Nec
403 1270 453 1310 te
478 1263 730 1327 decipiant
752 1270 945 1311 veteres
971 1264 1291 1327 quinquatria
1313 1280 1457 1311 cerae.
1595 1267 1657 1312 65

336 1339 475 1387 Tolle
499 1347 610 1387 tuos
635 1346 819 1396 tecum,
846 1356 1037 1404 pauper
1062 1349 1266 1397 amator,
1293 1357 1429 1389 avos.

270 1490 364 1515 ruent.
393 1491 546 1522 autumat,
570 1485 654 1527 quod
674 1486 757 1517 bona
778 1486 874 1517 vestis
893 1485 932 1516 sit

270 1535 383 1575 puellae
400 1534 564 1565 habenda:
590 1534 644 1565 sed
661 1535 771 1566 eodem
786 1535 931 1577 pertinet,

270 1595 330 1624 quo
347 1590 457 1614 cetera:
482 1584 714 1616 similitudines.
740 1592 774 1616 ut
801 1585 841 1616 sit
863 1597 932 1616 sen-

270 1644 339 1665 sus:
365 1633 457 1670 Quod
484 1633 542 1664 nisi
564 1640 650 1665 veste
679 1636 762 1665 bona
784 1635 892 1671 utaris,
915 1646 934 1666 a

269 1682 362 1713 tineis
377 1689 407 1713 et
430 1683 534 1713 mottis
556 1683 752 1714 corrodetur:
783 1684 933 1725 quemad-

271 1732 397 1763 modum
421 1743 465 1763 aes
488 1732 642 1772 rubigine,
668 1732 777 1764 domus
797 1733 858 1764 situ
880 1744 934 1775 pe-

272 1788 360 1812 reunt
375 1793 383 1819 ;
406 1787 454 1812 est
466 1781 549 1811 enim
565 1781 615 1812 liic
629 1783 730 1813 haberi
743 1782 775 1813 in
787 1793 846 1813 usu
856 1793 935 1819 esse,

271 1830 406 1865 tractari,
423 1836 482 1861 ἃς.
508 1831 635 1860 Mun.

318 1881 371 1910 54.
402 1880 464 1909 Nec
489 1881 561 1909 satis
591 1879 742 1920 effectus]
780 1880 848 1911 Hoc
875 1886 934 1916 est,

274 1928 366 1970 pauci
382 1928 478 1969 aliqui
495 1939 555 1958 non
568 1928 727 1958 sufficiunt
744 1929 783 1958 ad
800 1929 856 1959 hoc
873 1930 938 1960 effl-

275 1978 431 2013 ciendum,
456 1977 494 2008 de
527 1988 588 2019 quo
613 1978 705 2008 modo
734 1977 854 2008 dictum
878 1985 937 2009 est.

275 2033 385 2068 estque
407 2026 536 2068 genitivi
559 2038 649 2058 casus
673 2027 806 2069 effectus,
823 2027 876 2068 qui
900 2029 939 2059 ab

276 2076 423 2106 adverbio
437 2078 509 2105 sutis
524 2075 686 2117 dependit.
710 2087 772 2106 non
788 2077 940 2107 accusati-

279 2136 345 2160 vus,
362 2131 396 2155 ut
410 2124 575 2155 somniavit
590 2124 753 2166 interpres.
793 2125 919 2156 Mrem..

321 2175 373 2204 58.
404 2175 553 2204 Amatoris
578 2175 677 2203 millia
707 2175 800 2204 multu
831 2174 937 2215 leges]

279 2223 349 2253 Non
374 2223 462 2265 capio
478 2233 604 2253 sensum
631 2222 740 2253 horum
764 2224 939 2254 verborum.

279 2283 350 2303 nam
366 2272 477 2303 durum
501 2275 768 2308 esset,carminum
791 2273 943 2304 subintel-

280 2322 388 2362 ligere,
403 2328 436 2352 ut
451 2322 572 2353 Murius
588 2321 673 2352 facit.
698 2322 723 2352 si
742 2322 862 2359 liceret,
877 2323 942 2353 vel-

281 2372 342 2401 lem
358 2372 525 2411 refingere:

324 2424 477 2452 Amatores
492 2422 587 2452 millia
603 2422 830 2463 multaserant.

282 2470 367 2506 Quid
384 2480 489 2511 quaeso
505 2469 562 2500 iste
574 2475 646 2500 tuus
659 2477 743 2500 vates
757 2470 853 2500 donat
867 2480 944 2511 prae-

284 2524 330 2549 ter
344 2518 501 2549 carmina?
525 2517 580 2549 sed
596 2518 671 2559 quid
687 2518 759 2549 inde
772 2518 828 2549 tibi
844 2519 920 2549 lucri
934 2521 944 2548 ⁷.

282 2569 448 2598 Amatores
486 2578 546 2598 non
576 2567 677 2598 ferant
712 2567 862 2603 carmina,
893 2568 947 2599 sed

285 2616 384 2646 inulta
399 2616 499 2646 millia
514 2626 723 2647 nummorum.
750 2617 868 2647 Burin.

328 2666 382 2695 63.
432 2665 548 2704 Capitis
585 2666 743 2706 mercede]
796 2665 949 2707 Intelligit

284 2725 417 2749 servum,
430 2714 483 2755 qui
499 2714 563 2745 suis
580 2715 713 2745 nummis
728 2725 760 2745 se
777 2715 807 2745 in
824 2715 942 2746 liberta-

286 2769 347 2793 tem
366 2763 544 2799 vindicavit,
561 2770 592 2794 ct
616 2763 752 2794 Domino
768 2763 860 2794 solvit
883 2770 950 2794 tan-

336 2816 435 2846 x'OL.
463 2817 490 2846 l.

1000 1492 1067 1517 tum
1081 1486 1226 1528 pretium,
1245 1486 1353 1528 quanti
1370 1486 1498 1522 valeret,
1514 1486 1539 1517 si
1555 1485 1663 1517 vendi-

1001 1541 1050 1565 tus
1066 1534 1186 1566 fuisset.
1232 1536 1351 1565 Brun.

1044 1585 1098 1614 64.
1125 1584 1281 1625 Gypsati]
1297 1583 1467 1615 Venalium
1483 1584 1566 1614 enim
1581 1589 1667 1616 trans

1002 1643 1085 1663 mare
1115 1633 1315 1664 advectorum
1338 1632 1436 1674 pedes
1465 1638 1550 1664 creta
1577 1640 1666 1664 nota-

1000 1684 1078 1714 bant
1093 1693 1147 1713 seu
1165 1693 1274 1724 gypso.
1319 1681 1404 1713 Plin.
1422 1693 1520 1714 xxxv.
1547 1684 1596 1719 17,
1614 1684 1667 1714 18.

1002 1731 1107 1762 Tibul.
1132 1731 1178 1761 iii.
1209 1731 1259 1762 El.
1289 1732 1320 1762 3.
1363 1731 1514 1763 Juvenal.
1544 1732 1612 1764 Sat.
1642 1731 1666 1763 i.

1004 1781 1182 1811 Bzxzsniis.

1048 1830 1101 1860 65.
1130 1829 1242 1860 Veteris
1258 1831 1454 1870 quinquatria
1475 1830 1578 1870 ceroe.]
1619 1830 1670 1861 Ita

1005 1878 1131 1919 quidem
1155 1878 1188 1908 in
1209 1878 1352 1909 omnibus
1373 1878 1571 1915 editionibus,
1598 1889 1669 1920 quae

1005 1933 1125 1963 extant,
1162 1927 1291 1968 legitur:
1331 1937 1367 1957 ac
1403 1937 1513 1958 sensus
1542 1927 1670 1969 quidem

1005 1976 1118 2019 planus
1133 1982 1192 2007 est.
1238 1976 1308 2006 Nec
1324 1982 1366 2011 te,
1378 1975 1494 2017 inquit,
1508 1975 1670 2018 decipiant

1008 2025 1138 2062 nobiles,
1169 2024 1222 2066 qui
1247 2032 1367 2056 veteres
1396 2035 1495 2061 ceras,
1522 2025 1581 2055 hoc
1609 2030 1669 2062 est,

1007 2076 1158 2117 majorum
1186 2074 1338 2115 imagines
1365 2079 1521 2105 ostentant
1549 2080 1581 2105 et
1603 2075 1673 2116 jae-

1007 2131 1087 2161 taut,
1104 2125 1162 2155 ἃς.
1208 2124 1246 2154 Id
1261 2123 1345 2154 enim
1360 2123 1419 2154 hoc
1434 2123 1503 2154 loco
1515 2123 1595 2154 Cerae
1611 2123 1672 2165 sig-

1009 2173 1148 2204 nificant.
1201 2173 1350 2204 Ceterum
1387 2183 1448 2213 quo
1478 2178 1581 2213 pacto,
1619 2177 1674 2203 aut

1010 2223 1092 2254 unde
1108 2223 1236 2253 verbum
1249 2222 1454 2263 Quinquatria
1466 2222 1527 2252 huc
1543 2222 1674 2264 irrepse-

1010 2272 1061 2308 rit,
1080 2278 1133 2303 aut
1150 2272 1227 2313 quid
1247 2272 1331 2302 idem
1347 2271 1405 2302 boc
1425 2271 1493 2302 loco
1508 2271 1673 2312 significet,

1012 2323 1143 2363 quaestio
1159 2328 1217 2352 est.
1262 2322 1346 2352 'Nam
1362 2321 1440 2352 alias
1458 2322 1672 2361 Quinquatria,

1012 2371 1091 2402 festa
1117 2371 1269 2402 Minervae
1292 2371 1451 2406 dicuntur,
1478 2381 1548 2412 quae
1570 2381 1671 2402 mens:

1012 2419 1129 2450 Martio
1139 2430 1192 2461 per
1200 2420 1339 2461 quinque
1351 2419 1418 2450 dies
1426 2419 1670 2450 celebrabantur.

1013 2469 1061 2500 Ac
1077 2475 1149 2500 sunt
1164 2468 1218 2510 qui
1233 2474 1354 2510 putent,
1366 2468 1603 2500 ostentationem
1620 2469 1668 2499 aliv

1015 2529 1121 2560 quam,
1138 2524 1192 2548 aut
1205 2528 1351 2559 pompam
1373 2517 1555 2558 imaginum,
1571 2518 1603 2548 in
1618 2517 1669 2548 lio«

1016 2568 1094 2598 sesto
1113 2566 1178 2597 fieri
1194 2566 1315 2597 solitam
1339 2565 1449 2597 fuisse:
1474 2572 1505 2596 et
1529 2566 1600 2597 ideo
1622 2576 1673 2607 pei

1016 2615 1219 2657 Metalepsin,
1245 2616 1315 2647 festi
1344 2626 1468 2651 nomen,
1494 2626 1549 2656 pro
1576 2615 1677 2651 rebus,

1018 2675 1087 2706 quae
1112 2664 1143 2694 in
1174 2663 1240 2705 ipso
1270 2665 1518 2699 celebrabantur,
1543 2663 1677 2705 positum

1019 2723 1097 2743 esse.
1154 2713 1215 2742 Sed
1244 2713 1310 2743 haec
1343 2712 1528 2743 auctoritate
1557 2717 1677 2742 carent.

1020 2762 1113 2800 Quod
1126 2762 1149 2792 si
1167 2762 1242 2792 mihi
1258 2761 1397 2793 divinare
1413 2761 1517 2799 liceat,
1533 2761 1661 2802 legerim
1675 2773 1681 2791 :

1141 2817 1168 2846 Y
