1849 3198
204 224 288 266 136

595 223 644 264 Ρ.
679 222 889 264 OVIDII
923 221 1204 264 NASONIS

655 445 1001 494 EPISTOLA
1039 445 1133 492 XI.

504 587 817 629 CANACE
861 587 1287 629 MACAREOr.

210 732 263 779 Si
289 748 387 795 qua
410 739 576 781 tamen
601 735 746 781 caecis
772 734 1004 781 errabunt
1029 733 1212 796 scripta
1235 733 1416 790 lituris3

276 809 474 857 Oblitus
500 827 529 857 a
551 811 762 858 dominae
788 812 923 858 caede
947 811 1141 858 libellus
1168 810 1274 857 erit.

208 885 400 933 Dextra
417 893 554 935 tenet
578 888 850 945 calamum3
891 887 1116 935 strictum
1151 893 1288 934 tenet
1318 887 1471 934 altera
1494 886 1588 933 ser-

275 963 340 1010 Et
357 965 494 1027 jacet
517 965 566 1011 in
591 967 777 1028 gremio
803 966 974 1012 charta
998 965 1159 1011 soluta
1181 980 1308 1011 meo.

1439 965 1585 1025 [rum‚

207 1039 332 1087 Haec
357 1048 434 1088 est
457 1041 674 1090 AEolidos
699 1042 835 1090 fratri
861 1042 1119 1090 scribentis
1145 1042 1336 1103 imago:
1556 1044 1585 1087 5

276 1118 358 1164 Sic
383 1118 551 1165 videor
574 1120 697 1167 duro
722 1136 869 1183 posse
894 1121 1092 1183 placere
1116 1118 1259 1182 patri.

208 1194 324 1258 Ipse
349 1195 485 1241 necis
510 1211 744 1259 cuperem
769 1203 949 1243 nostrae
975 1201 1224 1259 spectator
1249 1194 1474 1251 adesset3

273 1271 605 1335 Auctorisque
630 1272 785 1320 oculis
811 1272 1092 1334 exigeretur
1117 1287 1257 1334 opus

209 1347 280 1394 Ut
302 1347 432 1395 ferus
458 1355 549 1405 est,
577 1349 834 1412 multoque
860 1349 962 1395 suis
987 1347 1310 1395 truculentior
1337 1345 1499 1402 Euris,

276 1424 565 1488 Spectasset
589 1426 734 1473 siccis
758 1426 961 1472 vulnera
985 1431 1155 1471 nostra
1178 1423 1334 1485 genis.
1532 1425 1592 1469 10

209 1500 414 1549 Scilicet
437 1509 513 1549 est
537 1503 740 1565 aliquid,
768 1519 881 1550 cum
907 1502 1048 1551 saevis
1073 1502 1235 1548 vivere
1259 1500 1447 1547 ventis:

272 1577 478 1640 Ingenio
502 1580 671 1643 populi
697 1581 927 1627 convenit
951 1581 1032 1626 ille
1058 1579 1148 1625 sui.

226 1780 244 1798 *
253 1779 347 1810 AEolis
361 1780 497 1816 AEolidae,
511 1791 599 1820 quam
614 1793 673 1811 non
689 1782 773 1813 habet
787 1784 861 1823 ipsa,

331 1830 458 1860 sulutem

292 1877 404 1915 Mittit,
430 1885 459 1909 et
487 1885 604 1910 armata
636 1882 725 1911 verba
758 1888 862 1912 notata

331 1938 437 1958 manu.

205 1974 335 2006 Variant
363 1975 395 2006 in
423 1975 471 2007 his
494 1976 623 2008 vocibus
654 1978 786 2014 codices,
811 1979 866 2010 sed

204 2028 374 2064 utcumque
402 2023 475 2060 sint,
499 2024 665 2066 ablegandi
695 2026 734 2057 ad
760 2037 864 2057 mona-

205 2072 332 2103 chorum
347 2073 499 2105 officinas,
523 2074 642 2106 Bunm.

250 2170 280 2200 1.
305 2170 408 2210 Siqua
423 2177 521 2202 tamen
544 2174 626 2203 caecis
640 2171 717 2212 &c.]
742 2172 862 2203 Verba-

204 2218 261 2248 tim
276 2218 350 2254 sere,
366 2229 403 2249 ex
418 2218 480 2249 illis
495 2219 686 2261 Propert.iv.
701 2219 752 2250 El.
768 2220 814 2251 iii.
829 2223 862 2252 3.

249 2268 280 2298 Si
295 2278 352 2308 qna
368 2274 466 2299 tamen
481 2270 534 2299 tibi
558 2270 669 2300 lecturo
688 2281 759 2310 pars
773 2271 862 2302 oblita

290 2318 395 2352 deerit,

333 2365 406 2395 Herc
421 2367 479 2396 erit
493 2378 512 2396 a
527 2367 655 2396 lacrimis
659 2366 752 2408 facta
769 2370 864 2400 litura

375 2424 454 2444 meis.

205 2462 266 2493 Sed
281 2462 361 2493 inest
375 2463 539 2504 abruptum
559 2463 688 2505 aliquid,
704 2464 861 2506 incompo-

204 2511 298 2543 situm
327 2518 358 2541 et
394 2511 601 2542 inordinatum
638 2513 668 2543 in
697 2513 861 2551 ovidiana,

205 2560 288 2602 quod
312 2560 448 2591 animum
472 2561 635 2592 scribendo
648 2564 861 2603 perturbatum

204 2619 280 2639 mire
310 2609 421 2650 arguit.
465 2610 532 2640 Hoc
561 2616 663 2641 tamen
688 2612 731 2642 ita.
754 2623 861 2654 parum

204 2657 423 2690 intellexerunt
451 2658 577 2700 quidam
606 2661 797 2702 interpretes,
826 2668 860 2693 ut

205 2706 312 2738 deesse
341 2717 401 2738 non
434 2707 509 2739 nihil
543 2709 713 2740 exordienti
736 2710 858 2752 Episto-

929 1781 1049 1812 nullum
1071 1780 1122 1811 hic
1141 1781 1282 1816 verbum,
1300 1779 1382 1822 quod
1407 1791 1466 1811 non
1493 1780 1591 1812 adno-

929 1831 1058 1862 tandum
1069 1830 1229 1861 videatur:
1246 1830 1272 1860 si
1287 1840 1356 1871 quae
1372 1834 1485 1870 partes,
1498 1841 1591 1872 quam

928 1880 1017 1911 mitto
1053 1879 1122 1915 tibi,
1154 1879 1314 1922 Epistolae,
1345 1880 1501 1916 errabunt,
1530 1891 1591 1912 non

931 1940 1021 1960 suum
1036 1929 1174 1960 ordinem
1186 1929 1364 1964 servabunt,
1377 1938 1433 1958 nec
1444 1927 1489 1959 ita
1500 1928 1591 1961 facile

932 1978 1086 2020 legentur,
1097 1983 1220 2020 propter
1232 1988 1320 2008 σαι-(ιε
1334 1978 1453 2013 lituras,
1467 1988 1593 2009 causam

932 2027 1064 2058 senties:
1091 2028 1208 2057 libellus
1223 2025 1332 2057 oblinis
1354 2025 1424 2062 erit,
1442 2025 1590 2064 foedatus,

932 2076 1119 2111 maculatus,
1137 2086 1156 2106 a
1170 2074 1301 2106 dominae
1317 2077 1411 2113 coede5
1436 2075 1509 2116 quia
1521 2087 1591 2117 quae

930 2124 1050 2160 scribit,
1068 2124 1163 2155 vitam
1186 2123 1278 2154 simul
1294 2129 1326 2153 et
1340 2133 1416 2164 opus
1439 2123 1591 2155 absolvet.

931 2173 1050 2204 Amin.

972 2225 1002 2253 5.
1027 2222 1100 2252 Haec
1114 2227 1155 2251 est
1170 2221 1301 2251 AE'olidos
1313 2221 1418 2262 fratri
1438 2222 1593 2252 scribentis

929 2271 1056 2313 imagm]
1087 2270 1211 2301 Servius
1225 2270 1281 2300 lib.
1298 2269 1322 2301 i,
1339 2270 1466 2301 AEneid.
1483 2271 1535 2301 75.
1553 2271 1593 2302 ad

930 2320 1008 2351 illud
1023 2320 1146 2361 Virgilii
1158 2331 1164 2348 :

974 2370 1015 2399 Et
1026 2370 1154 2409 pulchra
1162 2368 1263 2410 ιῘὶιεὶσί
1274 2374 1301 2398 te
1314 2369 1396 2408 prole
1410 2375 1575 2407 parentem.

928 2418 1042 2449 Scribit
1068 2419 1251 2448 Macareum
1285 2423 1315 2447 et
1346 2418 1503 2447 Canacem
1532 2429 1592 2450 non

930 2468 1021 2509 hujus
1042 2467 1137 2502 AEoli,
1162 2468 1215 2508 qui
1238 2473 1399 2497 ventorum
1425 2477 1477 2496 rex
1499 2467 1592 2499 fuisse

930 2517 1118 2558 perhibetur,
1158 2516 1213 2546 sed
1246 2516 1372 2546 alterius
1399 2515 1484 2546 AEoli
1514 2515 1593 2547 filios

928 2565 1036 2596 fuisse.
1082 2566 1179 2607 Cujus
1195 2565 1370 2606 opinionem
1390 2574 1483 2605 quam
1499 2564 1590 2595 facile

929 2615 959 2645 in
974 2615 1032 2645 hac
1049 2615 1179 2655 epistola
1195 2615 1328 2645 Ovidius
1343 2613 1516 2649 convincat,
1535 2625 1588 2644 ne-

927 2675 977 2694 mo
991 2675 1051 2694 non
1059 2663 1156 2694 videt.
1183 2664 1326 2705 Hyginus
1341 2673 1412 2704 cap.
1422 2662 1590 2694 ccxxxviii.

926 2713 1031 2743 AEolus
1048 2712 1193 2743 Canariam
1214 2718 1334 2753 propter
1354 2713 1499 2741 ini-esrum
1521 2723 1589 2742 cum

206 2756 243 2786 1ae
262 2762 368 2788 nasute
387 2759 858 2800 proesumpserint.-——Praeterea‚
914 2759 1589 2803 fratrellIacareoaclmissuminterfecitssxor.
