1849 3198
196 190 281 232 308

579 191 628 231 P.
663 189 878 232 OVIDII
910 190 1191 232 NASONIS

202 304 326 351 Pars
352 305 590 368 adaperta
614 305 723 362 fuit,
751 321 864 369 pars
891 307 1047 353 altera
1071 307 1243 353 clausa
1265 305 1494 353 fenestrae
1514 322 1523 353 :

269 380 428 435 Quale
454 381 554 429 fere
580 382 714 428 silvae
740 383 908 429 lumen
933 383 1116 430 habere
1143 383 1317 430 solent.

203 458 383 513 Qualia
404 460 683 515 sublucent,
710 459 948 522 fugiente,
976 460 1287 523 crepuscula,
1315 459 1537 506 Phoebo:
1560 462 1589 505 5

267 535 370 582 Aut
394 536 477 582 ubi
504 553 604 585 nox
630 537 767 591 abiit,
796 553 886 583 nec
912 544 1080 583 tamen
1106 544 1213 583 orta
1237 537 1362 583 dies.

200 611 293 658 Illa
316 613 610 660 verecundis
635 614 721 659 lux
747 619 823 659 est
846 614 1118 675 praebenda
1142 613 1336 676 puellis,

267 689 381 744 Qua
406 691 608 737 timidus
634 690 850 738 latebras
876 697 1043 753 speret
1067 690 1251 737 habere
1276 690 1451 754 pudor.

201 765 335 814 Ecce
363 767 583 814 Corinna
607 768 755 822 venit,
783 767 950 812 tunica
975 767 1137 814 velata
1160 767 1398 822 recincta,

269 843 499 890 Candida
524 843 726 890 dividua
753 843 882 889 colla
906 850 1106 904 tegente
1132 844 1302 891 coma:
1532 846 1591 889 lO

201 920 425 974 Qualiter
450 921 500 966 in
524 920 769 967 thalamos
795 919 1009 966 formosa
1037 920 1325 967 Semiramis
1351 920 1449 966 isse

270 997 481 1052 Dicitur,
506 990 558 1043 et
584 996 751 1042 multis
781 995 894 1042 Lais
921 1004 1085 1044 amata
1108 997 1241 1044 viris.

202 1074 408 1137 Deripui
433 1074 679 1128 tunicam;
721 1089 812 1120 nec
839 1074 1049 1120 multum
1076 1091 1184 1121 rara
1210 1075 1450 1121 nocebat:

267 1151 534 1212 Pugnabat
558 1151 728 1197 tunica
755 1150 843 1196 sed
869 1157 1035 1197 tamen
1062 1151 1145 1198 illa
1168 1152 1286 1213 tegi.

196 1268 310 1303 posset.
325 1261 387 1292 vid.
404 1268 435 1292 et
450 1262 549 1302 Epist.
566 1261 627 1291 xvi.
645 1262 719 1292 315.
742 1267 857 1290 111111111-

198 1321 258 1351 que
275 1310 437 1353 conjungit
451 1310 522 1340 infr.
539 1310 571 1340 ii.
588 1310 696 1340 Amor.
714 1322 744 1340 x.
764 1311 812 1340 17.
828 1316 859 1341 et

201 1360 249 1391 18.
273 1360 351 1390 1111111
367 1366 470 1391 tamen
491 1366 598 1391 contra
617 1360 742 1390 codices
762 1359 858 1390 aude-

197 1420 265 1441 mus
284 1421 419 1446 movere,
438 1410 495 1440 nisi
511 1409 592 1451 quod
616 1411 736 1449 imposui
760 1409 859 1450 magis

196 1459 311 1501 placet,
328 1471 423 1501 quam
437 1462 569 1499 apposui.
585 1466 618 1490 ut
634 1460 713 1490 Stat.
728 1459 761 1489 ii.
779 1460 856 1489 Silv.

196 1510 216 1539 i.
233 1510 284 1540 63.
332 1509 488 1548 [inpositus
503 1511 615 1539 stratis.
660 1509 785 1539 Petron.
803 1510 857 1538 28.

196 1559 322 1590 Lectica>
339 1561 512 1597 imponitur.
558 1559 708 1589 Francius
723 1559 858 1593 volebat,

195 1611 353 1648 composui.
378 1608 433 1638 sed
453 1608 646 1649 negligenter
661 1618 692 1637 se
709 1607 859 1648 abjecisse

197 1658 386 1688 credendum
413 1664 468 1692 est,
490 1657 548 1687 1100
564 1667 636 1687 vero
652 1657 780 1686 verbum
805 1667 857 1686 cu—

197 1717 263 1737 ram
278 1713 308 1737 et
324 1706 519 1747 diligentiam
536 1711 633 1736 notat.
680 1705 797 1735 13011111.

240 1756 410 1796 Lemuria]
437 1755 622 1785 Recreanda
638 1760 668 1784 et
681 1754 859 1785 reficienda.

196 1804 378 1836 CIOFANUS.
426 1806 463 1834 In
486 1815 548 1835 uno
570 1803 694 1838 Moreti,
710 1806 858 1834 voranda.

197 1853 266 1884 vide
283 1855 322 1885 ad
338 1854 437 1896 Epist.
455 1854 498 1883 iv.
515 1854 566 1883 90.
617 1853 758 1882 Laranda
776 1853 856 1894 Gry-

196 1904 261 1944 phii
277 1904 373 1934 editio
387 1904 509 1934 vitiose.

240 1955 270 1983 4.
296 1954 470 1995 szlefere
484 1954 563 1983 silrae
580 1954 678 1983 lumen
696 1953 800 1982 habere
814 1963 856 1981 so-

196 2004 269 2033 lent.
316 2004 430 2037 Qualia
445 2001 778 2042 sublucent,fngientrss
790 2012 854 2031 cre-

193 2054 333 2092 puscula,
352 2053 474 2083 Phoebo:
499 2053 562 2081 Aur
578 2052 628 2081 nbi
643 2063 699 2080 7101
709 2053 793 2087 abiit,
806 2063 858 2081 ner·

197 2108 294 2132 tamen.
319 2107 384 2131 orta
409 2100 500 2140 dies.]
528 2100 606 2129 Haec
632 2105 689 2133 est,
709 2110 803 2140 quam
826 2099 858 2130 in

197 2150 311 2181 Ovidio
328 2161 394 2181 esse
411 2150 456 2180 ait
470 2148 715 2185 Quinctilianus‚
727 2150 859 2178 lascivia.

195 2200 276 2230 Satis
304 2205 371 2229 erat
398 2199 512 2233 dicere,
545 2198 657 2231 Qualia
692 2199 857 2232 sublucent,

196 2251 255 2280 810.
281 2249 330 2279 vel
347 2259 441 2278 unum
456 2258 493 2277 ex
510 2247 547 2277 iis
562 2246 713 2287 exemplis
731 2257 856 2287 ponere.

196 2300 291 2329 Clof.

242 2350 293 2379 10.
320 2346 486 2386 Dii-idum]
510 2345 547 2376 Id
563 2350 609 2375 est
624 2355 740 2385 sparsa.
752 2356 812 2375 non
827 2344 857 2375 in

196 2399 311 2430 nodum
327 2397 471 2431 collecta,
487 2395 541 2425 sed
566 2394 597 2424 in
618 2400 784 2434 utrumque
801 2394 857 2425 hu-

195 2458 314 2478 merum
330 2446 457 2487 rejecta.
484 2444 605 2474 videtur
623 2443 762 2473 imitatus
776 2444 856 2473 Nos—

196 2504 241 2527 ter
256 2496 457 2537 Apollonium
474 2493 579 2524 Rhod.
595 2493 650 2523 lib.
665 2492 711 2522 iii.
729 2493 779 2523 45.

242 2546 385 2578 Λευκοῖσι
414 2543 437 2573 δ’
464 2542 607 2583 ἑκάτερθε
635 2542 736 2581 κόμας
765 2542 856 2572 ἐπιει-

281 2594 362 2636 μένη
379 2592 486 2634 ὤμοις.

196 2643 344 2674 Francius
355 2647 515 2673 notaverat
525 2641 556 2671 in
569 2640 718 2681 margine,
732 2639 856 2680 diffusa.

195 2693 249 2723 scd
274 2692 331 2722 hoc
358 2691 456 2728 magis
479 2696 583 2731 aptum
606 2689 857 2719 vaticinantibus.

200 2743 313 2772 lirim.

975 1262 1025 1290 ll.
1064 1261 1262 1301 Semiramis]
1302 1260 1380 1291 Haec
1406 1260 1482 1290 Nini
1510 1260 1592 1301 regis

928 1310 1125 1351 Assyriorum
1140 1310 1201 1341 fuit
1215 1321 1303 1346 uxor,
1316 1315 1347 1341 et
1361 1310 1456 1341 animi
1469 1311 1590 1351 magni--

927 1359 1045 1395 tudine,
1068 1364 1099 1390 et
1121 1360 1255 1401 corporis
1278 1359 1513 1400 pulchritudine
1537 1370 1589 1391 ex-

927 1408 1053 1439 cellens.

974 1459 1024 1489 12.
1041 1458 1144 1498 Lais]
1164 1458 1242 1488 Haee
1258 1464 1291 1488 ut
1308 1457 1468 1488 Plutarch.
1484 1457 1516 1488 in
1532 1458 1589 1488 Ni-

928 1508 983 1538 ciae
1001 1508 1064 1538 vita
1080 1507 1197 1543 scribit,
1213 1518 1250 1538 ex
1267 1506 1374 1538 Sicilia
1390 1506 1421 1537 in
1437 1507 1576 1548 Pelopon

928 1567 1035 1587 nesum
1048 1557 1128 1586 inter
1140 1555 1216 1587 alios
1227 1557 1365 1598 captivos
1380 1566 1475 1596 parva
1487 1555 1589 1587 adhuc

926 1606 1034 1647 puella
1048 1612 1094 1636 est
1112 1606 1259 1636 abducta.
1304 1605 1400 1636 Dicta
1414 1610 1522 1646 postea
1536 1605 1589 1636 Co-

928 1656 1052 1689 rinthia,
1069 1654 1151 1695 quod
1168 1653 1309 1684 Corinthi
1325 1653 1491 1684 habitaret.

971 1706 1077 1734 Amata
1112 1703 1212 1743 viris]
1250 1703 1288 1732 In
1314 1702 1450 1743 quodam
1479 1703 1589 1734 codice

927 1752 1069 1793 legimus,
1102 1753 1177 1782 Lu'is
1209 1759 1308 1782 unnim
1335 1754 1445 1791 procis.
1496 1752 1590 1783 Utra—

928 1813 987 1843 que
1017 1802 1110 1833 lectio
1139 1803 1294 1843 probatur.
1332 1801 1483 1832 MAnrrs.
1537 1802 1585 1831 1⁷1·-

927 1853 968 1880 ris
989 1857 1035 1882 est
1056 1850 1088 1880 in
1108 1850 1274 1881 veteribus.
1299 1850 1479 1880 CrorAxvs.
1524 1850 1588 1882 Re-

927 1912 1006 1942 pone
1023 1903 1094 1931 viris
1110 1911 1146 1931 ex
1165 1900 1225 1930 fide
1238 1900 1424 1942 optimorum
1436 1900 1590 1932 codicum.

927 1950 1017 1981 Procz'
1027 1951 1109 1981 enim
1125 1950 1295 1981 secundum
1306 1949 1444 1985 Festum,
1462 1951 1513 1990 qui
1527 1961 1591 1989 pos-

925 2008 999 2031 cunt
1026 2002 1157 2040 aliquam.
1186 2002 1218 2029 in.
1244 2000 1479 2029 nuttrimonium.
1518 1999 1589 2030 hinc

927 2050 1100 2091 Ponelopes
1123 2051 1223 2088 proci.-
1261 2048 1299 2079 de
1324 2047 1437 2089 quibus
1464 2049 1590 2080 abunde

927 2099 1046 2129 dictum
1075 2099 1115 2129 ad
1140 2097 1310 2128 secundam
1336 2097 1442 2128 Sabini
1466 2097 1589 2139 Episto-

927 2149 1000 2178 lam.
1024 2157 1178 2188 nusquam
1194 2157 1352 2186 procorum.
1376 2146 1491 2177 mentio
1507 2147 1589 2188 apud

927 2197 1054 2227 Latinos
1075 2196 1238 2236 scriptores
1254 2194 1398 2230 occurrit,
1413 2195 1535 2236 quoties
1550 2196 1589 2226 de

926 2245 1140 2276 meretricibus
1168 2244 1281 2285 agitur,
1305 2246 1439 2274 virorum.
1463 2244 1589 2285 passim.

928 2295 1041 2325 Noster
1055 2300 1086 2324 et
1106 2293 1138 2323 in
1156 2293 1234 2323 Arte
1248 2293 1411 2323 Amatoria
1430 2295 1515 2331 proci
1535 2304 1589 2323 vo-

926 2342 1038 2373 cabulo
1055 2341 1145 2372 anxie
1162 2341 1321 2371 abstinuit.
1366 2341 1483 2372 Hmivs.

974 2392 1022 2421 13.
1048 2391 1111 2420 Nec
1126 2392 1255 2420 multum
1270 2401 1339 2420 rara
1356 2390 1501 2430 nocebat]
1520 2391 1589 2421 Hoc

927 2447 983 2476 cst,
995 2440 1100 2471 tunica
1115 2450 1183 2470 rara
1198 2439 1347 2480 tenuique
1363 2440 1414 2469 filo
1428 2450 1465 2470 ex
1479 2439 1587 2470 Corin-

927 2501 973 2520 nae
989 2489 1071 2520 omni
1087 2499 1211 2530 corpore
1234 2499 1295 2519 non
1318 2488 1450 2519 multum
1471 2489 1588 2520 subdu-

926 2540 1018 2570 cebat
1041 2538 1139 2569 oculis
1168 2538 1257 2567 meis.
1282 2537 1496 2568 tenuissimam
1522 2538 1589 2568 vult

927 2589 1019 2618 fuisse
1035 2594 1164 2622 vestem,
1188 2586 1327 2617 tunicam
1351 2585 1587 2626 Bombycinam,

926 2647 1037 2678 nempe
1064 2636 1160 2666 Coam
1190 2642 1244 2666 aut
1271 2635 1418 2675 Sericam.
1445 2640 1479 2664 ut
1503 2634 1588 2676 apud

926 2687 1034 2718 Horat.
1068 2687 1134 2715 Cois
1148 2687 1200 2715 tihi
1214 2696 1287 2725 pene
1301 2686 1399 2714 ridere
1414 2691 1465 2719 est,
1482 2691 1516 2713 ut
1531 2695 1587 2713 nu·-

925 2738 1002 2766 dam.
1049 2735 1165 2764 Hi-ixs.
