1849 3198
607 281 950 325 HEROIDES.
984 283 1078 325 ΕΡ.
1110 281 1248 325 VIII.

1534 283 1620 325 101

232 398 299 447 At
323 406 463 464 pater
486 398 705 447 AEacidae
731 397 1010 462 promiserit
1034 397 1218 445 inscius
1244 399 1369 457 acti3

299 475 419 524 Plus
445 492 667 540 quoque,
692 476 778 538 qui
802 475 934 539 prior
957 481 1035 522 est
1058 475 1244 532 ordine,
1273 476 1432 540 possit
1455 492 1592 524 avus.

231 552 361 600 Cum
385 554 474 601 tibi
498 554 764 609 nubebam,
791 552 912 599 nulli
937 568 1049 600 mea
1070 553 1204 600 taeda
1227 555 1468 603 nocebat:
1553 557 1616 601 35

298 631 352 677 Si
369 632 551 694 jungar
576 630 786 695 Pyrrho,
812 637 867 678 tu
892 629 1012 676 mihi
1037 630 1186 677 laesus
1211 630 1324 678 eris.

230 706 297 755 Et
320 716 460 772 pater
485 709 711 772 ignoscet
735 715 903 756 nostro
931 707 1192 756 Menelaus
1218 709 1400 757 amori:

297 785 573 832 Succubuit
595 786 706 833 telis
731 785 965 850 praepetis
991 785 1098 849 ipse
1125 785 1237 833 Dei.

227 860 389 916 Quem
414 863 507 910 sibi
532 863 771 927 permisit,
800 879 981 926 genero
1006 863 1261 927 permittet
1284 879 1531 911 amorem:

292 938 522 988 Proderit
545 941 776 1004 exemplo
802 947 959 988 mater
984 947 1149 988 amata
1173 957 1278 988 suo.
1551 944 1615 987 40

224 1015 300 1063 Tu
325 1017 460 1073 mihi,
489 1019 623 1081 quod
648 1018 791 1065 matri
816 1024 972 1081 pater,
1000 1034 1052 1065 es
1077 1035 1087 1066 :
1128 1034 1253 1081 quas
1280 1025 1450 1080 egerat
1474 1017 1589 1064 olim

291 1093 573 1143 Dardanius
598 1102 764 1159 partes
791 1095 995 1150 advena,
1025 1093 1249 1158 Pyrrhus
1277 1095 1394 1157 agit.

224 1169 315 1218 Ille
339 1172 457 1219 licet
480 1173 650 1236 patriis
677 1172 782 1219 sine
807 1172 904 1219 fine
929 1172 1184 1234 superbiat
1209 1171 1361 1227 actis;

290 1246 357 1295 Et
379 1256 450 1305 tu,
478 1265 591 1313 quae
616 1249 814 1304 referas,
843 1254 956 1295 acta
978 1248 1197 1312 parentis
1222 1249 1393 1296 habes.

222 1324 508 1380 Tantalides
533 1342 721 1382 omnes,
748 1326 1015 1390 ipsumque
1039 1325 1246 1387 regebat
1269 1324 1515 1373 Achillen.
1546 1328 1610 1372 45

289 1401 386 1457 Hic
412 1420 525 1467 pars
550 1403 767 1460 militiae3
807 1402 912 1449 dux
936 1408 1042 1449 erat
1065 1402 1146 1449 ille
1171 1402 1372 1449 ducum.

264 1545 316 1576 34.
342 1546 419 1576 Plus
431 1557 543 1587 qnoque
557 1547 607 1586 qui
620 1547 704 1585 prior
719 1552 758 1576 est
776 1547 880 1576 ordine

216 1595 307 1632 possit
329 1595 430 1635 avus]
470 1595 649 1625 Puteaneus
673 1595 716 1626 Τὸ
740 1596 791 1635 qui
817 1605 879 1625 non

219 1643 359 1674 exhibet.
394 1644 507 1675 deinde
530 1651 625 1683 posset
650 1644 755 1680 habet,
784 1650 818 1675 ut
848 1649 880 1675 et

219 1692 272 1722 alii
287 1693 440 1725 nonnulli.
484 1694 569 1735 Lego
584 1706 590 1723 :

262 1742 340 1773 Plus
361 1755 427 1783 qua,
449 1745 500 1784 qui
522 1743 590 1785 (vel
616 1742 709 1784 quod)
729 1745 814 1783 prior
837 1750 879 1774 est

303 1794 417 1829 ordine,
429 1799 523 1833 posset
537 1805 622 1824 αυιιε.

218 1840 258 1871 Et
270 1844 440 1881 promiserit
454 1842 604 1885 superiori
618 1853 721 1873 versu.
757 1842 876 1874 mes.

217 1890 264 1920 Ex
295 1891 512 1922 emendatione
541 1891 663 1922 Heinsii
697 1897 878 1932 sequeretur

216 1939 332 1977 Avum,
348 1940 402 1982 qui
417 1940 499 1982 prior
513 1947 559 1971 est
575 1941 692 1976 ordine,
704 1939 776 1982 plus
790 1951 878 1981 posse

217 1989 249 2020 in
279 1989 396 2031 nuptiis
424 1991 537 2033 neptis,
563 1991 668 2027 Patre,
697 1990 786 2031 cujus
813 1990 878 2021 filia

216 2047 295 2070 erat.
320 2039 376 2070 sed
400 2050 440 2071 an
463 2040 521 2071 hoc
542 2040 653 2071 rationi
672 2046 703 2070 et
715 2039 778 2081 juri
793 2050 876 2069 com-

216 2088 303 2120 muni
326 2089 502 2127 conveniat,
531 2090 731 2121 vehementer
755 2088 876 2119 dubito.

216 2144 248 2170 et
263 2138 320 2170 hoc
336 2139 395 2170 sibi
410 2139 503 2181 objici
519 2150 608 2182 posse
623 2138 791 2170 Hermione
806 2149 876 2169 sen-

215 2188 324 2224 tiebat,
336 2199 406 2230 quae
421 2189 460 2220 ab
476 2188 546 2220 Avo
560 2195 700 2219 matemo
713 2187 876 2230 Tyndareo

214 2237 402 2279 desponsata
423 2244 489 2269 erat
511 2239 644 2270 Orestae.
676 2248 769 2280 quem
792 2247 875 2268 scru-

216 2286 324 2328 pulum
340 2286 372 2317 in
387 2286 435 2317 his
451 2287 552 2317 verbis
567 2293 696 2318 conatur
706 2297 874 2322 removere,

214 2336 268 2366 sed
295 2347 365 2377 quae
396 2342 539 2378 corrupta
566 2337 609 2367 ita
638 2336 755 2367 restitui
784 2347 872 2378 posse

215 2385 361 2416 arbitror:

258 2436 298 2465 A!
312 2442 398 2474 pater
414 2435 544 2465 AEacidoe
558 2437 725 2475 promiserit
740 2447 749 2471 ;
764 2436 873 2465 insi-ins

342 2487 415 2519 acti,

304 2533 378 2564 Plus
393 2545 515 2574 quoque,
531 2536 581 2574 qui
601 2536 686 2574 prim·
704 2540 744 2563 est
758 2535 872 2569 ordine,

383 2585 471 2622 possit
485 2595 550 2614 aro.

215 2632 346 2667 Demus,
371 2632 426 2668 ait,
453 2633 509 2663 hoc
532 2632 726 2668 adversariis,
750 2632 872 2662 Patrem

214 2691 263 2712 me
274 2680 450 2723 promisisse
463 2681 616 2717 sEacidae,
628 2681 738 2711 demus
749 2692 872 2722 quoque

216 2730 340 2761 Patrem
365 2741 481 2767 meum,
506 2731 561 2773 qui
581 2730 662 2773 prior
685 2736 732 2761 est
754 2730 872 2766 ordine,

214 2783 246 2809 et
257 2779 346 2820 cujus
361 2779 503 2810 voluntas
518 2786 590 2811 ante
604 2779 664 2810 Avi
680 2779 871 2810 voluntatem

215 2831 263 2858 est
287 2828 488 2864 consulenda,
517 2829 588 2871 plus
614 2839 716 2871 posse.
742 2828 808 2859 haec
834 2839 871 2859 cx

947 1544 1053 1575 stricto
1065 1545 1135 1587 jure
1150 1545 1306 1576 adfirmari
1325 1556 1415 1588 posse
1431 1545 1535 1576 video.
1555 1546 1610 1577 sed

946 1604 1073 1635 aequum
1088 1599 1120 1625 et
1142 1595 1259 1625 bonum
1280 1594 1340 1626 hac
1362 1595 1395 1625 in
1417 1605 1529 1626 caussa
1544 1595 1610 1626 vin-

946 1654 1016 1674 cere
1039 1644 1143 1680 debet,
1160 1644 1254 1675 Pater
1277 1644 1470 1686 promiserat,
1493 1644 1611 1675 inscius

946 1704 995 1724 me
1020 1693 1087 1735 jam
1114 1704 1181 1724 esse
1205 1693 1258 1724 alii
1279 1693 1404 1732 datam;
1426 1693 1610 1735 Tyndareus

947 1753 1018 1773 vero
1042 1753 1092 1773 me
1119 1743 1284 1784 despondit
1313 1754 1349 1774 eo
1374 1748 1522 1785 tempore,
1547 1754 1609 1785 quo

946 1791 1045 1823 libera
1067 1798 1099 1823 et
1124 1792 1204 1823 nulli
1233 1793 1328 1824 amori
1351 1793 1486 1824 obnoxia
1514 1804 1609 1826 eram.

946 1841 1052 1883 itaque
1078 1842 1133 1873 tibi
1155 1843 1221 1884 jam
1239 1844 1292 1885 jus
1316 1842 1347 1873 in
1370 1854 1419 1874 me
1440 1843 1607 1885 quaesitum

946 1890 1014 1926 fuit,
1041 1891 1124 1932 quod
1149 1892 1174 1921 si
1197 1892 1318 1923 auferat
1342 1893 1437 1923 Pater
1457 1893 1528 1934 jure
1551 1904 1607 1923 suo

945 1944 1047 1975 utens,
1068 1940 1124 1970 tibi
1146 1940 1290 1982 injuriam
1315 1941 1420 1972 faciet.
1446 1941 1491 1972 ita
1514 1952 1605 1982 argu-

945 1994 1101 2019 mentatur
1124 1989 1236 2020 Puella
1254 1990 1313 2021 sibi
1328 1991 1445 2021 colores
1461 2001 1499 2021 ex
1515 2001 1606 2032 aequo

945 2042 975 2067 et
998 2038 1079 2068 bono
1095 2049 1247 2079 quaerens,
1265 2050 1334 2080 quae
1355 2039 1555 2081 summojure
1571 2050 1604 2072 se

944 2086 1152 2128 Neoptolemo
1168 2087 1278 2118 cedere
1300 2088 1413 2118 debere
1436 2087 1604 2120 sentiebat.

945 2135 1146 2178 Interpretes,
1163 2136 1216 2177 qui
1233 2136 1342 2168 dicunt
1352 2137 1378 2167 T
1379 2137 1520 2179 yndarea
1533 2137 1604 2179 plus

944 2190 1032 2226 patre
1049 2186 1192 2222 valuisse,
1206 2192 1330 2228 propter
1344 2186 1518 2218 absentiam
1532 2187 1604 2219 Me-

944 2235 1037 2272 nelai,
1052 2236 1101 2266 vel
1118 2235 1408 2278 emancipationem,
1424 2247 1526 2268 meras
1546 2248 1603 2268 nu-

942 2295 998 2325 gas
1013 2290 1122 2326 agunt.
1169 2286 1287 2316 Burin.

985 2335 1037 2366 41.
1063 2335 1108 2365 Tu
1138 2336 1241 2376 mimz]
1268 2335 1414 2366 Imitatus
1443 2335 1601 2367 Ausonius

942 2383 1073 2415 Profess.
1089 2396 1142 2415 xx.

986 2433 1031 2464 Tu
1054 2435 1126 2465 mihi
1151 2436 1226 2475 quod
1249 2437 1376 2475 genitor,
1402 2436 1478 2475 quod
1503 2446 1598 2465 avun-

1025 2485 1124 2513 culus.

984 2533 1035 2562 46.
1061 2533 1121 2563 Hic
1139 2544 1210 2572 pars
1234 2534 1358 2568 militur,
1379 2535 1440 2562 dur
1463 2540 1526 2562 erat
1549 2534 1600 2563 ille

940 2581 1081 2622 dur-inm]
1108 2582 1201 2612 Hunc
1232 2583 1334 2612 locum
1363 2582 1514 2623 expressit
1544 2583 1597 2612 Se-

942 2642 1018 2661 neca
1034 2631 1063 2661 iu
1079 2630 1313 2672 Agamemnone
1330 2644 1335 2660 :

986 2679 1045 2709 Ra
1066 2681 1117 2710 ille
1139 2691 1255 2722 regum,
1270 2682 1377 2712 ductor
1394 2681 1596 2721 Agamemnon

1024 2730 1147 2759 ducum.
1458 2729 1551 2759 Cmr.

943 2777 1002 2807 Hic
1024 2778 1084 2807 duz-
1105 2779 1228 2813 militia,
1253 2777 1482 2810 Broukhusium
1497 2777 1595 2808 malu-

940 2827 997 2858 isse
1015 2826 1141 2856 notabat
1153 2827 1312 2858 Francius.

1024 2881 1098 2913 Ha
