1849 3198
652 225 996 267 HEROIDES.
1031 225 1123 267 ΕΡ.
1158 225 1238 267 lV.
1583 228 1640 268 39

250 340 354 388 Aut
377 355 502 405 quas
527 340 760 390 semideae
780 340 1030 404 DryadeS,
1053 341 1312 406 Faunique
1337 340 1583 398 bicornes,

319 417 538 466 Numine
561 425 817 467 contactas
843 424 1099 467 attonuere
1125 435 1231 465 suo.

1576 421 1641 467 50

254 495 488 559 Namque
511 495 631 543 mihi
656 495 889 552 referunt,
915 512 1030 543 cum
1055 513 1108 544 se
1132 496 1266 543 furor
1289 496 1371 544 ille
1396 497 1601 553 remisit,

322 572 520 620 Omnia.
548 589 627 621 me
652 573 856 621 tacitam
880 573 1111 621 conscius
1135 572 1234 620 urit
1257 572 1427 620 Amor.

255 650 481 698 Forsitan
505 651 635 699 hunc
662 652 856 714 generis
875 651 975 700 fato
1000 651 1266 699 reddamus
1293 665 1541 707 amorem3

320 726 387 776 Et
409 727 581 776 Venus
607 743 635 777 e
658 735 764 776 tota
787 735 935 792 gente
959 729 1146 776 tributa
1168 734 1324 793 petat.

252 905 339 938 Ἀπὸ
361 908 419 938 τοῦ
441 905 623 938 ἐλίττεσθαι
647 907 723 949 περὶ
745 908 810 946 τὴν
833 906 914 949 γῆν.

253 956 337 998 quod
352 956 472 987 alterno
486 956 607 987 scilicet
628 962 734 988 meatu
748 957 832 988 circa
856 962 916 988 ter-

252 1016 318 1036 ram
333 1004 415 1036 volvi
430 1004 584 1037 videatur.
596 1005 662 1047 jam
678 1006 858 1048 Euripides:

290 1053 408 1092 Ἠλιος
423 1055 516 1093 θοαῖς
523 1053 679 1088 ἵπποισιν
691 1055 830 1088 ἑλίσσων
846 1056 918 1088 σθε-

339 1104 398 1141 νός

297 1154 432 1186 Πολλοῦ
443 1153 558 1196 πυρός.

254 1203 326 1235 Sive
342 1202 435 1245 igitur
450 1214 469 1234 a
483 1203 640 1235 volutione
651 1203 840 1246 hujusmodi,
851 1204 917 1237 sive

256 1254 295 1285 ab
332 1253 414 1283 Elele
446 1252 675 1284 Bacchantium
710 1264 787 1284 voce
826 1255 917 1296 (nam

256 1303 351 1334 etiam
366 1313 386 1333 a
399 1302 480 1333 sonis
494 1303 657 1334 Bacchum
672 1303 778 1335 dixere
794 1309 826 1335 et
841 1305 917 1335 Bro-

257 1354 347 1382 mium
363 1356 395 1382 et
410 1350 568 1392 Iacchum)
583 1353 647 1383 sive
668 1357 699 1383 et
722 1352 798 1395 ipse,
814 1354 867 1396 qui
886 1360 919 1386 et

257 1401 371 1443 Apollo
393 1401 444 1436 sit,
466 1411 485 1431 a
506 1400 657 1431 rotatione
686 1401 741 1432 illa
767 1409 919 1444 perpetua

258 1450 361 1481 dictus
373 1450 492 1481 Elelezis
506 1455 564 1486 est,
579 1449 662 1481 unde
680 1451 828 1483 Eleleides
843 1463 919 1493 quo-

258 1510 319 1541 que
340 1499 430 1530 factae
455 1503 538 1535 sunt,
561 1504 596 1530 ut
619 1499 709 1530 aliter
732 1511 837 1532 versus
858 1501 920 1543 legi

259 1548 575 1591 nequaquampossit.
587 1550 772 1580 onnms.
801 1551 921 1582 Eadem

259 1610 383 1641 quoque
398 1599 549 1640 Micyllus
562 1599 671 1630 habet.

304 1648 483 1689 Eleleides]
505 1648 624 1679 Bacchi
645 1648 792 1680 ministrae
813 1650 924 1681 dicun-

260 1702 320 1734 tur,
336 1708 355 1728 a
377 1697 515 1733 Baccho,
531 1708 624 1738 quem
646 1698 685 1728 ab
707 1698 789 1730 Helo
810 1698 924 1742 oppido

261 1747 436 1783 Heliconio,
451 1745 516 1778 sive
532 1746 650 1783 AEtolo,
666 1747 720 1778 ubi
742 1747 826 1779 illius
840 1749 927 1790 orgia

260 1797 467 1833 celebrantur,
479 1797 622 1828 Eleleum
633 1797 665 1827 in
680 1798 926 1840 Metamorphosi

260 1845 395 1877 diximus
410 1845 594 1888 nuncupari.
640 1846 729 1877 Asr.

305 1897 360 1927 48.
388 1895 545 1936 Quoeque.]
579 1896 696 1936 Quique
710 1896 837 1927 rescribi
852 1897 926 1939 My-

262 1945 354 1976 cillus
377 1945 464 1981 velit,
479 1951 514 1976 ut
529 1945 567 1976 de
591 1945 694 1977 Gallis
716 1945 923 1987 intelligatur.

264 1995 308 2025 At
323 2001 431 2036 argute
447 1995 580 2026 Ovidius
596 1995 705 2026 Gallos
722 2000 870 2037 tanquam
882 1997 926 2027 fe-

264 2044 365 2074 minas
386 2043 436 2075 hic
459 2044 617 2079 describit,
640 2055 694 2086 pro
710 2055 773 2086 qua
793 2045 926 2076 lectione

262 2094 333 2124 libri
348 2099 431 2125 stant
441 2100 560 2125 veteres
570 2105 630 2124 uno
646 2104 810 2125 consensu.
823 2095 928 2126 Gallus

263 2143 357 2174 simili
372 2143 463 2174 modo
472 2143 617 2175 Catullus
632 2143 665 2174 in
681 2144 861 2175 Galliambo
876 2156 927 2175 vo-

265 2193 360 2224 cavit.
374 2193 427 2223 ubi
438 2193 552 2235 passim
562 2193 654 2229 ludit,
668 2193 767 2235 Attyn
779 2199 929 2235 tanquam

267 2242 413 2274 feminam
421 2242 610 2278 describens,
620 2254 713 2284 quem
723 2249 753 2274 et
765 2243 930 2275 Anacreon

267 2292 331 2323 Od.
344 2291 411 2322 xiii.
428 2297 518 2323 vocat
539 2292 706 2334 ἡμίθηλυν
723 2295 931 2329 semi-nmrem,

266 2348 302 2373 ut
330 2347 362 2372 et
389 2341 583 2373 Claudianus
611 2342 795 2383 Eutropium
824 2343 930 2373 Eunu-

269 2391 375 2422 chum.
393 2396 426 2421 et
447 2391 491 2421 ita
512 2391 610 2421 Ovid.
629 2391 663 2421 ii.
680 2390 755 2421 Am.
771 2391 818 2421 iii.
842 2391 930 2422 vide-

268 2445 318 2470 tur
341 2450 468 2470 vocare:
494 2439 557 2471 Nec
570 2440 721 2482 feminam
747 2451 798 2471 uec
820 2443 931 2471 virum.

269 2488 320 2520 Sic
335 2493 368 2519 et
381 2487 414 2518 in
428 2487 518 2518 Ibide
535 2489 609 2519 453.
627 2499 665 2519 ex
678 2489 750 2518 MS.

318 2537 358 2568 Ut
373 2548 445 2577 quas
462 2538 598 2578 Cybeleia
613 2544 707 2568 mater
722 2539 843 2568 incitat.

272 2586 363 2627 Virg.
376 2585 472 2617 Ceiri.
491 2587 563 2616 104.

316 2636 397 2665 Saeva
418 2636 499 2665 velut
514 2636 619 2677 gelidis
641 2635 781 2666 Ciconum
810 2634 936 2665 Bistonis

360 2695 391 2714 tn
407 2695 476 2720 oris,

321 2733 420 2764 Ictave
452 2733 613 2765 Barbarion
652 2734 772 2774 Cyheles
801 2734 936 2763 antistita

362 2784 449 2814 Intro.

983 905 1076 937 Certe
1092 904 1249 937 Lucianus
1264 903 1427 936 Gallorum
1442 902 1546 936 Choro
1559 902 1647 934 femi-

983 965 1040 986 nas
1061 954 1222 991 immistas,
1238 953 1383 996 ipsosque
1401 953 1511 984 Gallos
1534 952 1649 984 vestitu

983 1003 1128 1035 muliebri
1151 1003 1244 1034 fuisse
1266 1013 1338 1033 usos
1360 1008 1504 1034 testatur.
1522 1001 1577 1032 sed
1597 1012 1648 1032 co-

984 1053 1046 1084 dex
1065 1064 1147 1085 nune
1172 1064 1235 1084 non
1257 1058 1305 1084 est
1327 1052 1367 1084 ad
1389 1062 1529 1083 manum.
1567 1051 1650 1082 Vide

985 1114 1055 1145 quae
1071 1103 1111 1134 ad
1134 1102 1346 1134 Claudianum
1367 1108 1511 1133 notamus
1534 1101 1612 1132 libro
1627 1100 1650 1131 i.

985 1151 1017 1182 in
1027 1152 1265 1194 Eutropium-v.
1279 1152 1354 1182 271.
1368 1151 1412 1182 sic
1427 1149 1511 1192 apud
1518 1149 1652 1181 Statium

983 1201 1087 1232 Theb.
1102 1201 1159 1232 xii.
1185 1202 1257 1231 Dux
1273 1213 1379 1232 vesana
1394 1201 1477 1231 chori
1490 1199 1584 1241 Attys
1598 1207 1653 1230 aut

984 1250 1186 1293 Archigallus
1201 1256 1343 1282 vocatur.
1359 1250 1442 1292 quod
1453 1255 1570 1281 temere
1584 1260 1652 1280 mu-

985 1300 1043 1332 tari
1058 1299 1167 1331 nolim.
1212 1300 1334 1331 mes.

1027 1351 1078 1381 Ita
1098 1349 1182 1392 apud
1207 1350 1338 1381 Homer.
1365 1347 1521 1390 Ἀχάἶδες
1550 1345 1653 1379 οῧκετ’

980 1399 1129 1442 Ἀχαιοι.
1143 1405 1175 1430 et
1185 1399 1268 1442 apud
1283 1399 1464 1429 Maronem.

1034 1449 1106 1480 Vere
1120 1449 1263 1490 Phrygiae
1272 1460 1284 1486 ‚-
1308 1459 1401 1489 neque
1413 1449 1490 1478 enim
1504 1447 1653 1487 Phryges.

1031 1499 1085 1530 49.
1118 1498 1181 1529 Aut
1216 1509 1288 1538 quas
1316 1499 1446 1529 semideae
1484 1495 1653 1536 Dryades]

989 1548 1052 1579 Eas
1074 1547 1234 1589 intelligit,
1258 1558 1328 1589 quae
1353 1546 1500 1588 quoniam
1529 1545 1658 1576 fontana

990 1597 1128 1633 numina,
1145 1602 1200 1629 aut
1217 1607 1363 1628 nemorea
1383 1595 1544 1630 vidissent,
1561 1595 1655 1636 Lym-

989 1646 1093 1688 phatae
1108 1645 1366 1676 dicebantur.eas
1376 1644 1558 1686 resipiscere
1576 1653 1595 1673 a
1609 1643 1657 1673 fu-

992 1707 1057 1727 rore
1068 1707 1129 1726 non
1141 1706 1229 1738 posse
1241 1695 1327 1736 magi
1343 1695 1518 1730 tradebant,
1530 1693 1588 1724 nisi
1600 1692 1658 1723 tal-

991 1755 1101 1786 parum
1109 1744 1258 1786 sanguine
1267 1748 1497 1786 spargerentur,
1512 1748 1545 1774 ut
1554 1747 1661 1773 auctor

993 1799 1039 1824 est
1055 1794 1139 1824 Plin.

1037 1845 1093 1875 53.
1117 1842 1290 1884 Hnncfuto
1304 1841 1451 1884 generis]
1470 1840 1602 1870 Rectius
1617 1839 1660 1870 le-

993 1893 1078 1935 gitur
1092 1894 1210 1934 generis
1222 1891 1308 1934 χαΐα,
1329 1896 1363 1921 ut
1379 1889 1566 1931 ambiguitas
1584 1889 1661 1920 vite—

995 1949 1056 1973 tur.
1073 1943 1117 1973 sic
1134 1942 1193 1984 Ep.
1212 1941 1277 1971 viii.
1292 1942 1346 1971 65.

1039 1991 1104 2021 Hoc
1125 1992 1241 2032 generis
1254 1990 1337 2032 fato,
1353 1989 1429 2030 quod
1451 1994 1561 2018 nostros
1582 1994 1663 2018 emm

1083 2040 1115 2070 in
1131 2051 1235 2070 annos.

995 2089 1201 2120 Scribendum
1218 2100 1288 2121 vero
1304 2090 1462 2119 reddamus
1477 2091 1508 2117 et
1530 2092 1611 2126 petat
1626 2097 1664 2116 ex

995 2139 1090 2169 MSS.
1110 2138 1188 2169 solet
1212 2139 1295 2169 enim
1318 2136 1452 2167 Ovidius
1473 2136 1510 2167 τὸ
1525 2135 1665 2177 jbrsitan

996 2199 1067 2219 cum
1082 2187 1276 2219 substantivo
1292 2192 1429 2218 nectere.
1450 2197 1482 2217 v.
1493 2185 1553 2227 Ep.
1570 2184 1594 2215 i.
1610 2185 1664 2215 77.

998 2237 1054 2268 vii.
1080 2238 1152 2268 133.
1174 2249 1206 2268 x.
1233 2239 1287 2268 85.
1316 2236 1372 2267 xii.
1400 2236 1474 2266 177.
1501 2245 1539 2265 ex
1569 2234 1664 2264 MSS.

999 2287 1063 2317 xix.
1082 2288 1153 2317 123.
1177 2286 1272 2317 Trist.
1286 2286 1308 2316 i.
1324 2287 1396 2317 165.
1421 2285 1465 2315 ita
1475 2290 1506 2315 et
1516 2283 1666 2315 Juvenal.

999 2338 1064 2367 Sat.
1082 2336 1126 2367 xi.
1145 2337 1215 2367 162.
1242 2336 1383 2366 Forsitan
1405 2340 1558 2375 exspectes.
1574 2333 1668 2363 Silius

1000 2398 1053 2417 xv.
1069 2387 1145 2416 643.

1044 2435 1183 2467 Forsitan
1199 2441 1227 2466 et
1245 2446 1364 2477 pugnas
1384 2435 1484 2464 venias
1501 2432 1670 2463 Germanus

1085 2487 1117 2516 in
1135 2487 1220 2525 ipsas.

1002 2534 1030 2564 E
1048 2540 1108 2564 tota
1119 2544 1242 2575 quoque
1257 2531 1471 2563 Scriverianus
1481 2535 1512 2562 et
1528 2530 1580 2561 alii
1594 2540 1669 2560 non-

1002 2583 1099 2614 nulli:
1124 2594 1196 2614 nam
1213 2583 1243 2613 in
1265 2582 1425 2612 Puteaneo
1443 2580 1534 2611 unius
1549 2579 1668 2621 paginae

1002 2632 1052 2662 hic
1067 2638 1114 2663 est
1129 2631 1254 2663 lacuna.
1271 2631 1391 2661 Hmss.
1432 2629 1490 2660 Pro
1503 2630 1666 2662 reddemus,

1002 2684 1135 2713 debemus
1150 2680 1336 2724 conjiciebat
1353 2679 1515 2711 Francius.
1555 2677 1669 2708 Veneri

1006 2743 1077 2763 vero
1093 2731 1240 2762 adscribit
1256 2730 1411 2761 insaniam
1425 2739 1512 2760 suam
1528 2726 1669 2761 Pha-dra,

1009 2782 1082 2824 quia
1097 2781 1147 2811 illa
1173 2781 1252 2813 irata
1275 2780 1350 2817 Soli,
1367 2789 1489 2810 omnem
1513 2778 1579 2818 ejus
1601 2787 1668 2818 pro—

1056 2830 1086 2860 D
1104 2831 1121 2859 4
