1849 3198
225 150 310 191 454
615 150 665 190 Ρ.
699 149 913 190 OVIDII
948 149 1229 193 NASONIS

230 264 423 312 Palleat
447 265 605 311 omnis
631 279 827 312 amans:
868 264 947 310 hic
973 271 1050 311 est
1073 266 1208 312 color
1232 273 1377 329 aptus
1404 269 1608 315 amanti.

297 340 394 388 Hic
420 341 590 388 decet:
631 341 725 388 hoc
750 341 886 388 vultu
910 357 1009 388 non
1034 342 1247 390 valuisse
1273 350 1466 405 putent.
1529 349 1625 392 730

231 417 456 464 Pallidus
483 418 531 464 in
559 416 738 480 Lyrice
763 416 915 480 sylvis
941 418 1138 465 errabat
1165 418 1342 467 Orion:

300 494 525 540 Pallidus
551 494 601 540 in
626 494 762 541 lenta
791 493 838 540 N
844 494 955 541 aide
982 494 1210 558 Daphnis
1236 503 1356 543 erat.

231 570 425 632 Arguat
450 578 501 618 et
525 571 710 619 macies
736 571 1001 635 animumfl„
1019 587 1112 619 nec
1137 579 1283 635 turpe
1308 573 1514 636 putaris,

298 646 562 693 Palliolum
588 647 757 694 nitidis
784 648 1081 710 imposuisse
1106 648 1278 695 comis.

230 723 506 771 Attenuent
524 725 764 786 juvenum
789 723 1003 785 vigilatae
1030 740 1236 787 corpora
1260 731 1455 782 noctes;

299 799 550 862 Curaque,
579 806 630 846 et
653 815 680 846 e
706 815 886 861 magno
912 799 997 862 qui
1022 800 1078 846 fit
1102 816 1285 857 amore,
1312 802 1466 849 dolor.

236 875 305 922 Ut
330 883 442 922 voto
468 876 658 939 potiare
686 883 785 932 tuo,
813 877 1109 923 miserabilis
1136 884 1266 925 esto:

300 952 386 1007 Ut,
415 953 500 1014 qui
525 960 574 1000 te
599 953 780 1009 videat,
808 953 973 1000 dicere
1000 955 1173 1017 possit,
1201 955 1372 1002 Amas.

231 1028 539 1091 Conquerar,
554 1044 616 1075 an
631 1044 876 1084 moneam,
890 1029 1101 1076 mixtum
1113 1030 1185 1077 fas
1198 1047 1343 1079 omne
1354 1031 1623 1095 nefasque?

294 1105 491 1152 Nomen
517 1106 735 1153 amicitia
755 1113 848 1162 est,
873 1123 1053 1154 nomen
1078 1108 1222 1155 inane
1247 1108 1388 1155 fides.
1524 1112 1620 1155 740

229 1181 325 1229 Hei
342 1182 483 1229 mihi!
512 1199 610 1230 non
626 1190 786 1230 tutum
799 1190 876 1231 est
895 1185 1029 1247 quod
1046 1201 1198 1240 ames,
1211 1185 1413 1232 laudare
1431 1185 1586 1232 sodali
1606 1202 1615 1231 :

296 1259 427 1305 Cum
453 1260 544 1307 tibi
568 1261 790 1307 laudanti
817 1261 1042 1317 credidit,
1071 1262 1178 1324 ipse
1204 1261 1354 1308 subit.

230 1334 297 1382 At
324 1352 421 1383 non
446 1336 710 1384 Actorides
735 1339 920 1385 lectum
945 1339 1204 1385 temeravit
1228 1338 1459 1385 Achillis:

296 1411 549 1466 Quantum
576 1415 637 1460 ad
664 1414 959 1471 Pirithoum,
989 1415 1203 1462 Phaedra
1227 1415 1410 1479 pudica
1432 1414 1540 1460 fuit.

229 1486 551 1536 Hermionen]
562 1489 799 1553 Pylades,
814 1508 912 1553 quo
924 1491 1132 1539 Pallada
1144 1492 1383 1547 Phoebus,
1397 1491 1619 1538 amabat:

296 1564 546 1628 Quodque
566 1566 655 1614 tibi
672 1567 917 1629 geminus,
935 1567 1171 1631 Tyndari,
1192 1568 1371 1614 Castor
1386 1574 1506 1614 erat.
1526 1570 1621 1614 746

233 1640 286 1687 Si
315 1642 428 1704 quis
454 1643 586 1690 idern
612 1650 778 1707 sperat
790 1662 805 1701 3.
835 1646 1059 1707 jacturas
1084 1661 1233 1708 poma
1256 1644 1470 1706 myricas

297 1718 500 1781 Speret:
541 1727 591 1767 et
616 1721 665 1766 in
693 1721 857 1768 medio
882 1722 1086 1769 flumine
1111 1722 1259 1769 mella
1282 1728 1436 1784 petat.

230 1794 330 1850 Nil,
348 1795 442 1842 nisi
460 1802 605 1860 turpe
623 1799 787 1859 juvat:
816 1814 946 1845 curae
966 1806 1043 1846 est
1067 1815 1157 1846 sua
1173 1799 1354 1861 cuique
1374 1798 1618 1860 voluptas.

297 1871 420 1918 Haec
447 1888 650 1936 quoque
676 1875 738 1921 ab
765 1875 966 1922 alterius
990 1883 1134 1938 grata
1157 1876 1325 1923 dolore
1350 1875 1499 1921 venit.
1525 1877 1621 1921 750

1528 729 1623 773 735

273 1993 348 2023 730.
375 1994 441 2024 Hoc
456 1996 555 2025 decet:
579 1996 631 2025 hoc
656 1996 745 2026 multi
767 2008 824 2026 non
842 2008 889 2027 vo-

229 2044 316 2073 luisse
328 2044 468 2084 putant]
496 2044 586 2075 Forte
600 2057 606 2074 :

957 1997 1008 2027 De
1034 1998 1145 2038 Lyrice
1167 1997 1244 2028 nihil
1272 1996 1385 2037 legisse
1409 2006 1458 2026 me
1480 1994 1621 2026 memini.

958 2046 1130 2077 Hmrzsms.
1175 2045 1358 2076 Parrhasius
1387 2044 1426 2075 ad
1452 2043 1620 2075 Claudiani

274 2091 334 2121 Hic
361 2094 455 2127 decet,
483 2093 535 2122 hoc
564 2094 653 2123 'cultu
678 2104 737 2123 71οη
764 2095 890 2124 valuisse

313 2146 431 2179 putent.

230 2188 275 2218 Ex
292 2187 350 2218 hoc
363 2189 450 2219 vultu
467 2188 616 2230 colligant
631 2200 667 2220 ae
682 2190 890 2231 persuadean-

229 2241 277 2266 tur
305 2236 418 2278 puellae
441 2243 470 2268 te
496 2248 556 2268 non
582 2238 695 2274 valere,
718 2245 748 2269 et
774 2250 891 2280 aegrum

229 2294 296 2315 esse
312 2295 374 2325 prae
391 2285 485 2316 nimio
500 2286 547 2316 sui
565 2297 678 2316 amore.
726 2287 846 2318 IIEms.

274 2334 348 2364 731.
374 2334 513 2366 Pallidus
536 2337 569 2365 in
586 2336 717 2375 Lyricen
741 2338 891 2376 sylviser-

232 2384 316 2412 rabat
334 2383 459 2423 Orion]
480 2383 554 2414 Noti
571 2390 642 2414 sunt
657 2384 789 2415 Amores
802 2386 890 2416 Orio-

230 2431 287 2466 nis,
300 2431 353 2472 qui
368 2431 549 2473 (Enopionis
562 2432 658 2463 filiam
673 2433 792 2474 perdite
806 2444 891 2465 ama-

232 2480 281 2515 rit,
300 2491 393 2521 quam
410 2482 561 2523 Meropen
577 2482 641 2518 alii,
659 2483 846 2513 Parthenius
861 2483 891 2513 in

231 2529 362 2559 Eroticis
374 2539 443 2570 cap.
460 2541 512 2560 xx.
558 2531 651 2561 Haero
665 2531 814 2572 appellat.
837 2532 892 2562 sed

230 2583 262 2607 et
281 2578 349 2608 Side
368 2577 472 2608 Danai
494 2577 558 2609 filia
583 2580 622 2609 ab
647 2579 784 2620 antiquis
808 2590 890 2610 ‹tom—

232 2631 430 2663 memoratur‚
451 2637 520 2668 qum
549 2626 658 2659 Orioni
682 2628 835 2670 nupserit,
861 2636 891 2660 et

229 2673 310 2705 §idm
335 2674 453 2706 civitati
469 2676 599 2708 Boeotiae
619 2687 733 2708 nomen
757 2676 891 2708 dederit.

957 2094 1014 2125 lib.
1031 2094 1065 2125 ii.
1083 2095 1122 2125 de
1138 2095 1239 2137 Rapt.
1257 2105 1336 2125 vers.
1354 2094 1425 2124 191.
1440 2093 1534 2134 legit:

1004 2144 1146 2174 Pallidus
1183 2147 1214 2175 in
1246 2145 1362 2184 lyncem
1390 2144 1472 2172 silvis
1502 2144 1619 2173 errabat

1047 2192 1154 2222 Orion.

959 2240 1000 2269 Et
1014 2240 1154 2281 exponit,
1172 2250 1243 2270 cum
1265 2239 1378 2269 Dianae
1403 2249 1507 2269 comes
1523 2249 1618 2269 vena-

959 2293 1052 2324 retur,
1069 2287 1165 2329 ipsius
1177 2288 1255 2318 Deae
1271 2297 1346 2318 cura
1360 2287 1557 2328 carpebatur.
1582 2287 1621 2317 ‹le

959 2336 1128 2377 Daphnide
1155 2347 1278 2378 quoque
1303 2335 1442 2366 fabulam
1469 2335 1618 2376 explicat.

960 2386 1076 2415 Bunn.

1004 2434 1079 2465 734.
1105 2433 1251 2463 Pileolum
1270 2434 1373 2463 nitidis
1392 2434 1557 2472 imposuisse
1573 2444 1619 2462 co-

960 2483 1045 2522 mis.]
1075 2483 1240 2512 Palliolum
1268 2482 1402 2512 melioris
1430 2488 1509 2512 notae
1535 2481 1618 2512 libri.

960 2542 1017 2561 nec
1042 2531 1183 2567 dubium,
1209 2530 1284 2572 quin
1310 2537 1404 2561 recte.
1449 2531 1511 2567 Qui
1536 2530 1618 2561 enim

960 2580 1087 2610 infirmae
1105 2580 1291 2611 valetudinis
1305 2585 1403 2616 erant,
1420 2579 1554 2622 palliolis
1565 2580 1619 2610 ob-

960 2629 1120 2660 nubebant
1135 2635 1240 2671 caput.
1289 2629 1407 2666 HEle.
