1849 3198
188 158 279 201 378·

586 155 637 194 P.
671 152 884 194 OVIDIl
920 150 1199 193 NASONIS

192 273 371 335 Tuque
396 272 677 337 laborantes
703 274 842 315 utero
868 267 1100 314 miserata
1125 267 1331 330 puellas,

261 349 482 403 Quarum
507 346 650 393 tarda
670 344 830 391 latens
856 359 1064 406 corpora
1087 343 1247 390 tendit
1271 359 1418 398 onus;
1522 347 1585 389 20

195 426 343 473 Lenis
368 425 505 479 ades,
532 423 867 487 precibusque
892 421 1014 468 meis
1040 420 1164 476 fave,
1193 420 1394 482 Ilithya.

263 502 431 564 Digna
453 508 545 556 est,
573 515 725 562 quam
745 498 923 561 jubeas
950 497 1166 544 muneris
1192 512 1302 544 esse
1330 496 1417 542 tui.

197 579 314 643 Ipse
340 595 433 641 ego
457 585 568 625 tura
592 577 723 623 dabo
749 573 954 620 fumosis
979 573 1221 620 candidus
1247 572 1367 620 aris:

263 656 380 720 Ipse
405 656 559 702 feram
585 661 699 701 ante
724 659 837 700 tuos
864 667 1068 697 munera.
1093 657 1208 697 vota
1232 650 1402 712 pedes.

195 733 444 796 Adjiciam
469 732 684 786 titulum,
715 730 924 777 Servat-21
953 727 1089 774 Naso
1118 727 1352 774 Corinna.
1525 727 1589 771 25

263 811 339 857 Tu
364 811 511 858 modo
536 810 613 856 fac
638 809 779 855 titulo
806 806 1197 868 muneribusque
1223 806 1403 851 locuni.

200 888 255 935 Si
279 895 445 935 tamen
470 888 520 934 in
544 894 681 935 tanto
707 886 780 933 fas
806 892 882 932 est
906 883 1157 930 monuisse
1181 882 1379 937 timore3

263 963 374 1012 Hac
399 964 488 1011 tibi
510 964 573 1011 sit
597 963 766 1026 pugna
793 961 1079 1008 dimicuisse
1106 959 1242 1006 satis.

662 1289 963 1337 ELEGIA
1002 1287 1144 1334 XIV.

202 1409 336 1464 Quid
355 1409 497 1471 juvat
520 1407 763 1452 immunes
788 1403 905 1450 belli
931 1417 1127 1449 cessare
1153 1400 1361 1463 puellas,

271 1486 379 1533 Nec
405 1485 508 1532 fera
530 1483 742 1547 peltatas
769 1481 967 1543 agmina
989 1479 1115 1525 velle
1142 1477 1310 1540 sequi3

203 1624 277 1656 teris
300 1622 567 1665 distinguendum.
613 1621 657 1651 At
679 1620 704 1651 si
727 1630 782 1661 pro
805 1630 867 1649 ser-

203 1674 280 1706 vivit
303 1673 450 1714 accipias,
466 1671 531 1702 sive
548 1669 708 1705 militavit,
726 1679 744 1699 a
759 1679 867 1698 mereo:

205 1723 299 1765 quale
314 1729 345 1753 et
359 1721 437 1752 illud
453 1720 573 1751 dictum
587 1724 644 1755 est,
661 1719 734 1748 AEre
756 1724 868 1748 merent

202 1784 307 1812 parvo,
336 1772 394 1802 ἃς.
423 1776 488 1801 tum
518 1768 593 1799 nihil
624 1778 725 1808 neque
755 1766 865 1797 distin-

205 1820 365 1862 guendum
380 1829 482 1860 neque
498 1816 705 1859 supplendum
721 1815 791 1846 erit.
829 1815 870 1844 Et

207 1872 239 1902 in
264 1870 451 1912 quibusdam
470 1868 564 1899 etiam
584 1867 698 1902 seruit,
725 1877 778 1908 pro
802 1866 868 1896 Me-

208 1922 273 1950 ruit
295 1919 420 1960 legitur,
452 1918 604 1947 MAmus.
637 1915 708 1946 Art.
731 1914 805 1944 Am.
827 1913 870 1943 iii.

210 1970 287 2000 635.

255 2017 332 2047 Cum
355 2017 452 2046 sedeat
484 2015 604 2044 Phariae
632 2013 726 2043 sistris
752 2016 872 2051 operata

334 2077 350 2095 v
368 2078 377 2095 7
432 2087 440 2095 .

213 2076 471 2150 Αιῳῑέιῑῗεζῗᾱε
494 2104 589 2136 sacris
611 2104 714 2135 Isidis.
759 2102 820 2133 sed
842 2108 874 2133 et

213 2158 452 2200 quibuscunque
488 2155 521 2184 in
565 2154 688 2195 templis
724 2152 875 2184 sedebant

213 2211 361 2249 operatae.
386 2205 446 2235 huc
462 2208 583 2245 spectat
595 2202 675 2232 illud
691 2199 874 2242 Pythagori-

215 2266 297 2291 cum,
329 2252 608 2295 προσκυνήσαντα
646 2250 874 2289 ἐπικαθῆσθαι.

215 2305 337 2335 HEINs.

264 2355 314 2384 18.
333 2353 402 2387 Qua
416 2350 544 2392 cingit]
577 2348 876 2391 Propterinventum

218 2402 344 2434 Osirim.
371 2400 519 2431 Solebam
540 2398 623 2429 enim
649 2398 680 2428 hi
701 2398 877 2428 sacerdotes

219 2451 296 2484 Isidi
310 2460 398 2480 sacra
411 2449 614 2484 celebrantes,
630 2448 713 2478 circa
736 2452 877 2477 octavam

219 2500 282 2532 diei
298 2500 402 2530 horam
418 2498 483 2539 pila
497 2503 528 2527 et
550 2497 639 2527 sistra
659 2497 802 2532 ferentes,
818 2497 878 2538 pri-

220 2562 269 2582 mo
294 2560 365 2581 cum
389 2549 464 2578 fletu
487 2546 669 2588 procedere:
694 2545 807 2577 deinde
825 2557 877 2577 ca-

223 2606 342 2634 uenteS‚
359 2602 390 2628 et
412 2598 499 2627 lauro
520 2596 667 2630 coronati,
689 2594 881 2636 triumphan-

222 2649 299 2680 tium
316 2656 398 2677 more
419 2655 489 2675 cum
512 2643 648 2674 maxima
670 2643 779 2673 laetitia
803 2643 880 2674 redi—

225 2700 312 2728 bant.
340 2692 492 2734 Gallica]
517 2693 602 2724 Galli
626 2692 800 2723 sacerdotes
821 2698 882 2723 tani

937 1616 1073 1657 Cybeles
1089 1626 1182 1657 quam
1199 1614 1291 1646 Isidis
1307 1614 1503 1646 dicebantur.
1532 1616 1598 1647 De-

936 1665 1087 1696 nominati
1112 1670 1216 1694 autem
1243 1669 1315 1694 sunt
1340 1664 1437 1699 Galli,
1465 1675 1482 1695 a
1505 1665 1600 1696 Gallo

936 1713 1081 1755 Phrygiae
1097 1712 1202 1748 fluvio,
1218 1712 1307 1754 cujus
1323 1723 1436 1754 aquam
1456 1720 1602 1754 potantes

937 1764 1147 1795 reddebantur
1162 1762 1277 1793 insani.

979 1813 1034 1842 21.
1048 1812 1325 1852 Precibusquefare
1336 1811 1455 1841 Lucina
1464 1812 1599 1852 puellm}

940 1863 1138 1901 Precibusque
1160 1863 1229 1891 meis
1246 1861 1324 1902 fare
1348 1860 1466 1901 Icithya
1486 1860 1602 1902 optime

938 1912 1129 1941 Puteaneus.
1146 1920 1219 1940 nam
1233 1915 1265 1940 et
1280 1908 1384 1939 Latini
1399 1909 1457 1940 hoc
1481 1910 1604 1940 nomine

939 1960 998 1991 usi.
1032 1959 1181 1990 Horatius
1197 1959 1343 1989 Carmine
1358 1958 1507 1991 Saeculari
1521 1971 1527 1988 :

985 2009 1054 2039 Rite
1070 2015 1202 2039 maturos
1215 2009 1332 2048 aperire
1345 2014 1452 2047 partus

984 2059 1074 2089 Lenis
1090 2057 1207 2098 Ilithya
1222 2064 1307 2088 tuere
1323 2063 1439 2087 matres.

942 2107 983 2137 Et
1019 2107 1091 2137 hinc
1132 2106 1311 2143 λυσίζωνος
1354 2115 1478 2147 quoque
1521 2104 1606 2135 dicta

941 2155 1204 2193 Atheniensibus3
1228 2154 1312 2196 quod
1336 2154 1472 2196 gravidis
1495 2153 1608 2195 puellis

942 2205 1025 2235 Zona
1037 2205 1218 2235 solveretur.
1242 2204 1309 2245 ejus
1331 2203 1483 2244 templum
1506 2202 1605 2232 Athe-

943 2253 1002 2283 nis.
1026 2253 1089 2283 vid.
1114 2254 1232 2283 Meurs.
1262 2252 1380 2282 Athen.
1405 2250 1505 2281 Attic.
1536 2261 1607 2292 pag.

948 2303 1018 2337 117,
1036 2302 1107 2331 118.
1130 2301 1225 2332 etiam
1250 2299 1333 2342 apud
1356 2299 1519 2340 Assyrios:
1546 2299 1607 2329 Lu-

944 2350 1052 2381 cianus
1066 2361 1141 2393 pag.
1162 2351 1254 2380 1072.
1269 2349 1380 2380 eodem
1396 2354 1502 2378 autem
1518 2347 1608 2378 modo

946 2399 1096 2440 Virgilius
1111 2399 1143 2428 in
1158 2398 1218 2428 fine
1234 2408 1340 2428 versus
1363 2395 1452 2432 dixit,
1469 2397 1610 2436 Orithya.

945 2448 1001 2478 xii.
1017 2447 1147 2478 [Eneid.
1164 2448 1216 2477 83.
1233 2452 1265 2477 et
1287 2447 1319 2477 in
1343 2445 1419 2482 Ciri,
1436 2447 1608 2476 Adrasteia.

947 2498 1065 2528 Hiems.

991 2596 1022 2625 2.
1039 2593 1183 2635 Nec-sera
1198 2592 1419 2633 peltatas,&c.]
1439 2591 1529 2622 Pelta
1544 2597 1610 2622 erat

949 2650 1070 2675 scutum
1087 2654 1216 2684 parvum
1239 2648 1270 2673 et
1292 2642 1372 2677 leve,
1389 2647 1479 2672 cetrm
1505 2641 1609 2671 admo-

952 2693 1024 2724 dum
1061 2692 1174 2723 simile.
1212 2692 1275 2723 Tit.
1314 2692 1384 2721 Liv.
1423 2690 1508 2721 xxxi.
1548 2690 1610 2720 36:
