1849 3198
615 250 960 293 HEROIDES.
994 251 1085 291 ΕΡ.
1119 250 1210 292 ΙΙΙ.
1557 252 1613 294 33

217 364 283 412 Di
307 366 511 414 melius:
538 366 818 430 validoque,
846 382 1036 430 precor,
1062 366 1255 413 vibrata
1277 366 1462 414 lacerto
1515 368 1607 414 125

281 442 522 491 Transeat
546 442 850 491 Hectoreum
878 443 1043 490 Pelias
1068 442 1212 489 hasta
1235 442 1381 490 latus.

216 518 404 568 Mittite
429 538 524 577 me,
554 521 742 578 Dana'1'3
767 520 1028 572 ‚dominum
1052 520 1220 582 legata
1242 520 1455 581 rogabo:

283 597 546 662 Multaque
570 599 815 646 mandatis
840 596 1011 646 oscula
1034 598 1192 644 mixta
1215 596 1387 646 feram.

215 673 336 721 Plus
352 691 444 737 ego
461 692 611 738 quam
621 675 851 731 Phoenix,
864 676 976 739 plus
989 691 1139 738 quam
1154 674 1397 721 facundus
1411 672 1606 730 Ulixes,

284 752 404 799 Plus
421 769 513 815 ego
529 769 679 816 quam
695 752 873 800 Teucri
893 751 1125 815 (credite)
1145 751 1293 798 frater
1309 766 1469 813 agam.
1517 754 1609 798 130

218 828 310 876 Est
333 830 521 894 aliquid
546 832 727 878 collum
752 830 907 878 solitis
932 829 1157 892 tetigisse
1182 827 1396 887 lacertis,

286 906 658 971 Praesentisque
684 908 853 955 oculos
880 905 1196 954 admonuisse
1222 905 1315 952 sui.

217 984 298 1032 Sis
322 986 441 1033 licet
464 986 681 1043 immitis,
710 986 988 1048 Matrisque
1014 982 1220 1030 ferocior
1244 981 1419 1039 undis3

286 1061 357 1109 Ut
379 1070 588 1119 taceam,
615 1063 828 1110 lacrimis
855 1061 1189 1109 comminuere
1214 1058 1354 1106 meis.

218 1138 265 1185 N
270 1156 366 1186 unc
385 1156 584 1203 quoque
603 1140 696 1202 (sic
722 1155 893 1187 omnes
918 1138 1101 1185 Peleus
1127 1143 1268 1200 pater
1293 1135 1499 1199 impleat
1524 1151 1607 1182 an-

287 1216 369 1263 Sic
396 1225 476 1264 eat
499 1217 732 1281 auspiciis
759 1215 982 1280 Pyrrhus
1008 1215 1057 1261 in
1083 1229 1220 1262 arma
1242 1212 1366 1273 tuis)

262 1379 333 1409 136.
351 1378 411 1409 Eat
426 1381 567 1419 auspiciis
583 1380 723 1421 Pyrrhus
741 1381 780 1410 ad
794 1391 880 1409 arma

217 1427 310 1468 tnis.]
344 1427 383 1458 In
412 1439 496 1458 arma
525 1429 648 1459 codices
670 1428 824 1470 plerique.
849 1434 880 1458 et

217 1487 290 1507 sane
306 1477 338 1507 id
354 1477 538 1518 elegantius.
551 1477 595 1508 sic
613 1479 655 1508 ire
671 1480 702 1508 in
717 1479 834 1513 hostem,
848 1478 880 1507 in

213 1537 360 1567 pugnam,
372 1529 521 1557 concitare
538 1529 568 1557 in
579 1539 674 1563 arma,
685 1527 881 1568 ruere‚ferri,

216 1578 342 1612 mittere,
356 1579 463 1613 venire,
474 1578 554 1608 trahi
570 1579 599 1607 in
611 1588 705 1613 arma,
718 1584 748 1608 et
758 1576 881 1609 similia.

216 1626 333 1657 Statius
346 1626 447 1657 Theb.
461 1627 527 1658 viii.

262 1668 343 1700 Imus
358 1671 389 1700 in
404 1682 488 1700 arma
502 1671 613 1710 palam.

218 1719 332 1750 Noster
346 1719 454 1750 Amor.
468 1720 524 1750 lib.
537 1720 560 1750 i.
574 1720 625 1750 El.
637 1718 681 1750 ix.
695 1721 748 1751 35.

262 1768 375 1799 Hector
399 1770 435 1799 ab
451 1770 671 1800 Andromaches
688 1770 880 1809 complexibus

303 1819 365 1848 ibat
381 1820 412 1848 in
427 1829 523 1848 arma.

219 1868 262 1898 Τὸ
284 1869 316 1898 in
338 1867 420 1898 enim
440 1867 544 1899 infesti
564 1867 658 1898 animi
679 1866 878 1909 significatio-

219 1927 290 1947 nem
319 1916 474 1948 interdum
510 1928 572 1959 prae
603 1929 636 1949 se
665 1918 735 1948 fert.
766 1918 880 1948 Noster

219 1966 315 1997 infra:

264 2016 352 2046 Ensis
365 2018 398 2046 in
414 2017 529 2047 Atridae
541 2022 642 2056 pectus
656 2017 754 2046 iturus
767 2022 844 2046 erat.

219 2065 259 2095 Et
275 2064 320 2096 iii.
336 2065 406 2096 Art.
419 2066 493 2096 428.

265 2115 304 2145 Ec
321 2115 402 2145 Jovis
417 2117 449 2145 in
464 2116 573 2145 multas
588 2115 702 2145 devolat
718 2115 778 2143 ales
793 2125 869 2144 ores.

220 2164 355 2195 Remed.
368 2165 476 2195 Amor.
487 2166 562 2195 282.
579 2176 617 2195 ex
634 2164 728 2195 veteri
744 2163 867 2194 codice:

264 2214 334 2244 Non
359 2215 469 2255 aliquis
492 2216 579 2245 socios
603 2214 716 2244 Rhesus
744 2215 775 2243 ἱιι
799 2224 883 2243 arma

306 2271 402 2295 vocat.

221 2314 390 2344 Attonitum
412 2315 520 2355 vulgus
541 2315 573 2343 in
593 2325 675 2343 arma
696 2314 771 2342 ruit.
797 2313 882 2342 Fast.

222 2362 263 2393 vi.
281 2364 356 2394 598.
373 2374 411 2393 ex
427 2362 564 2404 antiquis
579 2362 676 2392 libris.
693 2368 724 2391 et
739 2361 827 2402 Yirg.
844 2361 884 2391 xi.

222 2412 297 2442 886.
318 2411 412 2452 Inque
426 2424 510 2442 arma
528 2418 680 2442 ruentum.
697 2411 740 2440 sic
766 2413 838 2441 serti
854 2412 885 2440 inf

221 2462 348 2501 aliquem
371 2461 482 2492 infesto
497 2460 610 2491 animo.
626 2460 664 2490 de
680 2471 742 2501 quo
763 2460 846 2490 Met.
863 2459 885 2489 i.

221 2509 266 2540 sic
281 2510 341 2552 Ep.
361 2511 390 2541 l.

267 2558 306 2589 In
322 2560 509 2601 tefingebmn
526 2559 664 2590 violentos
677 2557 766 2589 Troas
783 2561 887 2589 ituros.

223 2609 312 2650 Virg.
322 2609 366 2640 xi.
379 2610 454 2640 514.

268 2658 330 2688 Per
351 2659 465 2689 deserta
477 2660 557 2699 jugo
578 2668 720 2697 superans
742 2659 883 2687 (nitentat

308 2709 341 2738 in
356 2709 468 2738 urbem.

226 2758 270 2790 Ut
285 2767 323 2788 ex
346 2757 461 2799 optimo
485 2757 556 2787 MS.
578 2756 640 2797 legi
662 2756 766 2792 debet,
782 2755 814 2785 id
839 2760 886 2785 cst

226 2806 344 2838 infestis
358 2807 450 2838 armis
470 2812 555 2838 recta
570 2806 609 2837 ad
632 2807 738 2837 urbem
761 2811 885 2836 conten-

270 2856 371 2888 VOL.
389 2857 419 2887 1.

1481 1213 1609 1274 [nos‚

948 1377 1012 1408 dit:
1038 1375 1238 1418 cogitandum
1268 1384 1392 1416 quoque
1418 1373 1456 1404 de
1481 1373 1614 1404 lectione

947 1426 1004 1456 lib.
1017 1437 1048 1456 x.
1064 1437 1093 1455 v.
1113 1426 1187 1455 455.
1213 1422 1410 1454 Meditantem
1430 1424 1544 1463 praelia,
1560 1422 1614 1453 ubi

949 1474 1132 1506 vetustiores
1146 1474 1240 1504 MSS.
1256 1474 1447 1503 meditantem
1458 1474 1490 1502 in
1498 1474 1614 1512 praelia,

950 1535 1019 1566 quae
1036 1523 1129 1555 lectio
1144 1522 1269 1553 omnino
1282 1532 1356 1553 vera
1371 1528 1429 1552 est.
1442 1521 1485 1552 sic
1500 1521 1557 1552 lib.
1578 1521 1614 1553 ii.

951 1586 981 1605 v.
995 1574 1070 1604 347.
1084 1574 1204 1603 Audet-e
1216 1574 1245 1602 in
1253 1573 1358 1612 praelia
1370 1570 1461 1602 dixit.
1471 1571 1613 1602 Martial.

950 1623 1005 1654 xii.
1018 1623 1078 1665 Ep.
1093 1623 1146 1653 61.
1172 1621 1211 1652 In
1229 1621 1340 1651 Tauros
1356 1620 1616 1662 Libycifremmit

948 1674 1054 1704 leones.
1067 1671 1111 1703 sic
1127 1674 1169 1702 ire
1186 1674 1215 1702 in
1232 1672 1319 1713 leges,
1332 1678 1368 1701 ut
1382 1670 1498 1713 primus
1510 1670 1617 1702 docuit

948 1723 1087 1754 Gronov.
1112 1728 1214 1752 noster
1238 1720 1342 1752 Diatr.
1359 1721 1439 1752 Stat.
1460 1731 1490 1751 c.
1508 1719 1554 1751 iii.
1571 1720 1616 1750 sic

948 1772 1038 1813 Virg.
1055 1771 1089 1802 ii.
1101 1770 1230 1802 AEneid.
1244 1771 1320 1800 408.

993 1822 1033 1852 Et
1051 1832 1108 1851 sese
1130 1822 1259 1851 medium
1282 1821 1387 1859 injecit
1404 1820 1560 1859 periturus
1583 1821 1616 1850 in

1035 1872 1152 1901 hostem.

949 1920 994 1951 Ut
1009 1920 1071 1961 legi
1086 1930 1124 1951 ex
1140 1919 1234 1949 MSS.
1250 1917 1356 1949 debet.
1374 1922 1405 1948 et
1419 1916 1497 1947 ibid.
1510 1918 1586 1948 511.

995 1971 1039 1999 Ac
1054 1968 1270 2010 densosfertur
1280 1968 1443 1997 moriturus
1458 1968 1490 1997 in
1503 1968 1605 1997 hostes.

949 2018 1012 2049 [lbi
1030 2017 1196 2048 Pie'riusccd
1208 2018 1298 2047 hostes
1309 2017 1429 2058 probat,
1440 2015 1569 2047 insulse.
1587 2022 1619 2047 et

949 2067 1021 2098 hinc
1032 2068 1093 2097 illae
1109 2078 1198 2097 voces
1210 2069 1366 2097 incurrere
1378 2065 1462 2107 apud
1472 2065 1562 2106 Virg.
1573 2066 1617 2096 xi.

950 2117 1025 2147 834.
1040 2127 1077 2146 ex
1093 2116 1188 2145 MSS.
1210 2115 1322 2156 inferre
1338 2114 1395 2144 lib.
1408 2113 1452 2144 ix.
1466 2115 1520 2144 53.
1534 2115 1617 2155 quod

949 2173 980 2197 et
996 2166 1077 2196 male
1100 2165 1165 2195 illic
1190 2171 1321 2195 mutant.
1343 2169 1374 2194 et
1397 2163 1455 2193 lib.
1478 2163 1521 2192 xi.
1541 2164 1616 2195 742.

950 2215 1011 2246 imo
1037 2215 1146 2245 Cicero
1163 2213 1240 2244 dicit
1261 2215 1400 2244 invadere
1423 2215 1455 2243 in
1477 2214 1617 2253 aliquem,

951 2270 982 2295 et
1008 2264 1123 2306 Philip.
1145 2263 1199 2294 vii.
1224 2262 1383 2293 Imminere
1406 2264 1437 2292 in
1453 2262 1618 2303 fortunam

951 2315 1085 2349 alterius,
1099 2320 1129 2344 et
1140 2313 1257 2354 Philip.
1272 2312 1315 2343 xi.
1329 2323 1358 2342 c.
1375 2313 1404 2341 l.
1432 2312 1575 2342 Minitari
1587 2314 1619 2342 in

953 2365 1059 2393 hostem
1088 2364 1244 2402 supplicia.
1274 2368 1308 2392 ut
1332 2361 1374 2391 ibi
1400 2361 1472 2391 MS.
1501 2361 1619 2391 Ferrari

953 2412 1146 2443 veterrimus.
1167 2422 1221 2452 pro
1248 2410 1362 2441 Milon.
1387 2410 1441 2439 32.
1468 2409 1620 2439 Insultare

956 2464 986 2492 in
1001 2462 1134 2501 rempub.
1150 2462 1262 2491 Senec.
1284 2460 1379 2490 Herc.
1406 2459 1519 2489 furent.
1542 2460 1618 2489 778.

956 2512 1119 2541 Succensus
1135 2511 1165 2540 in
1182 2511 1268 2545 bella,
1285 2515 1319 2539 ut
1337 2508 1380 2539 ibi
1402 2519 1440 2538 ex
1463 2508 1557 2538 MSS.
1574 2508 1618 2538 le-

957 2560 1105 2601 gendum.
1152 2559 1271 2590 Hfflxs.
1287 2559 1371 2588 Nuc.
1392 2558 1464 2588 110.

1124 2608 1232 2638 Prtccla
1247 2607 1384 2649 nefandae

997 2658 1141 2699 Conjiigis
1162 2658 1291 2688 Aonium
1308 2657 1385 2686 misit
1411 2658 1445 2685 iu,
1467 2666 1551 2685 arma
1575 2655 1618 2683 vi-

1039 2718 1117 2737 rum.

954 2755 1016 2787 Ubi
1033 2755 1160 2796 quidam
1177 2753 1299 2785 codices
1315 2753 1408 2784 etiam
1424 2754 1473 2783 acl.
1489 2757 1519 2782 et
1535 2751 1617 2781 Met.

956 2804 1022 2835 xiii.
1034 2806 1087 2836 39.

1003 2853 1032 2884 D
