1849 3198
624 226 969 270 HEROIDES.
1003 226 1094 267 ΕΡ.
1129 225 1275 268 XIX.

1558 227 1644 269 267

257 345 541 393 Dummodo
566 343 840 408 pervenias,
867 358 1185 405 excussaque
1211 358 1348 406 saepe
1376 357 1465 406 per
1490 342 1650 389 undas

322 423 524 487 Injicias
549 420 766 468 humeris
791 418 997 467 brachia
1019 419 1153 465 lassa
1176 419 1316 466 meis.

1555 422 1649 466 190

257 501 358 548 Sed
383 500 519 555 mihi,
547 497 784 545 caeruleas
812 496 1010 559 quoties
1037 496 1267 542 obvertor
1292 497 1354 543 ad
1380 498 1556 553 undas,

321 578 507 625 Nescio
534 593 645 639 quae
671 575 906 639 pavidum
932 574 1113 636 frigora
1137 580 1314 636 pectus
1341 574 1544 621 habent.

254 655 301 702 N
307 672 364 702 ec
390 655 551 701 minus
577 653 824 699 hesternae
851 650 1124 698 confundor
1150 651 1366 712 imagine
1393 651 1570 707 noctis,

321 732 558 788 Quamvis
585 738 662 778 est
686 730 838 778 saeris
864 729 948 776 illa
973 728 1110 792 piata
1134 729 1275 775 meis.

253 810 488 874 Namque
513 810 606 856 sub
626 808 835 864 Aurora,
858 809 963 870 jam
984 807 1284 854 dormitante
1307 806 1527 862 lucerna,
1556 809 1647 854 195

319 888 549 951 (Somnia
573 902 672 950 quo
698 886 832 934 cerni
857 892 1084 949 tempore
1109 900 1226 932 vera
1251 883 1434 944 solent)

254 966 480 1014 Stamina
504 965 567 1012 de
593 964 762 1027 digitis
787 963 1032 1018 cecidere,
1057 978 1234 1025 sopore
1260 961 1510 1009 remissis:

321 1043 567 1106 Collaque
592 1041 793 1106 pulvino
819 1047 989 1088 nostra
1012 1040 1217 1088 ferenda
1240 1039 1375 1087 dedi.

249 1210 376 1253 quidem
392 1216 438 1242 est
460 1217 567 1241 natare
590 1209 663 1252 poni
679 1220 734 1252 pro
755 1209 914 1251 navigare,

248 1266 284 1291 ut
304 1259 410 1291 docuit
425 1259 529 1291 Cerda
549 1260 589 1290 ad
606 1259 696 1299 Virg.
721 1259 765 1289 iv.
783 1259 913 1290 AEneid.

249 1312 323 1342 398.
342 1316 372 1341 et
392 1309 436 1341 ita
451 1310 565 1340 Noster
581 1309 647 1340 viii.
664 1310 746 1340 Met.
767 1310 840 1339 104.
858 1308 914 1339 sed

247 1366 356 1391 natare
379 1359 431 1390 hic
461 1358 500 1389 de
529 1358 688 1399 naufragis
711 1358 911 1400 capiendum,

248 1410 303 1452 qui
318 1410 417 1440 fracta
438 1419 517 1439 nave
539 1413 659 1439 natant.
677 1408 742 1439 vid.
767 1408 914 1450 superiori

247 1459 349 1502 Epist.
384 1460 455 1489 120.
483 1459 611 1489 Petron.
637 1468 711 1488 cxv.
760 1458 806 1488 En
834 1459 915 1488 homo

247 1510 386 1550 quomodo
403 1515 499 1539 natat.
523 1513 555 1537 et
570 1518 651 1549 saepe
667 1507 755 1538 alibi.
780 1507 898 1537 Brun.

294 1559 367 1589 187.
386 1558 473 1592 Quod
488 1556 615 1596 horton]
634 1557 709 1596 Opto
724 1556 790 1587 alii.
808 1557 913 1587 me-

248 1619 331 1640 sms.
378 1607 465 1638 Nihil
484 1612 581 1642 muta,
598 1616 670 1636 nam
690 1616 779 1647 aeque
803 1605 912 1636 Latine

248 1656 324 1693 dici,
343 1658 444 1687 hortor
458 1657 586 1696 aliquid,
601 1661 697 1696 atque
720 1657 759 1685 ad
781 1656 910 1696 aliquid,

247 1705 364 1742 docuit,
380 1705 438 1736 hoe
454 1705 550 1736 etiam
567 1704 635 1735 loco
650 1704 812 1746 producto,
828 1715 911 1735 sum-

246 1766 316 1786 mus
332 1754 508 1787 Gronovius
524 1754 563 1785 ad
587 1754 699 1785 Senec.
714 1753 816 1796 Epist.
836 1754 909 1784 121.

246 1811 278 1836 et
291 1804 393 1836 Tacit.
410 1804 453 1834 xi.
470 1803 587 1834 Annal.
603 1804 636 1834 3.
660 1808 692 1833 et
705 1802 848 1834 Graevius
871 1802 911 1834 ad

248 1855 350 1886 Cicer.
365 1853 418 1885 vii.
434 1853 473 1885 ad
489 1853 559 1884 Att.
577 1854 628 1883 1·4.
654 1854 773 1883 chr.

294 1904 367 1935 191.
392 1903 448 1934 Sed
473 1904 545 1933 mihi
568 1904 711 1934 coeruleas
735 1903 846 1942 quoties
861 1903 910 1931 ob-

247 1960 346 1985 vertor
374 1954 414 1983 ad
442 1951 570 1991 undam]
612 1951 713 1981 Recte
743 1950 799 1981 viri
828 1949 912 1981 docti

247 2002 402 2045 rejiciunt,
419 2002 562 2032 obser-sor.
575 2000 607 2031 ii.
623 2001 757 2030 Metam.
772 2000 846 2030 470.

293 2052 358 2086 Quo
369 2052 459 2082 simul
471 2052 595 2081 obvertit
608 2061 709 2080 scevam
722 2061 787 2080 cnm
799 2050 912 2079 lumine

331 2107 469 2132 mentem.
747 2100 797 2129 Bi*
805 2111 866 2129 1111.

292 2151 363 2182 195.
409 2151 470 2180 Sub
499 2150 648 2190 Ain-orm]
698 2149 810 2179 Paullo
840 2154 911 2179 ante

247 2211 342 2242 quam
368 2202 508 2231 lucescat.
532 2200 714 2230 Cromxt‘s.
759 2199 810 2229 Ita
835 2198 910 2229 editi

245 2249 372 2292 priores,
388 2256 418 2281 et
440 2249 545 2292 scripti
559 2260 679 2279 omnes.
704 2248 842 2279 malebat
863 2254 909 2278 ta-

246 2299 718 2335 mensseinsius,subAnmmm.
735 2300 828 2328 utsub
845 2310 909 2328 noc-

247 2357 317 2380 tem.
332 2350 375 2381 iv.
395 2350 479 2380 Met.
497 2350 548 2380 79.
595 2349 654 2379 Sub
674 2350 773 2387 prima
792 2359 911 2388 crepus-

247 2401 317 2431 cula
333 2411 365 2430 v.
382 2400 467 2430 Fast.
495 2399 571 2429 455.
596 2404 628 2429 et
648 2397 736 2428 alibi.
761 2396 816 2427 sed
840 2408 911 2427 cum

247 2455 415 2490 utrumque
431 2454 514 2479 recte
529 2448 661 2483 dicatur,
673 2446 762 2488 (vide
779 2446 818 2477 ad
835 2447 910 2477 Vel-

247 2498 302 2540 lej.
330 2498 455 2529 Patere.
483 2496 517 2527 ii.
542 2496 615 2535 24.)
642 2496 691 2527 hic
715 2497 846 2532 Aurora,
871 2497 910 2526 ob

247 2552 431 2588 sequentem
455 2545 598 2576 voculam
620 2545 728 2576 similis
749 2545 815 2575 soni
829 2548 911 2585 jam,

247 2603 294 2627 est
308 2596 548 2638 praeferendum.
573 2595 683 2626 eadem
699 2595 834 2626 varietas
859 2595 912 2626 1111.

248 2645 282 2676 11.
300 2645 370 2676 Art.
389 2647 463 2676 315.
478 2644 531 2675 ubi
548 2646 600 2675 sub
615 2651 792 2674 annuntium
811 2650 841 2674 et
857 2656 910 2674 (m-

249 2702 362 2731 tmmm,
399 2695 482 2726 varie
522 2694 552 2724 in
596 2695 689 2725 MSS.
734 2694 910 2725 exhibetur.

251 2745 366 2774 Burni.

295 2794 362 2824 Jam
387 2796 566 2824 dormitante
598 2793 754 2833 lacerum]
798 2793 911 2822 Durior

983 1220 1067 1246 certe
1092 1214 1284 1256 metaphora,
1305 1218 1337 1244 et
1359 1212 1449 1255 cujus
1471 1212 1651 1254 exemplum

984 1275 1024 1295 an
1036 1264 1111 1295 alibi
1136 1270 1247 1300 exstet,
1268 1264 1390 1304 ignoro.
1415 1262 1469 1293 sed
1492 1262 1566 1303 quia
1589 1273 1651 1293 non

983 1314 1154 1355 ineleganS,
1176 1314 1251 1344 licet
1280 1312 1437 1349 audacior,
1463 1312 1596 1349 videtur,
1620 1318 1652 1343 et

982 1363 1186 1405 Amplissimo
1215 1363 1339 1404 Cupero
1368 1373 1400 1392 se
1433 1362 1556 1403 probet,
1581 1372 1651 1393 eam

983 1414 1053 1444 loco
1068 1423 1192 1443 movere
1208 1423 1270 1443 non
1286 1412 1352 1442 ausi
1368 1422 1487 1442 sumus.
1529 1412 1648 1442 Bumr.

983 1464 1152 1504 Eleganter
1167 1462 1298 1497 dictum,
1314 1472 1369 1503 pro
1389 1463 1556 1503 deficiente.
1603 1461 1650 1491 Si-

983 1513 1098 1543 militer
1133 1523 1256 1553 prorsus
1292 1511 1467 1552 Meleager,
1500 1511 1649 1542 Analect.
1693 1543 1697 1548 ff

983 1568 1056 1593 tom.
1069 1562 1092 1592 i.
1109 1561 1215 1603 Epigr.
1230 1561 1281 1591 cii.

1026 1611 1065 1642 Εἵ
1101 1623 1149 1648 τις
1183 1610 1248 1641 ὑπὸ
1286 1610 1410 1652 χλαίνῃ
1445 1609 1651 1653 βεβλημένος

1109 1658 1308 1702 Ἠλωόώρας

1068 1707 1236 1741 Θάλπεται
1260 1706 1447 1750 ὑπναπὰτῃ
1463 1709 1561 1750 χρωτὶ
1578 1709 1650 1750 χλιψ

1110 1759 1291 1801 αινόμενος,

1025 1807 1197 1850 Κοιμάσθω
1224 1809 1285 1849 μὲν
1313 1806 1330 1838 ὁ
1352 1806 1487 1848 λύχνος
1519 1807 1535 1838 ὁ
1562 1806 1587 1838 δ’
1613 1807 1650 1839 ἐν

1107 1858 1279 1889 κόλποισιν
1294 1857 1418 1895 ἐκείνης

1023 1906 1232 1943 Ῥιπτασθεὶς
1246 1905 1359 1937 κείσθω
1380 1904 1522 1948 δεύτερος
1535 1905 1647 1938 Ἐνόυ-

1108 1968 1204 1997 μιων.

1026 2005 1096 2035 196.
1124 2005 1188 2039 Quo
1204 2006 1288 2035 cerni
1304 2006 1416 2035 somnia
1436 2015 1502 2034 reru
1518 2004 1644 2045 solent]

980 2054 1055 2085 Post
1069 2054 1204 2085 mediam
1220 2059 1344 2085 noctem
1360 2053 1480 2084 somnia
1492 2064 1565 2084 vera
1580 2065 1647 2085 esse

979 2103 1136 2135 dicuntur.
1171 2105 1302 2140 Seneca,
1319 2103 1402 2146 apud
1419 2114 1512 2144 quem
1525 2103 1646 2134 Andro-

979 2154 1091 2184 macha
1116 2153 1264 2195 loquitur,
1291 2164 1362 2184 cum
1388 2152 1417 2183 ei
1439 2153 1568 2189 Hector,
1592 2152 1646 2194 qui

980 2208 1120 2234 moneret
1135 2203 1331 2244 Astyanacta
1347 2212 1365 2232 a
1377 2201 1510 2238 Graecis‚
1524 2208 1559 2232 ut
1575 2213 1646 2232 eum

979 2252 1221 2294 praecipitarent,
1238 2252 1405 2293 quaesitum
1420 2250 1468 2287 iri,
1484 2250 1516 2281 in
1532 2250 1647 2282 somnis

979 2301 1037 2332 sibi
1054 2300 1259 2343 apparuisset,
1272 2300 1387 2342 jubens
1411 2299 1501 2330 illum
1516 2301 1646 2331 abscon-

979 2350 1065 2385 dere,
1081 2350 1124 2381 ita
1139 2350 1183 2381 ait
1197 2349 1229 2380 in
1243 2349 1416 2380 Troadibus
1429 2361 1435 2379 ε

1024 2400 1210 2442 Partesfere
1224 2412 1279 2430 nox
1294 2401 1373 2430 alma
1388 2401 1645 2436 transieratduas,

1026 2449 1206 2489 Clarumque
1234 2455 1341 2489 septem
1369 2455 1523 2479 verterant
1554 2450 1645 2479 stellae

1099 2501 1228 2539 jugum.

981 2549 1022 2579 Et
1037 2548 1185 2579 Horatius
1201 2548 1256 2578 lib.
1274 2547 1297 2578 i.
1314 2548 1411 2578 Serm.
1428 2548 1539 2588 Satyra
1554 2558 1586 2576 x.

1129 2597 1228 2627 Vetuit
1247 2598 1302 2627 tali
1318 2608 1360 2626 me
1378 2607 1440 2627 racc
1459 2597 1618 2631 Quirinus,

1026 2647 1095 2676 Post
1110 2648 1236 2677 mediam
1252 2652 1364 2677 ¹noctem
1380 2648 1468 2682 visus,
1482 2657 1549 2676 cum
1571 2657 1642 2675 som-

1066 2697 1118 2725 nia
1134 2707 1215 2726 reru.

981 2744 1132 2776 Adfirmat
1149 2752 1177 2775 et
1194 2745 1391 2775 Theocritus:
1419 2743 1470 2784 qni
1487 2742 1639 2773 011111(Ιί11-

980 2800 1050 2824 isset
1065 2807 1070 2822 :
