1849 3198
638 247 980 291 HEROIDES.
1015 246 1107 287 ΕΡ.
1141 245 1250 286 XV.

1554 246 1638 286 187

245 365 381 413 Arsit
405 366 547 430 inops
572 365 736 420 frater,
763 371 940 427 captus
966 361 1238 408 meretricis
1264 376 1458 418 amore;

312 444 577 507 Mixtaque
601 459 716 490 cum
741 441 874 505 turpi
898 441 1081 487 damna
1104 438 1293 502 pudore
1318 437 1446 485 tulit.

247 520 429 567 Factus
455 521 597 583 inops
623 519 738 581 agili
763 517 957 582 peragit
980 516 1106 563 freta
1129 515 1310 561 caerula
1333 531 1496 572 remo3
1572 518 1634 562 65

313 597 552 660 Quasque
577 597 705 644 male
731 596 911 651 amisit,
938 610 1070 641 nunc
1095 593 1224 640 male
1250 593 1428 655 quaerit
1452 609 1588 656 opes.

247 674 334 722 Me
353 690 571 738 quoque,
595 674 731 736 quod
750 672 919 720 monui
943 673 1072 719 bene
1091 670 1248 716 multa
1265 669 1492 725 fideliter,
1513 669 1633 716 odit.

312 751 423 799 Hoc
449 751 568 797 mihi
594 751 811 806 libertas,
839 750 932 796 hoc
957 749 1040 812 pia
1063 748 1233 809 lingua
1257 746 1411 793 dedit.

248 828 314 876 Et
336 836 592 891 tamquam
617 828 796 883 desint,
825 843 936 890 quae
962 842 1042 873 me
1067 826 1172 872 sine
1197 824 1295 871 fine
1319 823 1543 886 fatigent,

312 905 617 953 Adcumulat
640 921 785 952 curas
810 904 912 951 filia
934 919 1086 967 parva
1109 918 1263 949 ineas.
1575 905 1637 947 70

251 983 441 1030 Ultima
459 989 513 1029 tu
538 983 717 1030 nostris
743 982 941 1030 accedis
967 996 1145 1028 caussa
1170 979 1402 1042 querelis.

315 1060 431 1107 Non
455 1061 616 1123 agitur
639 1068 786 1108 vento
815 1066 984 1107 nostra
1007 1058 1175 1105 carina
1198 1073 1305 1104 suo.

250 1138 400 1196 Ecce,
423 1140 594 1202 jacent
618 1139 744 1186 collo
770 1139 927 1202 sparsi
953 1137 1059 1183 sine
1083 1137 1194 1198 lege
1220 1134 1413 1198 capilli:

317 1215 426 1264 Nec
452 1216 632 1280 premit
656 1216 889 1263 articulos
914 1214 1081 1261 lucida
1105 1229 1302 1276 gemma
1326 1228 1480 1258 meos.

249 1293 403 1341 Veste
428 1301 568 1357 tegor
592 1295 698 1342 vili:
728 1294 917 1340 nullum
939 1299 1015 1339 est
1039 1292 1088 1338 in
1114 1290 1330 1338 crinibus
1351 1305 1546 1336 aurum:
1577 1292 1638 1335 75

318 1371 434 1419 Non
460 1371 626 1419 Arabo
652 1378 820 1419 noster
844 1387 950 1418 rore
976 1370 1184 1434 capillus
1210 1368 1325 1415 olet.

293 1482 346 1512 63.
376 1482 477 1513 fictus
490 1484 653 1513 meretricis
666 1482 794 1522 ainornm]
818 1482 908 1512 Vim·-

251 1537 299 1560 tus
324 1531 422 1561 codex
450 1531 631 1567 Wittianus,
653 1542 714 1562 non
732 1531 833 1569 male3
856 1531 911 1561 sed

250 1579 392 1610 Lincoln.
411 1581 554 1612 Francof.
571 1587 603 1611 et
619 1587 750 1622 quatuor
765 1580 829 1617 alii,
843 1593 911 1620 cap-

252 1635 310 1660 tus.
340 1630 423 1671 quod
446 1631 548 1661 verius
569 1637 656 1673 puto.
681 1636 712 1661 et
732 1630 914 1661 meretriciis

250 1678 383 1710 fallaciis
411 1686 442 1711 et
470 1680 627 1711 illecebris
664 1680 912 1711 convenientius·

251 1729 404 1759 Meretrix
420 1741 491 1761 vero
507 1730 562 1761 illa
579 1731 726 1769 Rhodnpz's
741 1730 914 1766 dicebatur,

253 1784 330 1808 teste
354 1779 514 1810 Herodoto
530 1780 586 1810 lib.
602 1779 637 1810 ii.
661 1790 732 1821 cap.
752 1780 824 1810 135.
841 1790 914 1809 con-

252 1838 341 1858 serva
356 1829 475 1870 AEsopi,
492 1835 523 1860 et
538 1840 556 1860 a
572 1830 715 1860 Charaxo
732 1839 845 1870 magna
861 1839 915 1870 pe·

252 1877 347 1908 cunia
359 1878 512 1909 redemta.
537 1879 620 1910 unde
642 1889 803 1920 possumus
823 1878 915 1908 intel-

252 1925 360 1966 ligere,
390 1937 444 1957 cur
466 1928 603 1958 Fratrem
633 1927 670 1958 ad
700 1927 835 1968 inopiam
861 1927 916 1957 de-

254 1974 375 2016 lapsum
402 1976 528 2017 Sappho
551 1976 601 2007 hic
626 1976 713 2006 dicit.
744 1976 915 2006 Athenaeus

256 2034 328 2054 vero
344 2024 400 2055 lib.
424 2025 488 2056 xiii.
512 2036 580 2067 cap.
598 2026 628 2055 7.
656 2026 799 2055 Doricam
823 2036 914 2055 voca-

256 2079 319 2103 tam
335 2073 388 2109 ait,
402 2080 433 2105 et
444 2075 636 2106 Herodotum
653 2074 828 2105 confudisse
845 2086 916 2105 cum

256 2122 319 2153 alia
335 2123 523 2165 Rhodopide
548 2131 664 2155 censet.
689 2124 743 2154 sed
764 2124 882 2155 Dorica
899 2134 917 2154 a

257 2172 357 2212 patria
379 2174 479 2214 potuit
502 2173 576 2204 dici.
600 2180 630 2204 et
652 2174 690 2204 ab
708 2173 765 2203 hac
787 2173 916 2203 Rhodo-

256 2220 329 2261 pide
339 2222 534 2262 proverbium
544 2222 693 2259 manavit,
707 2221 805 2253 mwtf
821 2222 917 2263 ὁμοῖα

259 2271 312 2301 καὶ
336 2269 496 2309 Ῥοδῶπις
522 2271 542 2310 ἡ
565 2273 665 2310 καλὴ,
696 2271 734 2302 dc
761 2282 822 2312 quo
847 2271 916 2301 vidc

258 2319 419 2350 Schottum
449 2320 479 2350 in
513 2321 660 2351 l'roverl).
692 2332 728 2351 cx'
767 2320 916 2351 Vaticau.

259 2368 405 2410 Appcnd.
432 2370 562 2401 Cvntur.
588 2370 633 2400 iri.
663 2381 695 2400 n.
723 2371 776 2400 67.
823 2371 916 2400 Βυκ-

260 2430 410 2450 ,ἸῘΛλΝΓΞι

303 2469 356 2498 05.
384 2469 507 2507 Peragit
528 2470 649 2511 freta]
681 2470 758 2501 Vid.
788 2470 827 2500 ad
860 2470 918 2499 l'e-

261 2522 341 2547 tron.
362 2519 432 2549 119.
448 2519 546 2550 innuit
558 2532 629 2550 vcro
642 2520 779 2551 l'iratam
794 2520 920 2550 factum.

262 2565 375 2597 l'irata:
402 2569 485 2598 cuim
509 2569 577 2600 ἀπὸ
603 2572 659 2601 τοῦ
676 2571 805 2611 πειρᾶν,
823 2580 841 2599 a
854 2581 919 2608 Iter-

261 2619 374 2655 agmzdo
389 2622 420 2647 et
441 2619 640 2659 pervagando
665 2619 762 2649 maria
780 2618 867 2649 dicti.
891 2625 922 2649 ct

264 2666 335 2697 hine
364 2668 451 2699 addit
481 2671 556 2699 male
584 2672 688 2709 ‹sumt-it
726 2682 801 2709 opes,
841 2669 921 2711 turpi

263 2723 396 2756 quaestu,
411 2729 483 2755 non,
499 2725 532 2749 ut
557 2719 724 2755 Domitius,
746 2719 852 2751 multis
875 2719 920 2749 in-

264 2767 434 2797 commodis
447 2773 479 2798 et
494 2768 597 2799 labore
614 2781 621 2807 3
647 2769 701 2798 uisi
717 2775 852 2800 statuere
869 2781 920 2799 ve-

263 2814 354 2847 limus
364 2815 453 2848 illum
468 2818 616 2859 remigem
632 2818 758 2850 sactum.
805 2819 920 2850 Brun.

1023 1481 1076 1510 70.
1102 1478 1182 1508 Filia
1198 1476 1324 1517 parvm]
1353 1476 1438 1507 Clcis
1453 1475 1530 1505 filia.
1571 1475 1640 1506 Sui-

978 1529 1046 1560 das.
1093 1529 1272 1559 BnnsnAx.

1023 1581 1076 1610 72.
1104 1579 1172 1608 Non
1189 1584 1271 1608 rento
1286 1576 1363 1616 sum]
1381 1575 1521 1606 Adverso
1537 1580 1641 1605 ventri.

980 1628 1180 1670 silet-aphora.
1228 1626 1322 1657 C1or.

1025 1678 1078 1708 76.
1104 1677 1172 1707 Non
1191 1677 1324 1706 Arabum
1342 1680 1440 1704 voster
1454 1675 1529 1703 dona
1548 1675 1641 1713 cupil-

983 1728 1029 1757 Ius
1040 1726 1127 1766 olen]
1155 1726 1205 1756 Ita
1221 1723 1410 1765 Naugerius.
1427 1721 1521 1752 nostri
1537 1733 1644 1753 omnes

984 1778 1082 1807 Arabo
1104 1787 1181 1806 rore.
1207 1774 1291 1816 quod
1307 1779 1423 1804 temere
1446 1778 1566 1802 mutare
1589 1783 1643 1802 no-

982 1826 1050 1857 lim.
1097 1827 1180 1856 Nam
1204 1830 1235 1855 et
1258 1823 1313 1855 lib.
1336 1835 1367 1854 v.
1400 1823 1535 1852 Metam.
1566 1823 1642 1852 405.

983 1878 1059 1907 alere
1084 1886 1155 1906 cum
1180 1880 1267 1905 sexto
1293 1884 1367 1904 casu
1387 1871 1560 1913 conjunxit.
1592 1871 1644 1902 ubi

983 1925 1080 1955 habes
1102 1926 1214 1954 acmztia
1236 1923 1379 1962 sulphure
1400 1927 1508 1962 stagno
1526 1921 1644 1950 Palico-

984 1985 1063 2003 rum.
1089 1984 1150 2015 quo
1174 1972 1297 2003 nomine
1323 1982 1341 2002 a
1362 1969 1517 2001 Diomede
1541 1980 1643 2010 gram-

983 2024 1097 2055 matico
1127 2029 1262 2058 notatur,
1292 2028 1441 2063 tanquam
1478 2019 1643 2061 improprie

984 2075 1118 2105 locutus.
1164 2074 1262 2103 Ambo
1286 2082 1350 2101 rore
1374 2069 1455 2111 quod
1475 2068 1564 2104 dixit,
1580 2068 1644 2098 ele-

984 2129 1094 2165 ganter
1123 2122 1250 2153 factum.
1310 2121 1422 2150 Arabos
1450 2129 1504 2160 pro
1534 2118 1645 2148 Arabes

985 2184 1108 2215 quoque
1125 2172 1271 2202 Plautum
1288 2179 1452 2211 usurpasse
1466 2168 1499 2197 in
1511 2167 1645 2197 Bacchi-

985 2223 1076 2252 dibus
1093 2228 1124 2252 et
1148 2220 1292 2255 I'oenulo,
1309 2217 1476 2259 Virgilium
1493 2216 1646 2247 AEneidos

986 2272 1129 2314 septimo,
1153 2270 1318 2304 Lucilium,
1335 2268 1480 2303 Cinnam,
1502 2265 1645 2297 Cassium

986 2321 1018 2351 in
1044 2320 1204 2364 Epistolis‚
1230 2317 1390 2350 Charisius
1412 2316 1567 2358 Sosipater
1590 2316 1645 2345 ol>-

1347 2368 1383 2397 ln
1408 2366 1548 2397 Francos.
1569 2372 1646 2401 crat,

987 2433 1045 2451 non
1070 2421 1202 2451 Arabum
1222 2420 1299 2449 dona
1319 2419 1447 2458 capillus
1462 2418 1567 2452 habet,
1592 2415 1645 2445 sod

985 2378 1100 2402 servat.
1125 2371 1299 2400 Ili-ussus.

988 2469 1063 2500 mihi
1089 2480 1213 2511 quoque
1240 2467 1410 2509 perplacet,
1438 2467 1647 2496 ,111·al1‹›·r‹›1·e.-

988 2530 1060 2549 nam
1083 2520 1216 2548 Arabum
1241 2523 1272 2547 et
1294 2517 1419 2546 Arabem
1439 2521 1560 2545 veteres
1579 2512 1646 2543 ‹lix-

990 2570 1047 2600 isse
1064 2568 1186 2608 egregie
1203 2567 1316 2597 docent
1335 2565 1460 2596 Servius
1474 2570 1506 2595 et
1529 2562 1649 2593 l'ivrius

990 2618 1028 2649 ad
1053 2617 1176 2659 Virgilii
1200 2616 1253 2646 vii.
1272 2614 1402 2646 AEneid.
1419 2616 1494 2645 605.
1519 2613 1558 2643 de
1585 2624 1649 2642 rore

991 2680 1061 2699 vcro
1078 2670 1189 2703 Ambo,
1207 2666 1271 2697 sive
1287 2665 1427 2706 Myrrha,
1445 2663 1509 2694 sive
1528 2662 1644 2697 Nardo,

989 2719 1052 2748 sive
1066 2717 1126 2748 alio
1138 2717 1242 2751 odore,
1260 2715 1330 2746 vide
1347 2714 1467 2745 lllustr.
1479 2712 1646 2754 Spunhcm.

990 2767 1029 2797 ad
1055 2765 1242 2797 Callimachi
1272 2765 1367 2805 Hym.
1397 2764 1427 2794 in
1458 2761 1563 2803 Apoll.
1591 2762 1646 2791 38.

990 2818 1104 2847 Donni.
