1849 3198
248 174 334 214 414

639 170 691 211 Ρ.
727 168 942 212 OVIDII
975 167 1256 212 NASONIS

249 288 450 335 Cornua
474 285 514 334 si
538 293 626 333 tua
649 300 781 332 nunc
807 285 893 332 ubi
919 285 1033 340 sint,
1060 283 1298 339 Acheloe,
1325 283 1596 345 requiram3

314 362 546 410 Herculis
572 362 697 409 irata
724 361 882 408 fracta
905 376 1114 424 querere
1138 376 1305 407 manu.

1576 360 1639 405 36

248 440 357 487 Nec
383 439 507 487 tanti
535 438 780 502 Calydon,
808 454 900 485 nec
925 444 1032 484 tota
1055 436 1238 484 AEtolia
1261 436 1413 493 tanti3

315 516 432 563 Una
454 522 621 562 tamen
646 514 770 562 tanti
798 514 1033 561 Deianira
1057 513 1164 561 fuit.

248 594 340 641 Ille
365 594 523 640 fluens
549 592 687 639 dives
714 598 926 655 septena
950 606 1040 654 per
1065 591 1193 637 ostia
1219 590 1381 645 Nilus,

315 669 413 724 Qui
438 669 648 733 patriam
673 675 823 715 tantae
849 674 952 714 tam
977 668 1105 714 bene
1131 667 1262 714 celat
1287 683 1448 729 aquae,

1575 668 1639 711 40

249 746 424 793 Fertur
448 746 497 791 in
524 745 733 793 Euadne
758 745 1019 791 collectam
1045 743 1268 806 Asopide
1293 743 1544 790 flammam

314 823 526 869 Vincere
552 822 830 884 gurgitibus
856 838 955 868 non
981 821 1204 884 potuisse
1231 821 1350 867 suis.

252 900 427 946 Siccus
454 905 509 945 ut
533 898 768 961 amplecti
798 898 1088 944 Salmonida
1110 904 1283 960 posset
1309 896 1548 959 Enipeus,

318 975 512 1023 Cedere
531 975 683 1037 jussit
707 990 889 1037 aquam
908 966 938 1033 ξ’
951 975 1095 1037 jussa
1118 973 1324 1020 recessit
1350 988 1496 1035 aqua.

250 1052 358 1099 Nec
380 1060 429 1099 te
454 1058 709 1115 praetereo,
738 1051 840 1113 qui,
868 1036 956 1113 per
981 1065 1103 1096 cava
1127 1066 1250 1096 saxa
1272 1049 1516 1103 volutans,
1576 1050 1640 1094 45

316 1128 513 1175 Tiburis
539 1126 690 1189 Argei
716 1125 954 1190 spumifer
979 1142 1094 1173 arva
1118 1126 1265 1188 rigas.

250 1205 343 1252 Ilia
371 1204 447 1251 cui
476 1204 681 1267 placuit,
710 1203 936 1266 quamvis
963 1209 1069 1249 erat
1092 1203 1289 1249 horrida
1315 1203 1467 1257 cultu,

319 1281 502 1343 Ungue
527 1287 700 1327 notata
721 1296 906 1335 comas,
935 1295 1100 1341 ungue
1126 1286 1296 1326 notata
1319 1294 1488 1341 genas.

252 1359 360 1414 Illa,
388 1374 592 1420 gemens
618 1356 883 1420 patruique
909 1355 1064 1412 nefas,
1093 1356 1377 1419 delictaque
1403 1354 1598 1409 MartiS,

318 1434 529 1482 Errabat
553 1433 686 1480 nudo
710 1448 798 1496 per
822 1432 932 1480 loca
957 1432 1063 1479 sola
1087 1433 1232 1495 pede.

251 1680 342 1706 cutus
368 1680 510 1704 auctores
537 1673 670 1710 videtur,
701 1674 754 1715 qui
784 1679 914 1704 matrem

252 1724 361 1755 harum
400 1724 514 1754 Theben
549 1723 635 1759 facit,
664 1733 726 1753 non
756 1723 914 1763 Metopen:

252 1773 305 1804 alii
321 1772 416 1803 etiam
439 1773 543 1814 plures
558 1773 656 1814 Asopi
671 1772 751 1802 filias
766 1783 915 1803 annume-

252 1828 341 1853 rant:
368 1828 400 1852 ut
418 1822 565 1857 Cleonem,
587 1832 606 1852 a
629 1832 692 1862 qua
707 1821 845 1852 Cleionae
862 1832 915 1863 op-

252 1871 360 1913 pidum
386 1871 478 1912 juxta
504 1871 678 1900 Nemeam:
710 1870 867 1906 Plancum,
898 1880 916 1900 a

253 1931 316 1961 qua
331 1919 449 1949 Plateae
461 1919 610 1961 oppidum
619 1918 752 1949 Boeotiae
765 1931 771 1948 :
790 1919 914 1955 Beroen,

253 1979 344 2010 aqua
360 1969 459 1998 Bero'e
470 1968 621 2010 oppidum
637 1980 643 1996 :
661 1968 736 1998 item
747 1968 914 2004 Euboiam,

254 2029 272 2049 a
288 2028 350 2059 qua
365 2017 474 2048 insulae
490 2027 622 2047 nomen:
646 2022 678 2047 et
696 2017 830 2053 Comben,
847 2028 915 2058 qua:

253 2072 285 2098 et
318 2067 436 2097 Chalcis
464 2066 559 2096 dicta.
590 2066 629 2096 de
658 2066 772 2107 quibus
804 2067 917 2108 partim

255 2115 427 2146 Pausanias
451 2115 483 2145 in
506 2115 642 2151 Boeotia,
669 2114 781 2156 partim
803 2116 916 2146 Eusta-

253 2164 337 2195 thius
352 2164 383 2194 in
399 2166 431 2195 2.
448 2164 541 2195 Iliad.
567 2165 758 2195 MrchLus.
784 2164 917 2195 Ritters-

256 2212 364 2243 husius
394 2218 480 2243 notat
505 2212 545 2243 ad
565 2212 700 2254 Oppiani
726 2212 781 2243 lib.
796 2213 817 2242 i.
835 2223 916 2243 vers.

254 2262 307 2292 25.
352 2261 546 2291 Herodotum
561 2261 641 2291 duas
655 2260 814 2291 nominare
827 2261 917 2297 filias,

258 2310 372 2340 Theben
404 2315 435 2340 et
464 2310 619 2351 AEginam.
657 2320 791 2351 quarum
821 2309 915 2345 hanc,

255 2369 327 2390 cum
343 2363 430 2400 pater
455 2357 571 2388 indicio
586 2358 710 2400 Sisyphi
726 2359 920 2399 cognovisset

255 2409 294 2438 ab
317 2408 395 2438 Jove
419 2412 550 2447 raptam,
574 2417 765 2447 persequens
789 2406 919 2437 fulmine

255 2462 358 2488 tactus
374 2460 433 2486 est.
480 2454 637 2486 Diodorus
660 2455 784 2486 Siculus
805 2456 860 2486 lib.
875 2456 919 2487 iv.

255 2503 421 2535 duodecim
445 2503 524 2534 filias
543 2504 571 2535 ei
597 2504 714 2540 tribuit,
731 2515 862 2546 quarum
886 2511 918 2536 et

256 2552 381 2584 nomina
401 2558 551 2583 recenset.
597 2553 742 2583 Ceterum
759 2553 915 2584 Scholias-

255 2609 301 2633 tes
325 2601 466 2631 Pindari.
494 2612 547 2632 sex
570 2608 722 2637 recenset,
743 2601 815 2637 illis,
839 2613 918 2643 quas

256 2649 407 2691 Micyllus
432 2657 602 2686 enumerat,
628 2650 747 2681 addens
774 2651 917 2682 Nemean.

257 2700 374 2729 Bunm.

1579 1433 1644 1477 50

1026 1674 1077 1704 43.
1102 1673 1233 1713 Siccus]
1259 1672 1475 1712 Forte,ficcus.
1522 1669 1646 1711 Neptu-

984 1733 1041 1753 nus
1062 1722 1145 1754 enim
1161 1721 1272 1764 Enipei
1288 1722 1417 1751 formam
1440 1719 1645 1750 adsumserat.

988 1773 1127 1813 Propert.
1142 1771 1196 1801 lib.
1211 1770 1234 1800 i.
1251 1770 1342 1811 Eleg.
1359 1768 1426 1800 xiii.
1472 1768 1592 1798 HmNs.

1028 1822 1082 1850 46.
1107 1819 1260 1861 Spumij'er
1283 1830 1357 1849 arva
1373 1817 1483 1859 rigas]
1512 1815 1647 1857 Pomg'fer

983 1871 1162 1900 Puteaneus
1177 1874 1208 1898 et
1231 1867 1285 1898 alii
1303 1877 1416 1908 magno
1430 1876 1569 1896 numero,
1592 1876 1646 1907 op-

983 1919 1070 1950 time.
1097 1917 1194 1948 Tibur
1218 1916 1301 1947 enim
1327 1915 1419 1957 copia
1442 1921 1474 1946 et
1496 1920 1646 1956 praestan-

984 1969 1028 1999 tia
1043 1977 1203 2009 pomorum
1226 1965 1478 1996 laudatissimum
1499 1964 1648 2005 antiquis.

985 2019 1158 2048 mesxvs.
1190 2015 1274 2053 Quia
1289 2015 1340 2045 hic
1351 2015 1450 2046 Poeta
1466 2013 1530 2055 agit
1545 2013 1584 2044 de
1598 2024 1647 2044 ra-

984 2066 1065 2108 pidis
1090 2064 1193 2095 fluviis
1216 2070 1248 2094 et
1272 2063 1402 2104 magnis,
1418 2069 1501 2094 recte
1528 2062 1649 2093 censuit

985 2114 1209 2149 Broukhusius,
1220 2113 1356 2155 optimus
1369 2113 1537 2142 Poetarum
1552 2111 1647 2142 inter-

984 2174 1066 2205 preS,
1080 2163 1225 2205 Pomzferi
1236 2162 1396 2204 epitheton
1408 2161 1543 2192 hocloco
1555 2161 1647 2192 valde

985 2223 1052 2244 esse
1066 2213 1180 2248 debile,
1197 2222 1296 2253 neque
1312 2211 1352 2242 ad
1376 2221 1440 2241 rem
1455 2210 1587 2241 multum
1603 2210 1648 2241 fa-

985 2274 1068 2294 cete.
1096 2263 1168 2293 vide
1198 2273 1269 2293 eum
1293 2261 1332 2292 ad
1357 2262 1497 2303 Propert.
1522 2260 1579 2292 lib.
1602 2260 1646 2291 iv.

985 2312 1077 2352 Eleg.
1104 2311 1157 2342 vii.
1181 2322 1262 2341 vers.
1287 2311 1340 2341 81.
1373 2316 1404 2340 et
1429 2315 1512 2340 certe
1536 2308 1648 2340 melius

987 2359 1138 2401 Spumg'fer
1153 2359 1298 2391 convenit
1312 2358 1416 2394 fluvio,
1431 2357 1485 2399 qui
1507 2369 1561 2397 per
1575 2369 1648 2388 cava

986 2420 1057 2440 saia
1089 2410 1214 2444 volutat,
1236 2408 1319 2439 unde
1349 2418 1458 2449 spuma
1482 2407 1588 2438 oritur.
1616 2413 1648 2437 et

988 2457 1122 2498 Dionys.
1140 2457 1281 2488 Halicar.
1307 2456 1364 2486 lib.
1386 2467 1416 2486 v.
1441 2466 1512 2497 cap.
1529 2456 1583 2486 37.
1607 2455 1646 2486 de

983 2506 1121 2537 Aniene:
1146 2505 1200 2543 Ὁς
1223 2506 1256 2537 ἐκ
1277 2504 1400 2542 πολέως
1422 2506 1482 2546 μὲν
1496 2504 1646 2546 Τιβύρων

983 2555 1051 2586 καθ’
1080 2554 1209 2596 ὑψηλοῦ
1236 2556 1342 2592 πολὺς
1367 2554 1506 2595 ἐκχεῖται
1531 2552 1645 2584 σκοπέ-

984 2605 1057 2636 λου.
1104 2605 1221 2635 Brun.
