1849 3198
617 218 915 262 AMORUM.
973 215 1094 257 LIB.
1128 214 1165 256 Ι.
1197 215 1238 254 4.

1554 211 1639 251 305

245 337 413 384 Verba
437 335 712 400 superciliis
739 334 844 380 sine
869 347 989 378 voce
1014 328 1273 393 loquentia
1295 327 1487 375 dicam:

313 414 480 461 Verba
502 414 640 476 leges
665 411 850 474 digitis,
879 410 1030 455 verba
1053 413 1224 454 notata
1247 421 1400 453 mero.

1575 406 1640 449 20

249 492 378 538 Cum
403 492 494 538 tibi
519 489 761 537 succurrit
784 486 993 534 Veneris
1018 483 1222 531 lascivia
1246 489 1455 538 nostrae;

315 567 598 632 Purpureas
622 574 794 614 tenero
818 564 999 628 pollice
1023 569 1174 623 tange
1200 575 1371 622 genas.

252 645 303 691 Si
331 645 450 707 quid
477 645 584 700 erit,
611 645 673 691 de
698 660 778 690 me
802 642 956 689 tacita
983 639 1119 703 quod
1144 643 1312 684 mente
1338 635 1590 697 queraris;

318 721 545 768 Pendeat
568 721 795 768 extrema
821 718 982 765 mollis
1008 716 1070 763 ab
1097 730 1215 762 aure
1240 728 1445 759 manus:

254 798 384 844 Cum
419 799 525 853 tibi,
563 814 675 860 quae
700 796 896 851 faciam,
934 810 1046 841 mea
1074 793 1178 847 lux,
1205 790 1448 844 dicamve,
1475 788 1640 851 place—

321 875 560 922 Versetur
586 874 754 936 digitis
781 873 991 920 annulus
1017 885 1178 932 usque
1203 868 1318 914 tuis.

1460 866 1609 926 [bunt
1630 882 1640 919 ;

254 951 425 1014 Tange
441 968 589 998 manu
605 967 846 1006 mensam,
865 965 964 1012 quo
979 953 1190 1009 tangunt
1204 960 1340 991 more
1355 948 1618 1006 precantes
1632 959 1642 995 ;

325 1029 538 1092 Optabis
564 1028 739 1075 merito
765 1043 880 1074 cum
904 1025 1036 1072 mala
1059 1023 1217 1069 multa
1239 1021 1360 1067 viro.

258 1105 405 1159 Quod
430 1105 519 1151 tibi
546 1104 815 1158 miscuerit,
843 1102 1025 1166 sapias,
1053 1100 1194 1147 bibat
1217 1098 1341 1161 ipse,
1364 1096 1568 1159 jubeto:

324 1182 401 1228 Tu
424 1199 633 1246 puerum
657 1182 828 1229 leviter
852 1195 1021 1244 posce,
1050 1176 1185 1240 quod
1211 1176 1319 1239 ipsa
1343 1173 1482 1221 velis.
1584 1174 1648 1218 30

309 1386 356 1415 19.
392 1385 483 1414 Verba
511 1386 678 1424 superefliis
701 1386 762 1415 sine
794 1395 859 1414 vace
882 1384 922 1412 la-

262 1430 382 1467 quentiu
399 1428 522 1468 (licam.]
551 1429 669 1458 Ducam
691 1428 799 1469 opinor
822 1428 923 1457 Naso-

264 1488 333 1508 nem
350 1477 521 1519 scripsisse.
552 1478 724 1508 llissxfflrs.

262 1527 430 1568 lege-ndum
446 1533 503 1562 est,
520 1526 709 1568 explicanda
724 1537 782 1556 vox
798 1531 856 1561 est,
871 1536 925 1566 pro

262 1576 410 1606 scribam.
427 1582 462 1606 ut
485 1576 567 1606 enirn
584 1575 664 1606 aliu-s
679 1585 773 1605 manu
789 1576 875 1605 ducit
891 1574 925 1604 fi-

262 1636 357 1667 guras
382 1625 562 1663 literarum3
596 1624 640 1655 ita
669 1635 726 1665 ego
752 1624 926 1666 superciliis

263 1674 389 1705 ducam.
417 1675 461 1706 sic
491 1677 599 1705 ducere
628 1681 723 1709 notus,
755 1676 857 1704 literas
887 1674 925 1705 de

769 1478 800 1506 Si
815 1479 923 1507 ducum

266 1724 412 1766 Epistolis
427 1724 573 1755 exaratis.
589 1734 646 1763 ego
663 1723 713 1754 hic
724 1725 831 1754 ducam
847 1733 926 1765 prae—

265 1773 387 1809 ferrem,
408 1784 479 1804 cum
506 1773 645 1809 Heinsio,
672 1772 698 1802 si
722 1772 806 1802 ullus
828 1771 926 1802 codex

267 1821 438 1853 addiceret.
475 1822 530 1853 sed
560 1828 724 1862 suspectus
753 1828 800 1852 est
828 1821 926 1851 locus.

266 1871 343 1913 quid
368 1871 452 1902 enim
478 1878 549 1902 sunt
579 1873 663 1902 rerba
694 1872 854 1911 loquentia,
878 1869 927 1900 vel

269 1922 423 1961 loquacia?
448 1931 488 1951 an
516 1921 613 1951 verba
642 1921 835 1961 loquuntur?
861 1920 930 1961 quis

268 1969 312 2000 ita
328 1970 485 2011 loquitur?
508 1969 533 2000 si
556 1972 642 2010 signa
659 1968 768 1999 liceret
784 1979 930 2010 reponere

268 2019 357 2049 salva
385 2030 432 2049 res
460 2024 552 2049 esset.
590 2018 665 2049 forte
694 2024 797 2048 tamen
834 2017 930 2059 scrip-

269 2074 357 2098 serit:

320 2118 410 2148 Verba
433 2118 610 2157 superciliis,
627 2119 689 2147 sine
704 2128 770 2146 voce
786 2117 930 2156 loquenti-

357 2169 420 2201 bus,
439 2169 563 2197 addam.

274 2216 332 2246 Vel
356 2218 450 2246 edam.
475 2216 519 2246 sic
544 2216 735 2254 supercilium
759 2216 876 2254 laqueus
901 2213 932 2243 in

272 2265 413 2307 Epistola
438 2265 571 2301 Paridis,
588 2271 623 2295 ut
647 2275 717 2294 mox
740 2264 886 2294 vidimus.
903 2270 934 2293 et

273 2315 317 2345 ita
332 2314 446 2356 passim
463 2314 529 2345 alii.
546 2321 696 2356 praeterea
709 2324 778 2343 mox
795 2313 935 2354 sequitur

273 2366 359 2395 verba
383 2364 522 2405 proximo
547 2374 649 2399 versu,
672 2362 726 2393 ubi
752 2363 837 2392 verba
859 2368 936 2403 {ages

277 2414 454 2444 l'uteaneus
468 2412 575 2449 etiam,
591 2418 621 2442 et
638 2418 699 2442 tres
712 2411 776 2441 alii.
800 2411 852 2441 sed
867 2421 934 2451 pcr-

276 2473 395 2504 peram.
413 2473 481 2502 quze
502 2461 583 2492 enim
606 2462 700 2491 verba
715 2460 851 2491 ducebat
867 2459 938 2489 vino

277 2524 330 2554 pei·
343 2511 456 2552 digitos
471 2511 502 2541 in
517 2521 635 2545 mensa,
650 2520 687 2541 ea
704 2510 819 2549 legeret
835 2508 937 2539 amica

277 2562 356 2602 ejus.
380 2561 424 2591 sic
439 2560 459 2590 i.
483 2559 552 2590 Art.
570 2559 642 2589 Am.
660 2559 736 2589 571.

327 2611 552 2649 Blanditiasque
574 2610 647 2639 leves
663 2610 746 2638 tenui
761 2607 939 2647 pei-scrihere

408 2660 487 2687 rina.

370 2707 410 2736 Ut
426 2708 572 2737 {laminam
590 2709 619 2736 iu
636 2718 733 2735 nwusu
750 2716 777 2735 se
794 2706 870 2743 legal
886 2704 939 2733 illa

409 2762 502 2786 tuam.
779 2754 828 2783 131·
836 2764 852 2782 n
860 2764 882 2782 :ir
891 2776 897 2782 .

325 2809 423 2840 i'OL.
448 2809 475 2839 Ι.

1034 1382 1088 1411 24.
1116 1380 1250 1409 Pendeat
1261 1377 1421 1418 extremm]
1449 1376 1500 1407 Ab
1515 1380 1653 1406 extrema

991 1437 1078 1472 parte
1096 1430 1208 1460 infimae
1231 1427 1379 1459 auriculae
1394 1439 1400 1457 :
1426 1427 1486 1457 huc
1506 1425 1586 1456 refer
1601 1424 1657 1455 illa

994 1479 1139 1510 Pliniana
1154 1478 1209 1508 lib.
1226 1477 1267 1507 xi.
1284 1487 1355 1518 cap.
1373 1477 1426 1507 45.
1454 1475 1507 1505 Est
1521 1480 1584 1515 post
1599 1485 1655 1504 au-

996 1541 1051 1559 rem
1076 1540 1153 1568 uque
1170 1530 1303 1557 deitranz
1328 1526 1475 1556 Nemesios
1492 1526 1583 1561 locus,
1599 1535 1655 1563 qua

996 1579 1154 1620 referimus
1177 1584 1291 1607 tactum
1314 1587 1362 1606 ore
1381 1576 1549 1615 prruimum
1565 1585 1582 1603 a
1601 1574 1657 1602 mi-

996 1630 1074 1659 nimo
1097 1629 1238 1668 digitum,
1264 1627 1378 1656 renium
1402 1624 1574 1654 sermonisa
1590 1621 1660 1652 Diis

993 1679 1035 1708 ibi
1054 1679 1253 1707 recondentes.
1301 1675 1432 1705 DoczA.

1038 1727 1091 1756 27.
1117 1726 1218 1767 Tange
1242 1736 1333 1754 manu
1355 1723 1512 1763 mensam]
1539 1722 1658 1752 Seneca

996 1776 1192 1806 Controvers.
1217 1773 1275 1804 lib.
1301 1773 1346 1804 ix.
1372 1772 1411 1803 In
1435 1772 1568 1803 convivio
1591 1781 1659 1801 con-

994 1827 1073 1856 stitit
1107 1831 1263 1855 catenatus
1291 1825 1343 1863 qui
1379 1834 1447 1853 cum
1486 1823 1662 1862 languentes
1709 1851 1712 1854 ,

999 1874 1142 1904 Praetoris
1165 1874 1262 1903 oculos
1285 1873 1407 1912 uspeaz't,
1426 1872 1594 1901 eriistitnans
1618 1871 1662 1907 ip·-

997 1934 1060 1953 sum
1079 1923 1221 1953 Proetmis
1243 1923 1381 1961 beneficio
1404 1921 1529 1955 dimitti,
1545 1919 1664 1959 gratias

998 1974 1048 2002 isti
1071 1983 1170 2013 agere,
1186 1978 1213 2001 et
1230 1972 1365 2011 utrisque
1383 1971 1519 2000 manibus
1534 1977 1662 1998 mensam

1001 2030 1111 2058 tenens,
1128 2021 1183 2057 Di,
1201 2022 1308 2061 inquit,
1334 2019 1511 2049 immortales
1534 2018 1589 2047 tibi
1609 2027 1663 2055 pa-

1000 2083 1059 2101 rem
1075 2072 1209 2111 gratiam
1224 2069 1371 2111 referant.
1387 2068 1430 2098 sic
1445 2073 1477 2098 et
1493 2077 1579 2098 aram
1594 2071 1662 2096 tan-

1000 2121 1115 2161 gebant
1129 2124 1306 2160 precantes,
1350 2117 1474 2148 Turnus
1489 2115 1572 2157 apud
1591 2115 1663 2146 Ma-

1001 2180 1066 2199 ron.
1084 2167 1212 2198 zEneid.
1228 2167 1281 2197 xii.
1296 2167 1370 2197 201.

1047 2217 1150 2259 Tango
1165 2227 1250 2246 aras:
1271 2217 1377 2246 medios
1393 2217 1475 2257 ignes
1487 2225 1522 2244 nc
1537 2214 1663 2243 numina

1088 2273 1189 2297 testor.

1003 2316 1054 2346 De
1069 2325 1130 2356 quo
1141 2315 1199 2345 ritu
1217 2314 1378 2355 complura
1390 2312 1510 2344 erudite
1523 2311 1668 2341 observat

1004 2365 1147 2395 Mam-ob.
1170 2364 1295 2394 Saturn.
1318 2362 1365 2393 iii.
1394 2373 1464 2403 cap.
1491 2360 1535 2390 iii.
1560 2369 1669 2390 mensa

1005 2414 1087 2444 enim
1103 2412 1306 2454 epulantibus
1320 2422 1375 2453 pro
1392 2421 1446 2441 ara
1461 2410 1530 2440 suit.
1548 2407 1620 2439 hinc
1637 2413 1668 2438 et

1006 2462 1079 2492 vina
1103 2461 1135 2490 in
1161 2471 1300 2491 mensam
1327 2460 1518 2490 libabantur.
1545 2457 1585 2487 de
1607 2467 1669 2498 quo

1005 2511 1066 2542 ritu
1081 2510 1164 2541 idern
1181 2510 1326 2540 Macrob.
1341 2509 1398 2540 lib.
1416 2509 1462 2539 iii.
1475 2518 1546 2549 cap.
1563 2506 1605 2536 xi.
1621 2516 1668 2536 se-

1006 2559 1114 2601 quenti
1140 2570 1229 2589 versu
1252 2559 1333 2600 lege,
1361 2559 1492 2598 Opem-is,
1515 2567 1586 2587 cum
1611 2565 1670 2585 uno

1007 2608 1176 2639 Vaticano.
1204 2608 1379 2638 Hfflxsxrs.
1426 2607 1551 2636 Senecae
1568 2605 1671 2634 locum

1009 2657 1118 2686 Douza
1151 2666 1275 2697 quoque
1305 2655 1405 2686 codici
1443 2665 1498 2684 suo
1535 2652 1671 2692 adscrip-

1009 2711 1103 2735 xerat.

1053 2755 1105 2784 29.
1129 2754 1261 2793 sapias]
1292 2754 1349 2783 l‘ro
1365 2756 1387 2783 si
1400 2754 1508 2791 sapias.
1557 2751 1671 2782 anu.

1134 2807 1158 2836 X
