1849 3198
619 227 961 271 HEROIDES.
993 227 1085 269 ΕΡ.
1119 228 1210 270 ΙΧ.

1526 231 1610 272 119

232 342 574 408 Instruxitque
599 359 798 391 manum
823 342 962 389 clava
985 343 1241 392 domitrice
1265 343 1504 393 ferarum:
1546 349 1553 356 *

295 420 433 468 Vidit
456 428 506 468 et
529 421 577 467 in
602 419 805 484 speculo
830 419 1056 482 conjugis
1081 435 1216 467 arma
1239 421 1331 469 sui.

230 495 353 543 Haec
377 503 543 544 tamen
568 497 848 544 audieram:
887 495 1027 542 licuit
1049 512 1147 543 non
1173 498 1373 545 credere
1398 497 1569 556 famae3

296 572 373 620 En
395 573 528 621 venit
551 574 613 621 ad
638 589 812 620 sensus
838 572 999 619 m'ollis
1025 573 1086 620 ab
1113 589 1229 621 aure
1253 575 1406 622 dolor.

1512 579 1605 623 120

228 648 358 697 Ante
383 667 517 698 meos
543 651 711 698 oculos
737 649 997 696 adducitur
1021 650 1210 697 advena
1232 651 1425 714 pellex:

296 726 404 774 Nec
428 727 563 784 mihi,
590 744 701 791 quae
726 727 900 791 patior,
928 727 1238 775 dissimulare
1261 728 1393 776 licet.

230 802 344 851 Non
368 805 486 852 sinis
512 806 690 863 averti3
729 805 944 853 mediam
968 805 1165 869 captiva
1187 822 1276 871 per
1300 807 1473 854 urbem

297 880 468 929 Invitis
493 883 648 931 oculis
673 882 994 947 adspicienda
1016 883 1165 931 venit.

227 1001 441 1035 eruditissimis
451 1004 491 1036 ad
506 1006 616 1036 Horat.
632 1004 667 1037 ii.
684 1006 745 1037 Od.
756 1005 776 1037 i.
792 1005 883 1036 notis.

227 1051 260 1082 in
288 1052 385 1084 altero
413 1054 498 1095 regio
526 1055 634 1086 codice
663 1055 825 1097 legebatur
851 1054 883 1085 in

228 1101 366 1143 margine
381 1103 439 1134 hoc
455 1104 594 1146 ineptum
610 1105 783 1136 distichon:

271 1151 396 1183 Femina
420 1165 487 1184 cum
510 1155 602 1191 miles,
618 1161 646 1186 et
667 1156 750 1186 miles
761 1155 882 1198 femina

344 1204 420 1242 fiat,

314 1249 429 1292 Incipit
456 1264 513 1284 esse
535 1256 611 1294 quod
635 1265 674 1290 es,
698 1255 807 1285 desinis
827 1264 884 1284 esse

357 1303 432 1341 quod
447 1313 486 1333 es.
722 1304 840 1334 Euam.

276 1349 348 1380 119.
374 1350 447 1382 Hae‘c
478 1358 575 1382 tamen
609 1353 795 1394 audieram.]
835 1353 886 1383 Ita

228 1403 350 1430 veteres
368 1399 529 1437 editiones,
545 1401 600 1432 sed
624 1403 801 1443 Naugerius
823 1413 885 1433 non

228 1446 383 1489 improbat
407 1450 466 1482 hoec
488 1457 616 1487 tantum,
632 1457 666 1482 ut
686 1451 829 1482 Lincoln.
854 1457 885 1482 et

228 1497 395 1529 Mediceus
409 1510 500 1530 unus.
526 1506 557 1531 et
572 1500 682 1531 eadem
697 1500 829 1532 varietas
839 1507 886 1532 est

228 1545 285 1577 lib.
303 1547 336 1578 ii.
353 1548 424 1579 Art.
440 1549 548 1580 Amat.
567 1550 642 1581 405.

273 1597 347 1628 Haec
362 1604 459 1629 tamen
479 1601 628 1636 audierat,
645 1600 821 1631 Priame'ida
841 1602 884 1631 vi-

314 1648 401 1678 derat
414 1649 518 1687 ipsam.

229 1694 280 1726 Sic
296 1695 318 1726 i.
333 1695 409 1727 Am.
425 1697 469 1727 iv.
486 1698 541 1728 41.

380 1745 454 1777 Haec
468 1752 565 1777 tamen
579 1749 730 1787 aspiciam.

231 1793 323 1825 Unde
338 1800 468 1836 apparet
482 1795 532 1826 1110
548 1808 662 1827 sensum
677 1796 798 1838 proprie
813 1797 883 1839 capi

230 1843 269 1874 de
284 1843 383 1874 oculis
397 1850 428 1875 et
442 1844 509 1876 visu
518 1856 527 1884 3
550 1851 585 1876 ut
602 1846 749 1876 Heinsius
764 1857 801 1876 ex
817 1846 885 1877 loco

231 1891 389 1924 Ciceronis
403 1893 513 1925 Divin.
530 1904 559 1924 c.
573 1894 616 1925 xi.
642 1893 794 1926 illustrat:
822 1894 885 1925 Pu-

232 1948 314 1973 tasne
341 1954 420 1982 posse
446 1945 489 1979 id,
518 1945 595 1984 quod
622 1955 654 1974 ex
685 1946 826 1984 ejusmodi
854 1955 886 1975 re

230 1994 354 2023 maxime
367 1995 562 2024 necessarium
576 1999 628 2029 est,
641 1993 760 2035 facere,
775 2000 810 2023 ut
825 2004 886 2033 quae

230 2042 283 2073 ille
298 2043 461 2079 libidinose,
477 2055 537 2083 quae
560 2043 686 2085 nefarie,
701 2055 763 2084 quar
780 2045 887 2074 crude-

232 2092 303 2122 liter
314 2093 440 2134 fecerit‚
454 2103 487 2123 ea
501 2103 580 2132 aeque
594 2095 700 2123 acerba
714 2100 742 2123 et
762 2095 886 2135 indigna

231 2151 288 2171 esse
310 2142 470 2172 videantur
496 2143 543 2178 iis,
569 2143 619 2182 qm·
642 2143 777 2179 audient,
799 2149 888 2182 atque

231 2191 294 2221 illis
318 2192 380 2221 visa
404 2198 474 2221 sunt
496 2193 546 2231 qui
572 2198 738 2222 senserunt.
771 2197 803 2222 et
829 2192 887 2223 hoc

231 2245 290 2276 est,
306 2239 388 2281 quod
402 2240 434 2270 in
450 2240 511 2271 alia
526 2251 557 2271 re
570 2240 646 2271 dicit
658 2240 806 2272 Horatius
818 2240 887 2271 Art.

232 2289 323 2320 Poe‘t.
343 2290 415 2320 180.

276 2339 402 2381 Segnius
424 2340 549 2370 irritant
573 2341 684 2371 animos
700 2341 823 2370 demissa
836 2350 888 2379 per

317 2398 431 2423 aurem,

278 2436 375 2471 Quam
390 2448 451 2477 quae
465 2443 535 2467 sunt
553 2437 644 2467 oculis
665 2436 792 2476 subjecta
806 2437 887 2477 fide-

320 2487 406 2522 libus,
421 2492 450 2516 et
463 2497 525 2526 quae

279 2535 344 2575 Ipse
358 2537 411 2566 sibi
427 2536 521 2566 tradit
535 2542 691 2574 spectator.

234 2583 318 2615 Vide
342 2584 454 2615 Heins.
480 2583 520 2615 ad
548 2584 633 2615 Veli.
655 2584 760 2614 Pater.
779 2583 812 2613 ii.
840 2584 887 2613 12.

235 2633 287 2664 ubi
305 2633 401 2674 legit:
428 2633 477 2664 En
499 2635 591 2664 venit.
616 2633 659 2664 510
682 2633 840 2663 Arnobius
857 2644 890 2674 p.

235 2682 311 2713 208.
336 2682 416 2712 dixit
429 2693 543 2713 sensum
567 2683 729 2713 oculor-um.
753 2688 784 2713 ct
811 2683 891 2713 hunc

235 2729 340 2761 locum
357 2730 434 2761 forte
450 2736 521 2762 ante
536 2730 642 2762 oculos
658 2730 767 2761 habuit
783 2730 892 2761 Orien-

239 2779 300 2811 tius
315 2779 347 2812 in
363 2779 604 2812 Commonitorio
619 2780 675 2811 lib.
692 2779 723 2811 ii.

992 1005 1227 1047 Luminibusque
1238 1007 1335 1043 illinc,
1351 1007 1420 1037 hinc
1435 1008 1517 1038 venit
1535 1019 1609 1038 aure

1033 1055 1130 1084 dolor.

950 1103 1114 1135 Possemus
1126 1108 1157 1134 et
1179 1114 1290 1145 capere
1313 1104 1380 1135 11ωο
1398 1105 1493 1136 verba
1507 1105 1562 1140 ita,
1579 1109 1610 1134 et

950 1151 1036 1182 dolor
1058 1153 1097 1183 ab
1121 1163 1195 1183 aure
1214 1155 1307 1189 venit,
1326 1156 1398 1195 (pro
1418 1159 1474 1189 est,
1489 1159 1523 1184 ut
1538 1153 1609 1183 mil-

949 1200 1020 1232 lies.
1047 1202 1112 1233 vid.
1130 1202 1170 1233 ad
1194 1202 1294 1244 Epist.
1317 1202 1361 1233 iv.
1381 1203 1471 1241 115.)
1494 1202 1607 1239 mollis,

951 1250 976 1282 si
992 1257 1187 1293 comparetur
1201 1262 1273 1282 cum
1286 1252 1401 1288 dolore,
1414 1252 1467 1294 qui
1481 1253 1519 1283 ab
1533 1263 1608 1283 ocu-

951 1300 990 1331 lis
1017 1300 1116 1331 venit:
1143 1300 1265 1331 mollior
1289 1300 1376 1332 dolor
1409 1307 1456 1332 est
1490 1300 1609 1337 audire,

951 1360 1045 1392 quam
1061 1350 1179 1381 videre.
1197 1357 1232 1381 ut
1245 1353 1284 1381 ad
1300 1350 1446 1381 inserviat
1460 1350 1511 1381 hic
1526 1361 1610 1381 com-

951 1399 1114 1441 parationi,
1128 1400 1208 1431 sicut
1223 1400 1307 1442 apud
1319 1401 1449 1431 Terent.
1466 1399 1612 1430 Eunuch.

951 1448 983 1479 ii.
999 1449 1045 1480 iii.
1061 1450 1115 1480 69.
1140 1450 1182 1480 At
1206 1451 1285 1480 nihil
1307 1451 1345 1480 ad
1370 1456 1500 1480 nostrum
1522 1450 1610 1480 hanc.

952 1498 1058 1529 Livius
1070 1498 1147 1529 xxii.
1164 1499 1219 1529 22.
1254 1499 1350 1529 Homo
1370 1510 1430 1529 non
1453 1501 1492 1529 ad
1512 1505 1610 1529 cetera

953 1547 1073 1578 Punica
1094 1550 1217 1590 ingenia
1239 1549 1381 1580 callidus.
1405 1548 1459 1579 sed
1481 1548 1611 1590 praefero

952 1596 1049 1638 prius.
1094 1598 1210 1628 Romu.

1000 1647 1069 1677 121.
1092 1646 1297 1686 Adducitur.]
1323 1645 1486 1677 Leidensis
1511 1645 1611 1677 codex

953 1697 1123 1732 deducitur,
1139 1696 1223 1738 quod
1240 1707 1301 1727 non
1317 1696 1357 1727 de
1372 1695 1479 1726 nihilo.
1504 1700 1611 1726 notum

954 1745 1037 1776 enim
1053 1745 1110 1776 hoc
1125 1746 1253 1777 verbum
1275 1745 1390 1787 passim
1410 1745 1449 1775 de
1472 1745 1611 1775 meretri-

954 1793 1043 1825 cibus
1067 1800 1098 1825 et
1122 1795 1287 1836 pellicibus
1309 1794 1382 1831 dici,
1398 1800 1432 1825 ut
1456 1800 1487 1825 et
1498 1796 1610 1833 perdu-

953 1854 1016 1874 cere
1022 1855 1033 1880 ;
1057 1843 1100 1874 sic
1115 1843 1194 1874 illud
1210 1842 1368 1874 Ciceronis
1383 1843 1465 1885 apud
1484 1843 1611 1873 Sueton.

953 1892 1036 1923 Caes.
1053 1893 1107 1923 51.
1137 1892 1238 1923 Tertia
1253 1894 1379 1923 deducta
1395 1898 1448 1922 est.
1464 1891 1519 1922 sed
1537 1891 1610 1932 quia

952 1941 985 1971 in
1008 1941 1066 1972 hoc
1086 1942 1181 1972 verbo
1201 1940 1304 1982 potius
1327 1940 1383 1971 illa
1407 1939 1453 1971 vis
1477 1939 1561 1976 insit,
1577 1946 1612 1970 ut

953 1996 1072 2021 secreto
1086 1989 1258 2020 deducatur
1272 1989 1303 2020 in
1316 1989 1466 2020 thalamos
1478 1987 1612 2020 adulteri

954 2039 1003 2070 vel
1019 2038 1163 2069 amatoris
1179 2038 1289 2074 amica,
1306 2038 1465 2080 vulgatam
1482 2037 1532 2068 hic
1547 2047 1611 2068 ser·

954 2099 1014 2126 vo3
1038 2088 1127 2130 cujus
1148 2087 1241 2118 etiam
1263 2087 1348 2118 verbi
1373 2086 1405 2118 in
1429 2086 1512 2128 turpi
1527 2096 1611 2117 com-

954 2136 1070 2168 mercio
1084 2137 1137 2167 illo
1153 2147 1226 2167 usus
1239 2142 1296 2172 est,
1312 2142 1343 2167 et
1365 2135 1521 2178 praecipue
1538 2135 1611 2166 huic

954 2186 1022 2217 loco
1037 2185 1193 2221 convenit,
1208 2185 1260 2216 ubi
1277 2184 1402 2216 additur
1416 2191 1486 2216 ante
1500 2186 1611 2216 oculos.

956 2241 990 2267 ut
1005 2241 1036 2266 et
1051 2234 1096 2265 iii.
1114 2235 1198 2265 Fast.
1213 2235 1289 2265 483.

999 2286 1097 2316 Ausus
1112 2295 1139 2315 es
1159 2291 1230 2314 ante
1252 2284 1348 2314 oculos
1362 2284 1494 2314 adducta
1507 2283 1614 2323 pellice

1080 2340 1202 2369 nostros,

1044 2383 1115 2414 Tam
1148 2385 1217 2414 bene
1243 2384 1430 2423 compositum
1452 2382 1615 2412 sollicitare

1082 2440 1193 2463 torum.
1451 2430 1569 2461 Bmm.

1002 2483 1073 2513 123.
1094 2482 1161 2511 Non
1176 2481 1278 2521 sinis]
1298 2481 1475 2510 Puteaneus
1487 2491 1504 2510 a
1519 2490 1612 2511 manu

956 2530 1093 2562 secunda
1129 2542 1201 2560 ηιιηι
1235 2531 1329 2561 sinis?
1366 2528 1550 2569 elegantius,
1580 2535 1613 2558 ut

957 2586 1051 2622 puto:
1077 2580 1194 2611 habent
1218 2579 1300 2610 enirn
1327 2588 1470 2619 magnam
1498 2578 1558 2608 vim
1582 2578 1613 2608 in

958 2629 1243 2672 exprobrationibus
1265 2629 1326 2660 illae
1350 2627 1615 2668 interrogationes,

960 2690 1028 2720 qua:
1042 2679 1072 2708 in
1083 2678 1141 2709 hac
1152 2678 1283 2720 epistola
1294 2676 1528 2718 frequentiores.
1544 2686 1614 2706 sen-

959 2739 1012 2759 sus
1027 2738 1113 2758 vero:
1138 2727 1189 2758 An
1211 2738 1274 2769 prae
1290 2727 1404 2768 pudore
1415 2726 1507 2767 jubes
1530 2725 1614 2755 illam

962 2779 1012 2809 via
1026 2783 1144 2808 secreta
1159 2782 1191 2807 et
1210 2786 1320 2808 aversa
1333 2774 1403 2807 duci
1427 2774 1458 2805 in
1477 2774 1613 2810 domum,

1062 2830 1074 2860 1
1092 2830 1110 2859 4
