1849 3198
227 181 313 222 402

618 183 668 223 Ρ.
705 181 817 223 OVI
826 182 919 223 DlI
955 180 1235 223 NASONIS

233 295 333 342 Sed
353 298 459 358 jam
486 313 669 360 pompa
694 297 843 344 venit.
882 297 1063 360 linguis
1089 297 1367 360 animisque
1391 297 1567 346 favete.

296 371 517 436 Tempus
543 374 686 422 adest
709 374 914 437 plausus
934 392 943 422 :
984 390 1133 422 aurea
1156 390 1341 438 pompa
1365 376 1514 422 venit.

231 447 400 495 Prima
424 449 532 496 loco
557 449 710 497 fertur
735 451 896 513 passis
921 451 1125 497 victoria
1145 451 1346 514 pennis:

1559 455 1622 499 45

298 524 410 572 Huc
437 527 577 584 ades3
619 534 669 575 et
693 543 832 574 meus
858 528 938 574 hic
963 527 1056 583 fac,
1087 528 1211 583 Dea,
1238 528 1404 574 vincat
1429 544 1579 575 amor.

230 600 461 650 Plaudite
489 603 743 667 Neptuno,
772 604 978 650 nimium
1005 604 1090 666 qui
1116 605 1320 651 creditis
1346 605 1508 652 undis.

298 679 382 725 Nil
409 681 527 727 mihi
553 697 665 728 cum
692 682 893 744 pelago:
934 697 1014 727 me
1041 697 1153 728 mea
1176 688 1307 728 terra
1331 682 1479 744 capit.

230 753 421 803 Plaude
445 764 546 813 tuo,
568 758 727 813 miles,
757 757 932 805 Marti:
973 774 1062 804 nos
1088 758 1282 804 odimus
1308 774 1459 805 arma.

297 832 407 879 Pax
427 836 584 896 juvat,
612 842 662 882 et
686 834 851 881 media
881 833 1014 881 Pace
1041 842 1267 897 repertus
1292 835 1464 881 Amor.
1561 838 1624 881 50

230 909 517 971 Auguribus
543 911 783 968 Phoebus,
811 911 1004 959 Phoebe
1028 912 1323 959 venantibus
1351 912 1502 959 adsit:

297 986 527 1035 Artifices
553 989 603 1034 in
628 996 677 1035 te
702 995 854 1043 verte,
884 987 1126 1043 Minerva,
1154 1004 1347 1035 manus.

232 1064 479 1111 Ruricolae
508 1065 696 1121 Cereri,
723 1073 994 1128 teneroque
1020 1065 1271 1127 adsurgite
1300 1065 1524 1112 Baccho:

299 1141 556 1189 Pollucem
583 1143 793 1205 pugiles,
824 1143 1036 1190 Castora
1060 1143 1227 1206 placet
1251 1158 1422 1205 eques.

232 1216 337 1263 Nos
363 1218 469 1274 tibi,
496 1220 682 1293 blanda
705 1219 893 1275 Venus,
912 1220 1181 1283 puerisque
1201 1219 1490 1282 potentibus
1509 1234 1625 1265 arcu

297 1294 615 1351 Plaudimus.
635 1297 846 1360 inceptis
874 1298 1053 1353 adnue,
1083 1297 1226 1352 Diva,
1254 1297 1394 1344 meis.

1562 1299 1624 1344 56

232 1371 411 1434 Daque
438 1371 575 1420 novae
603 1381 822 1421 mentem
848 1375 1079 1430 dominae,
1107 1374 1323 1438 patiatur
1349 1374 1517 1422 amari.

296 1448 509 1506 Adnuit3
551 1461 602 1497 et
627 1458 764 1498 motu
790 1451 932 1513 signa
957 1452 1179 1498 secunda
1203 1451 1357 1498 dedit.

231 1523 378 1579 Quod
405 1526 515 1573 Dea
539 1529 780 1590 promisit,
809 1529 1069 1591 promittas
1095 1528 1206 1591 ipsa
1230 1543 1477 1590 rogamus.

297 1602 433 1650 Pace
456 1604 633 1666 loquar
658 1604 889 1652 Veneris:
930 1612 983 1651 tu
1012 1605 1122 1652 Dea
1146 1606 1302 1667 major
1326 1604 1438 1651 eris.

1562 1606 1625 1651 60

232 1678 330 1726 Per
353 1679 443 1726 tibi
469 1686 542 1726 tot
559 1681 673 1742 juro
698 1688 870 1736 testes,
898 1697 1236 1745 pompamque
1263 1681 1501 1736 Deorum,

297 1755 369 1803 Te
394 1756 645 1804 dominam
672 1758 814 1805 nobis
839 1763 1038 1821 tempus
1065 1759 1113 1804 in
1140 1773 1285 1804 omne
1311 1757 1431 1821 peti.

272 1888 324 1918 43.
348 1887 435 1928 Sem]
480 1888 640 1920 Particula
673 1889 741 1920 haec
777 1889 896 1920 comica

229 1947 353 1978 semper
366 1947 481 1967 novum
497 1936 618 1978 aliquid
634 1938 838 1969 demonstrat.
861 1948 896 1969 ut

228 1985 312 2026 apud
334 1985 514 2017 Terentium
529 1986 628 2017 Andr.
643 1988 666 2017 i.
683 1986 728 2017 iii.
754 1988 808 2018 41.
839 1988 896 2018 Sed

232 2035 327 2074 IlIysis
341 2036 377 2064 ab
389 2046 423 2065 ea
438 2038 607 2076 egreditur.
639 2037 787 2067 MAmrs.

274 2084 406 2123 Sedjam
418 2096 524 2123 pompa
539 2085 651 2125 venit]
685 2085 805 2126 Pompa
827 2085 894 2116 haec

230 2131 387 2168 solemnis,
430 2143 525 2173 quam
571 2133 695 2174 egregie
746 2134 894 2165 describit

230 2180 361 2221 Dionys.
378 2181 540 2212 Halicarn.
565 2183 617 2213 vii.
638 2184 689 2213 72.
705 2193 722 2214 a
738 2183 894 2225 Capitolio

230 2228 261 2258 in
306 2228 431 2267 Circum
481 2239 594 2271 magno
642 2236 804 2273 apparatu,
842 2242 892 2262 eo-

230 2288 291 2318 que
329 2277 435 2308 ordine
465 2288 520 2319 per
557 2279 656 2309 forum
692 2280 892 2321 procedebat.

230 2326 349 2357 AMAn.

272 2377 326 2406 51.
341 2376 456 2415 Atisim]
483 2377 571 2407 Adsis
585 2375 730 2407 Mentelii
746 2377 837 2408 liber.

273 2427 325 2456 52.
350 2426 518 2466 Artifices]
571 2426 724 2466 Lanificas
769 2427 893 2458 volebat

230 2474 389 2505 Francius.
411 2484 448 2505 ex
476 2475 498 2504 i.
525 2474 633 2505 Amor.
664 2475 728 2505 xiii.
755 2477 809 2506 24.
835 2476 891 2507 sed

230 2534 289 2554 non
316 2522 388 2553 solis
413 2522 520 2553 lanam
544 2523 740 2559 facientibus,
756 2524 810 2555 sed
826 2535 891 2554 om-

229 2571 315 2602 nium
343 2571 455 2601 artium
483 2571 628 2602 studiosis
654 2578 796 2612 praeerat,
825 2573 892 2603 Dea

229 2621 310 2650 mille
332 2631 462 2659 operum,
477 2625 512 2651 ut
536 2620 649 2650 Nostro
674 2620 729 2651 lib.
747 2621 791 2651 iii.
808 2622 890 2653 Fast.

230 2670 303 2699 833.
318 2668 442 2699 dicitur.
457 2679 514 2699 nec
530 2669 602 2700 solae
618 2669 750 2699 lanificae
767 2675 889 2711 specta-

228 2718 303 2748 bant
319 2718 491 2755 Circenses,
508 2718 561 2749 sed
578 2717 652 2748 varii
677 2717 821 2755 artifices,
837 2719 889 2760 qui

962 1900 1069 1920 omnes
1098 1889 1251 1920 Minervae
1282 1889 1431 1930 plaudere
1464 1888 1625 1930 jubentur.

963 1939 1079 1969 Bmm.

1006 1989 1060 2019 53.
1078 1987 1271 2027 Teneroque]
1308 1987 1457 2017 Francius
1475 1987 1624 2023 malebat,

959 2038 1114 2077 plenoque.
1140 2037 1195 2067 sed
1225 2042 1365 2067 tenerum
1395 2042 1427 2067 et
1449 2037 1627 2073 formosum,

963 2097 1023 2116 non
1047 2086 1255 2117 ventricosum
1280 2086 1374 2116 fuisse
1401 2092 1432 2116 et
1457 2085 1626 2117 deformem

963 2135 1124 2165 Bacchum
1142 2134 1248 2165 docuit
1264 2134 1403 2164 Broukh.
1421 2134 1460 2164 ad
1474 2134 1580 2165 Tibul.
1594 2134 1627 2165 ii.

961 2183 1008 2214 iii.
1026 2185 1079 2214 30.
1098 2183 1152 2215 ubi
1169 2188 1200 2213 et
1219 2183 1313 2214 Tener
1328 2183 1452 2214 dicitur.
1481 2184 1598 2214 Bumu.

1004 2235 1058 2263 55.
1090 2233 1241 2272 Puerique
1285 2233 1451 2271 potentibus
1501 2234 1623 2274 armis]

962 2282 1134 2312 Hmmus.
1167 2282 1257 2313 Forte
1269 2281 1381 2312 melius
1394 2288 1485 2317 esset,
1497 2285 1626 2322 potenti-

961 2332 1013 2360 bus
1027 2331 1126 2360 arctis.
1143 2335 1178 2360 ut
1200 2329 1245 2360 ita
1266 2329 1381 2371 passim
1405 2331 1482 2360 Deae
1506 2330 1624 2372 Diique

957 2385 1088 2417 potentes
1109 2379 1235 2409 illarum
1256 2389 1368 2414 rerum,
1386 2379 1498 2420 quibus
1519 2381 1625 2411 valent

960 2433 991 2458 et
1005 2434 1142 2469 praesunt
1158 2427 1315 2458 dicuntur.
1362 2428 1481 2458 anM.

1002 2476 1056 2506 61.
1082 2476 1144 2506 Per
1170 2487 1288 2515 superos
1304 2479 1383 2515 jura
1412 2477 1522 2517 testea]
1563 2477 1624 2508 Per

959 2525 1012 2553 tibi
1029 2527 1158 2563 totjuro
1174 2527 1353 2564 testes.j11ro
1377 2527 1430 2555 tibi
1450 2526 1622 2567 eleganter.

959 2574 1134 2604 mesms.
1164 2574 1269 2605 Solere
1290 2574 1322 2604 in
1338 2575 1463 2616 jurandi
1485 2575 1625 2606 formulis

958 2623 1204 2664 praepositi011em
1224 2635 1288 2663 per,
1312 2623 1475 2666 interjecta
1497 2625 1621 2661 vocula,

959 2681 977 2700 a
990 2682 1044 2701 suo
1057 2682 1130 2702 casu
1147 2673 1289 2713 separare
1304 2678 1434 2709 veteres,
1451 2673 1620 2704 docuerunt

958 2719 1096 2761 plurimi.
1128 2721 1243 2752 Brun.
