1849 3198
196 173 281 213 212

591 175 639 214 P.
675 172 886 214 OVIDII
920 173 1199 216 NASONIS

207 288 250 333 Ο
279 289 473 351 quoties
499 288 651 344 dices,
681 288 843 343 Quam
869 306 1058 354 pauper
1083 289 1275 338 Achaia
1298 299 1466 339 nostra
1489 291 1587 339 est!

274 365 388 412 Una
411 365 587 412 domus
614 366 811 428 quasvis
838 367 972 414 urbis
988 367 1203 414 'habebit
1227 385 1364 431 opes,

1497 372 1589 417 186

208 442 314 489 Nec
341 442 460 488 mihi
485 442 557 489 fas
583 442 727 489 fuerit
754 443 967 506 Sparten
992 451 1309 492 contemnere
1334 453 1564 493 vestram.

274 519 332 566 In
358 535 458 583 qua
482 527 534 567 tu
561 527 677 567 nata
702 537 770 575 eS‚
792 528 922 567 terra
946 522 1093 568 beata
1117 522 1236 568 mihi
1263 531 1353 569 est.

207 597 368 644 Parca
392 597 480 644 sed
507 604 583 644 est
611 597 817 660 Sparte:
858 604 910 643 111
937 598 1073 644 6111111
1099 598 1248 646 divite
1275 599 1426 662 digna
1449 616 1520 646 es.

273 675 352 722 Ad
378 676 526 722 talem
553 675 758 722 formam
784 691 882 721 non
908 675 1025 721 facit
1050 675 1142 722 iste
1168 676 1322 723 locus.

1499 679 1591 724 190

208 752 351 800 Hanc
377 753 553 800 faciem
578 753 726 814 largis
753 754 858 800 sine
883 753 980 799 fine
1006 753 1259 816 paratibus
1286 755 1372 809 uti,

277 831 583 893 Deliciisque
610 831 757 878 decet
780 831 1027 878 luxuriare
1054 832 1207 878 novis.

211 909 340 955 Cum
364 909 533 955 videas
560 909 748 955 cultum
774 916 942 955 nostra
965 909 1027 956 de
1053 917 1200 971 gente
1225 911 1465 967 Virorum3

275 987 485 1041 Qualem
514 986 825 1033 Dardanidas
852 987 1012 1034 credis
1038 987 1220 1034 habere
1245 988 1430 1034 nurus?

211 1065 290 1112 Da
314 1064 459 1110 modo
484 1071 533 1110 te
558 1063 777 1111 facilem:
806 1080 898 1110 nec
921 1064 1190 1126 dedignare
1216 1065 1461 1120 maritum,
1502 1067 1593 1111 195

276 1141 412 1188 Rure
438 1140 745 1204 Therapnaeo
772 1148 887 1188 nata
911 1141 1092 1204 puella,
1120 1141 1391 1205 Phrygem.

210 1219 384 1283 Phryx
423 1226 542 1274 erat,
579 1226 628 1266 et
666 1227 832 1265 nostro
870 1219 1066 1281 genitus
1104 1219 1167 1266 de
1209 1220 1464 1281 sanguine,
1509 1218 1594 1281 qui

279 1298 408 1344 Cum
430 1297 520 1343 Dis
547 1298 791 1360 potandas
818 1304 1017 1344 nectare
1038 1296 1216 1343 miscet
1240 1312 1412 1359 aquas.
1443 1297 1593 1357 [nunc

212 1375 385 1438 Phryx
412 1382 516 1422 erat
540 1374 744 1421 Aurorae
772 1377 972 1438 conjux.
1003 1381 1170 1422 tamen
1196 1375 1400 1421 abstulit
1423 1374 1561 1420 illum

279 1451 573 1499 Extremum
598 1452 756 1498 noctis
782 1468 893 1515 quae
922 1452 1032 1498 Dea
1055 1452 1163 1499 finit
1186 1452 1293 1499 iter.

1498 1454 1596 1497 200

212 1529 386 1593 Phryx
413 1530 561 1576 etiam
587 1529 850 1584 Anchises,
878 1529 1132 1575 volucrum
1157 1529 1236 1576 cui
1263 1536 1420 1575 mater
1444 1527 1595 1575 Amo-

280 1607 480 1653 Gaudet
504 1607 553 1652 in
579 1606 726 1653 Idaeis
752 1607 1082 1654 concubuisse
1101 1607 1252 1670 jugis.

1465 1607 1595 1668 [rum

149 1707 151 1711 v
214 1682 339 1738 Nec,
367 1690 503 1746 puto,
531 1683 721 1730 collatis
747 1683 903 1730 forma
928 1683 1188 1731 Menelaus
1215 1691 1264 1731 et
1288 1684 1445 1739 annis,

277 1759 307 1806 J
313 1760 457 1808 udice
482 1767 547 1816 te,
575 1761 716 1807 nobis
743 1760 1089 1808 anteferendus
1116 1762 1223 1808 erit.

258 1885 331 1915 185.
359 1884 384 1914 Ο
402 1884 538 1924 quoties]
556 1885 603 1914 Ah
618 1887 738 1925 quoties,
764 1886 871 1915 Oxon-

212 1934 318 1965 iensis.
352 1933 417 1964 vid.
450 1934 550 1975 Epist.
582 1934 623 1964 ix.
654 1935 708 1965 79.
747 1941 777 1965 et
802 1935 870 1965 infr.

213 1994 293 2014 vers.
318 1985 394 2014 239.
425 1984 500 2014 241.
532 1989 563 2014 et
588 1983 688 2026 Epist.
718 1984 794 2014 xvii.
820 1985 871 2014 81.

214 2033 349 2063 Metam.
370 2033 415 2063 iii.
438 2034 513 2064 375.
540 2039 570 2063 et
587 2045 617 2063 x.
637 2034 709 2064 661.
732 2033 785 2063 ubi
808 2034 871 2064 fere

214 2081 356 2112 similiter
384 2089 544 2123 pecca‘ur.
583 2083 756 2113 Hnmsnvs.
810 2083 870 2113 Pu-

214 2139 342 2161 teaneus
356 2136 387 2161 et
403 2131 547 2161 Francof.
595 2131 645 2161 Ha
662 2134 783 2171 quoties.

261 2181 331 2210 186.
359 2180 427 2210 Una
451 2182 551 2210 domus
574 2181 707 2221 quavis]
737 2181 871 2217 Quas-zvis,

216 2228 382 2270 Gottorph.
403 2230 503 2266 bene3
530 2229 588 2260 nisi
613 2231 746 2269 quamvis
766 2230 870 2260 malis.

215 2278 292 2307 forte
308 2277 400 2308 etiam
415 2280 501 2313 orbis,
516 2289 570 2320 pro
585 2280 677 2308 urbis.
700 2279 872 2310 meslrs.

217 2328 359 2361 Quamvis
373 2332 420 2357 est
435 2327 467 2357 111
481 2327 622 2358 Francos.
639 2327 720 2369 quod
737 2328 873 2358 malebat

216 2376 310 2407 etiam
326 2376 487 2407 Francius.
512 2382 558 2406 est
574 2388 645 2406 vero
663 2376 795 2407 imitatio
811 2378 872 2408 Eu-

216 2425 324 2467 ripidis
341 2437 377 2456 ex
391 2426 501 2456 Oreste
522 2427 615 2456 1114.

211 2473 303 2506 ’Ώῡ-έ)1
314 2474 435 2512 Ἑλλὰς
444 2475 528 2516 αὐτῇ
536 2476 667 2518 σμικρὸν
678 2475 874 2517 οἰκητήριον.

712 2525 830 2555 Humi.

266 2575 337 2605 196.
374 2574 555 2615 Phrygem]
603 2575 693 2605 Hanc
728 2574 876 2606 invidiam

220 2623 378 2665 deprecari
404 2624 550 2660 debebat,
570 2635 606 2654 ne
630 2625 766 2666 obstaret
782 2626 876 2655 amori

220 2683 275 2703 suo
290 2672 390 2713 gentis
402 2672 517 2703 vilitas.
533 2673 666 2703 maxime
678 2673 760 2703 6111111
774 2673 877 2704 Graeci

220 2722 361 2763 Phrygas
376 2721 642 2763 despiciebant,ut
654 2732 691 2752 ex
705 2722 878 2754 Proverbiis

939 1885 1079 1925 pluribus
1092 1890 1224 1916 constat.
1249 1885 1357 1927 qualia
1371 1895 1408 1915 ex
1425 1884 1521 1915 Suida
1534 1884 1598 1915 col-

939 1934 1016 1975 legit
1038 1935 1184 1966 Schottus
1206 1935 1336 1966 Centur.
1354 1935 1417 1965 xiv.
1436 1946 1467 1965 n.
1491 1936 1544 1966 45.
1568 1940 1599 1965 et

941 1985 993 2014 46.
1012 1990 1042 2014 et
1057 1983 1238 2025 Apostolius
1261 1984 1392 2015 Centur.
1410 1995 1464 2014 xx.
1489 1985 1542 2014 36.
1567 1990 1598 2014 et

941 2034 992 2063 37.
1005 2039 1035 2064 et
1050 2032 1115 2063 alii.
1133 2033 1257 2064 codices
1273 2044 1344 2063 vcro
1360 2033 1499 2074 quidam,
1522 2034 1596 2064 The-

940 2094 1079 2119 rammro,
1096 2083 1224 2119 habent,
1250 2089 1283 2114 ut
1306 2089 1336 2113 et
1359 2083 1441 2124 apud
1465 2083 1597 2114 Statium

939 2131 985 2163 iii.
1014 2132 1115 2163 Theb.
1148 2133 1222 2162 422.
1250 2139 1281 2163 et
1313 2131 1366 2163 vii.
1393 2134 1466 2164 793.
1498 2132 1599 2164 variat

939 2181 1102 2223 scriptura.
1119 2181 1162 2211 sic
1175 2187 1206 2211 et
1220 2182 1431 2221 Thempnaeum
1448 2182 1599 2212 Pollucem

939 2230 1089 2271 Apollon.
1106 2229 1183 2260 dicit
1197 2230 1253 2260 lib.
1271 2230 1304 2260 ii.
1326 2231 1399 2260 163.
1446 2231 1562 2261 anm.

984 2281 1059 2310 201.
1087 2280 1184 2320 Phr-uri
1204 2287 1269 2310 erat
1286 2280 1455 2320 Anchises]
1482 2280 1600 2312 Statius

942 2329 963 2360 i.
981 2329 1058 2359 Silv.
1076 2328 1110 2359 ii.
1131 2330 1203 2359 187.

989 2378 1074 2408 Unde
1087 2390 1192 2408 norum
1209 2379 1301 2419 Trqjir·
1310 2380 1410 2415 decus,
1421 2381 1597 2410 ardentum-

1026 2439 1081 2467 que
1095 2430 1216 2458 deorum

986 2477 1102 2516 Rapien-
1130 2484 1207 2512 erat,
1242 2477 1375 2518 Phrygio
1403 2479 1426 2507 si
1455 2489 1515 2508 *non
1549 2489 1600 2519 ego

1017 2528 1132 2565 juncta
1148 2526 1280 2556 Marito?

946 2576 1045 2616 Phryi
1064 2577 1149 2605 etiam
1163 2577 1302 2606 Anchises
1315 2575 1464 2606 editiones
1475 2576 1600 2618 priores,

942 2630 972 2655 et
988 2624 1129 2655 Francof.
1148 2630 1178 2655 et
1191 2635 1298 2655 omnes
1309 2625 1371 2655 fere
1385 2624 1519 2655 codices.
1537 2625 1599 2656 duo

945 2684 1026 2710 vero,
1043 2674 1166 2705 Bersm.
1184 2680 1214 2704 et
1225 2675 1341 2704 Do'uzae
1358 2673 1466 2710 codex,
1477 2682 1555 2705 erut.

988 2724 1063 2755 203.
1083 2723 1314 2765 Collatisjbrma
1332 2724 1488 2755 Menelaus
1504 2731 1531 2755 et
1546 2736 1598 2755 ‹zr-
