1849 3198
218 175 303 217 374
612 173 661 212 P.
695 171 909 213 OVIDII
943 171 1223 214 NASONIS

224 289 459 337 Vestrum
483 288 670 335 crimen
695 288 787 335 erit
809 287 921 335 talis
941 288 1138 349 jactura
1161 287 1357 350 puellae,
1546 290 1613 334 35

292 365 636 427 Nereidesque
663 364 802 419 Deae,
832 363 1206 426 Nereidumque
1230 371 1387 427 pater.

224 442 362 489 Vade
388 458 575 489 memor
599 442 768 497 nostri,
795 448 941 489 vento
968 441 1184 488 reditura
1207 442 1454 498 secundo;

292 519 507 582 Impleat
530 519 614 566 illa
635 526 747 566 tuos
772 518 939 565 fortior
963 534 1082 564 aura
1106 518 1258 565 sinus.

225 595 354 642 Tum
378 612 512 644 mare
531 597 579 642 in
604 596 709 643 haec
726 612 934 658 magnus
960 596 1203 659 proclinet
1226 595 1370 642 litora
1386 594 1578 642 Nereus
1598 611 1611 641 τ

292 672 405 721 Huc
430 674 562 721 venti
588 674 796 737 spirent:
837 675 934 721 huc
956 679 1071 736 agat
1095 680 1244 719 aestus
1271 688 1441 736 aquas.
1547 674 1615 717 40

227 748 346 813 Ipsa
369 766 528 812 roges,
556 750 771 814 Zephyri
797 751 994 797 veniant
1016 750 1065 795 in
1088 750 1242 797 lintea
1264 750 1396 813 pleni
1416 767 1425 797 z

293 826 411 891 Ipsa
434 829 521 874 tua
548 844 746 875 moveas
770 828 969 890 turgida
991 828 1101 874 vela
1120 843 1285 873 manu.

227 902 424 950 Primus
450 920 543 966 ego
569 905 842 968 adspiciam
868 912 1035 951 notam
1059 904 1122 950 de
1146 904 1287 951 litore
1311 903 1507 967 pinum;

292 978 358 1027 Et
382 981 560 1036 dicam,
590 981 801 1028 Nostros
827 981 1027 1028 advehit
1051 981 1134 1027 illa
1160 980 1321 1028 Deos:

228 1056 591 1120 Excipiamque
610 1059 844 1114 humeris,
863 1067 912 1106 et
927 1059 1083 1105 multa
1101 1059 1206 1105 sine
1226 1058 1396 1105 ordine
1411 1072 1612 1120 carpam

293 1133 496 1181 Oscula.
535 1151 623 1198 pro
648 1135 807 1182 reditu
832 1136 1033 1182 victima
1055 1142 1170 1182 vota
1192 1136 1354 1182 cadet.
1547 1136 1609 1180 46

228 1209 389 1273 Inque
414 1212 505 1258 tori
531 1211 738 1259 formam
764 1214 935 1260 molles
963 1220 1241 1260 sternentur
1266 1228 1426 1259 arenae
1447 1229 1455 1258 :

294 1287 360 1334 Et
382 1290 601 1336 tumulus
627 1306 811 1337 mensae
839 1291 1048 1353 quilibet
1072 1291 1225 1336 instar
1249 1290 1356 1336 erit.

227 1363 333 1411 Illic
360 1366 586 1429 adposito
612 1367 830 1415 narrabis
856 1368 1012 1414 multa
1037 1366 1204 1430 Lyaeo,

296 1440 434 1488 Pene
459 1443 523 1489 sit
547 1451 601 1489 ut
625 1443 800 1490 mediis
826 1445 1004 1490 obruta
1027 1444 1163 1490 navis
1190 1443 1358 1505 aquis:
1550 1444 1617 1488 50

230 1517 465 1581 Dumque
486 1520 548 1566 ad
570 1536 649 1567 me
669 1536 921 1583 properas,
943 1537 1034 1567 nec
1056 1521 1237 1583 iniquae
1255 1527 1481 1583 tempora
1498 1535 1612 1566 noc-

295 1594 403 1642 Nec
428 1602 477 1643 te
502 1598 784 1661 praecipites
811 1599 1102 1645 extimuisse
1130 1597 1305 1644 Notos.
1509 1597 1610 1658 [tis,

230 1671 414 1719 Omnia
438 1689 525 1735 pro
550 1674 676 1721 veris
702 1675 918 1730 credam,
947 1675 1044 1721 sint
1067 1675 1184 1722 ficta
1205 1674 1390 1721 licebit.

293 1748 398 1795 Cur
421 1765 514 1812 ego
538 1767 635 1797 non
659 1751 784 1797 votis
810 1751 1033 1798 blandiar
1056 1752 1165 1815 ipse
1188 1751 1346 1798 meis?

228 1823 352 1872 Haec
377 1826 496 1873 mihi
522 1828 890 1891 quamprimum
915 1830 1038 1876 coelo
1063 1829 1387 1876 nitidissimus
1414 1828 1511 1875 alto
1549 1830 1611 1874 55

297 1901 492 1951 Lucifer
516 1904 732 1951 admisso
757 1912 980 1969 tempora
1004 1912 1166 1969 portet
1191 1921 1337 1968 equo.

273 2046 325 2076 42.
349 2045 419 2086 Ipsa
434 2047 488 2076 tud
509 2047 653 2088 amoena]
679 2047 793 2084 Recte,
808 2051 888 2088 ipsa.-

228 2104 302 2124 nam
338 2100 370 2126 et
398 2100 536 2126 vectores
564 2096 733 2138 aliquando
763 2097 889 2129 nautica

229 2144 406 2175 tractabant
437 2155 535 2176 arma.
564 2145 628 2176 vid.
665 2146 819 2177 Passerat.
849 2147 888 2178 ad

230 2192 372 2233 Propert.
388 2192 432 2223 iii.
445 2193 534 2234 Eleg.
552 2194 594 2224 vi.
609 2205 681 2236 pag.
697 2195 770 2225 445.

274 2242 328 2272 45.
354 2241 566 2282 Excipiamque
590 2243 745 2283 humeris]
778 2243 891 2274 Melior

230 2289 323 2321 lectio
351 2291 384 2320 in
411 2291 521 2322 iisdem
555 2292 651 2328 libris,
680 2293 891 2333 Excipiamque

229 2341 324 2370 ulnis.
380 2340 562 2372 C1orANus.
624 2342 712 2372 Ulnis
736 2342 892 2384 Excerpta

230 2389 332 2420 Jureti
353 2395 385 2420 et
408 2390 541 2420 Puteani
562 2401 632 2421 cum
656 2391 762 2422 codice
786 2392 890 2422 Sarra-

232 2437 323 2468 viano
337 2442 369 2468 et
384 2448 437 2469 sex
454 2438 534 2469 aliis.
578 2440 639 2470 Sed
654 2440 781 2481 vulgata
796 2440 889 2481 respi-

232 2487 276 2517 cit
292 2487 331 2518 ad
355 2487 447 2519 ritum
471 2487 570 2524 illum,
587 2499 648 2530 quo
663 2500 680 2519 e
696 2489 766 2520 navi
780 2488 890 2519 alienis

233 2537 367 2569 humeris
382 2548 436 2579 per
451 2537 565 2579 primas
588 2538 686 2569 undas
706 2538 887 2570 defereban-

957 2056 1005 2080 tur
1020 2053 1159 2079 vectores
1173 2048 1205 2078 in
1220 2053 1345 2078 terram.
1388 2048 1506 2079 Hans.

1001 2098 1104 2128 Multa
1124 2099 1187 2127 sine
1204 2098 1308 2127 ordine
1329 2108 1450 2136 carpam
1473 2097 1611 2138 Oscula.]

959 2146 1087 2186 Carpere
1110 2146 1209 2176 oscula
1236 2155 1390 2186 nusquam
1411 2145 1526 2176 dixisse
1540 2147 1617 2178 Ovi-

956 2196 1042 2227 dium
1058 2196 1190 2226 affirmat
1208 2194 1320 2225 Heins-
1338 2194 1471 2236 ideoque
1490 2206 1615 2233 sumam,

956 2254 1028 2274 cum
1053 2244 1248 2280 Sarraviano,
1266 2244 1386 2275 duobus
1402 2244 1565 2281 Palatinis,
1584 2252 1615 2277 et

956 2300 1087 2333 quatuor
1102 2293 1182 2329 aliis,
1197 2293 1363 2334 legendum
1378 2293 1491 2324 rectius
1505 2305 1615 2336 propo—

957 2343 1011 2373 nit.
1057 2343 1201 2374 Catullus
1236 2349 1351 2378 tamen,
1379 2343 1484 2374 Carm.
1513 2343 1612 2374 lxviii.

960 2392 1030 2422 127.
1045 2392 1084 2423 de
1096 2391 1258 2428 Columbo,
1274 2391 1336 2423 ait:

1003 2442 1113 2474 Oscula
1139 2443 1284 2473 mordenti
1311 2452 1420 2482 semper
1446 2439 1615 2482 decerpere

1044 2497 1145 2521 rastro.
1452 2489 1507 2521 Am
1513 2502 1554 2521 An
1562 2513 1569 2521 .
