1849 3198
622 258 969 301 HEROIDES.
1002 257 1095 298 ΕΡ.
1121 257 1202 299 IV.
1551 259 1608 300 37

214 373 310 421 Ars
335 374 406 431 fit,
433 381 488 422 ut
512 390 541 421 a
563 374 745 422 teneris
772 374 959 422 crimen
984 374 1288 422 condiscitur
1313 374 1471 422 annis.

1543 377 1606 421 25

283 451 407 505 Quae
430 451 565 499 venit
588 458 767 499 exacto
791 457 1031 515 ternpore,
1059 451 1202 514 pejus
1227 458 1376 498 amat.

215 527 291 574 Tu
317 544 443 576 nova
466 536 671 576 servatae
697 529 865 592 capies
890 529 1126 575 libamina
1149 528 1314 583 famae;

282 604 348 652 Et
371 606 554 669 pariter
578 613 800 653 nostrum
825 606 911 653 fiet
933 614 1144 670 uterque
1169 623 1370 653 nocens.

217 680 311 729 Est
336 683 538 746 aliquid,
565 683 724 747 plenis
750 683 972 747 pomaria
995 699 1199 747 carpere
1223 683 1388 739 ramis,

283 758 349 806 Et
371 760 508 807 tenui
533 760 742 824 primam
767 761 985 822 deligere
1009 777 1176 823 ungue
1201 777 1379 808 rosam.

1542 764 1606 808 30

217 836 271 883 Si
296 843 463 884 tamen
487 837 568 884 ille
593 837 739 901 prior,
768 853 866 901 quo
892 853 971 884 me
997 837 1102 885 sine
1127 837 1332 885 crimine
1358 837 1506 900 gessi,

284 913 485 961 Candor
510 915 571 961 ab
597 915 794 962 insolita
816 915 928 962 labe
953 916 1198 962 notandus
1224 922 1357 972 erat3

214 989 283 1037 At
306 991 434 1039 bene
459 992 717 1048 successit,
745 992 894 1054 digno
920 994 1054 1057 quod
1080 993 1331 1040 adurimur
1355 993 1456 1057 igni
1477 1010 1486 1041 :

282 1068 435 1132 Pejus
461 1070 702 1117 adulterio
726 1071 884 1134 turpis
911 1071 1104 1118 adulter
1127 1071 1288 1118 abest.

218 1145 271 1193 Si
297 1146 415 1193 mihi
439 1147 684 1195 concedat
706 1146 736 1194 J
744 1164 838 1195 uno
863 1147 1165 1211 fratremque
1182 1148 1469 1211 virumque3

1543 1151 1606 1195 35

280 1222 615 1288 Hippolytum
638 1225 806 1273 videar
829 1226 1156 1290 praepositura
1179 1225 1208 1272 J
1214 1225 1317 1273 ovi:

213 1300 244 1348 J
250 1318 329 1349 am
354 1319 555 1366 quoque
580 1303 688 1365 (vix
714 1304 912 1365 credas)
938 1305 1134 1367 ignotas
1158 1304 1286 1350 nitor
1311 1302 1361 1349 in
1386 1308 1545 1350 artes:

285 1378 378 1426 Est
402 1379 522 1426 mihi
548 1396 637 1444 per
663 1397 818 1428 saevas
844 1382 1061 1446 impetus
1086 1382 1157 1429 ire
1182 1381 1328 1429 feras.

214 1455 245 1502 J
250 1472 329 1503 am
354 1457 474 1504 mihi
499 1458 659 1521 prima
686 1458 797 1508 Dea
820 1467 912 1516 est,
934 1476 1087 1507 cornu
1107 1457 1366 1523 praesignis
1392 1458 1589 1505 adunco

283 1533 445 1582 Delia.
476 1535 723 1598 judicium
749 1538 1028 1601 subsequor
1052 1537 1162 1601 ipsa
1184 1542 1341 1583 tuum.

259 1633 385 1674 Famae.]
429 1634 531 1665 Vetus
563 1634 670 1671 editio,
704 1646 766 1677 qua
804 1647 877 1667 usus

216 1682 379 1719 Gruterus,
391 1683 535 1725 flammoe.
556 1684 610 1715 sed
616 1684 713 1726 famoe
731 1690 876 1727 praestat:

215 1731 260 1762 ita
282 1733 405 1771 perdere
420 1732 540 1774 juniam
564 1733 663 1774 Epist.
688 1745 719 1764 v.
738 1734 768 1764 6.
788 1734 879 1764 multi

215 1780 338 1811 codices
353 1781 403 1812 hic
419 1793 554 1823 quoque,
573 1782 703 1813 solemni
721 1789 878 1825 permuta-

216 1829 310 1865 tione,
316 1830 425 1871 formae
441 1831 568 1862 habent.
581 1831 635 1862 sed
648 1831 762 1862 famam
778 1831 879 1863 illiba-

214 1884 279 1909 tam
295 1879 453 1921 pudicitiae
477 1891 509 1910 se
526 1880 586 1911 huc
610 1891 709 1922 usque
732 1891 880 1917 servasse,

217 1932 249 1958 et
263 1927 295 1958 in
318 1927 409 1958 unius
430 1928 593 1970 Hippolyti
609 1929 740 1970 gratiam
756 1940 788 1960 se
810 1941 882 1972 pec-

217 1982 359 2007 caturam
374 1977 520 2008 ostendit.
565 1979 681 2008 Burni.

260 2029 315 2058 32.
347 2027 454 2067 Laba]
488 2027 614 2069 Proprie
647 2029 781 2064 macula,
813 2040 882 2071 quae

216 2076 382 2107 candorem
394 2077 503 2107 foedat.
512 2077 593 2108 Vide
606 2077 758 2109 somnium
770 2078 825 2109 lib.
836 2078 881 2109 iii.

217 2125 326 2157 Amor.
341 2138 372 2157 v.
385 2127 438 2157 44.

260 2176 312 2206 34.
330 2175 442 2216 obest]
460 2177 545 2206 Abest
557 2176 724 2217 legendum
736 2176 858 2208 videtur
872 2189 879 2216 3

218 2230 312 2266 atque
337 2224 382 2255 ita
396 2225 607 2256 Scriverianus
629 2226 718 2256 liber.
763 2227 881 2257 mes.

218 2273 378 2305 Laudinus
394 2274 433 2304 ad
450 2274 560 2305 Horat.
574 2274 596 2304 i.
610 2274 671 2305 Od.
685 2275 738 2305 27.
752 2275 844 2306 citat:

264 2323 371 2364 Turpis
385 2324 534 2354 adulterio
546 2326 630 2363 pejus
644 2325 765 2354 adulter
778 2326 845 2355 erit.

218 2372 279 2402 Sed
294 2372 387 2408 male,
404 2378 540 2414 utputo.
558 2375 653 2412 turpis
671 2373 720 2403 hic
741 2384 800 2403 non
817 2379 880 2404 tam

219 2421 257 2451 ad
275 2420 423 2456 animum,
440 2432 533 2462 quam
550 2421 589 2451 ad
604 2422 733 2452 formam
749 2423 885 2464 corporis

219 2470 426 2501 referendum.
441 2476 477 2501 ut
504 2470 562 2501 sibi
593 2471 717 2513 placeat
734 2472 882 2508 Phaedra,

219 2520 304 2561 quod
319 2520 448 2561 elegerit
468 2520 643 2550 adulterum
660 2520 837 2557 formosum,
854 2527 886 2552 et

219 2569 309 2610 cujus
333 2579 417 2599 arnor
433 2569 572 2599 excusari
596 2576 697 2611 posset
712 2571 885 2611 pulchritu-

220 2617 304 2654 dine,
320 2629 383 2659 qua
403 2624 495 2661 capta
516 2618 584 2649 fuit.
609 2618 653 2650 ita
677 2625 707 2649 et
730 2620 839 2650 Horat.
865 2619 886 2650 i.

222 2666 287 2698 Od.
304 2668 358 2698 33.

436 2716 492 2747 Sed
504 2719 589 2757 prins
602 2718 728 2757 Appulis·

351 2765 528 2807 Jungentnr
542 2776 651 2806 capr-etr
667 2767 754 2806 lupis,

268 2813 363 2848 Quam
380 2816 461 2855 turpi
478 2814 588 2845 Pholoe·
600 2823 696 2854 peccet
713 2816 860 2845 adultero.

1545 1538 1615 1582 40

944 1636 1059 1666 Sensus
1081 1645 1154 1676 ergo
1177 1639 1235 1670 est,
1261 1634 1350 1664 abest
1373 1644 1392 1664 a
1415 1644 1484 1664 meo
1509 1644 1612 1664 amore

945 1684 1091 1716 deformis
1114 1684 1247 1720 adulter,
1266 1683 1349 1725 quod
1370 1682 1437 1726 ipso
1460 1683 1613 1714 adulterio

945 1735 1034 1777 pejus
1048 1740 1107 1765 est.
1154 1735 1270 1764 Bumr.

990 1786 1042 1815 38.
1076 1785 1136 1814 Per
1158 1795 1245 1814 soeras
1276 1786 1400 1822 impetus
1424 1785 1467 1813 ire
1486 1782 1609 1824 feras]

948 1832 1081 1875 Infimis
1097 1836 1149 1869 ire,
1166 1838 1248 1863 recte
1264 1838 1296 1863 et
1318 1832 1478 1873 eleganter
1492 1831 1554 1861 dici
1568 1832 1614 1862 vi-

951 1883 1054 1913 dimus
1082 1882 1173 1912 modo
1203 1881 1303 1923 Epist.
1328 1881 1375 1911 iii.
1397 1882 1450 1911 36.
1476 1881 1530 1911 sed
1560 1891 1614 1922 per

941 1932 1031 1972 ferm
1048 1934 1100 1967 ire,
1117 1941 1178 1961 non
1198 1931 1313 1972 placet,
1329 1941 1386 1960 nec
1403 1936 1437 1960 ut
1453 1929 1615 1971 Crispinus

952 1986 1048 2016 notat,
1064 1981 1133 2022 plus
1154 1991 1232 2015 esse,
1248 1992 1332 2020 quam
1357 1981 1386 2009 in
1399 1979 1500 2020 feras,
1515 1978 1614 2009 credi-

951 2039 1031 2060 mus.
1049 2028 1107 2060 nisi
1132 2029 1294 2059 transfixas
1317 2028 1392 2058 velit
1414 2027 1558 2068 intelligi.
1580 2032 1616 2057 ut

951 2088 1008 2108 nee
1019 2078 1200 2119 servasset-as
1210 2078 1315 2119 probo.
1327 2087 1422 2118 quare
1433 2075 1509 2107 forte
1519 2076 1614 2118 scrip-

950 2127 1034 2163 serit,
1047 2139 1101 2167 per
1114 2128 1200 2157 silvas
1224 2128 1347 2166 impetus
1361 2127 1404 2156 ire
1417 2125 1517 2166 seras.
1536 2127 1616 2156 silva*

939 2176 1020 2216 fer-«⁶
1044 2175 1203 2217 eleganter
1223 2174 1382 2205 dicuntur.
1403 2186 1434 2204 v.
1451 2174 1560 2204 Heius.
1577 2174 1616 2204 ad

951 2224 1063 2255 Claud.
1077 2225 1171 2255 Cons.
1183 2224 1293 2265 Olybr.
1304 2224 1376 2254 186.
1386 2222 1508 2264 sicfera
1522 2224 1614 2253 [Enna

950 2274 1088 2316 Propert.
1111 2273 1157 2303 iii.
1172 2274 1204 2303 2.
1218 2273 1271 2303 ubi
1291 2272 1355 2304 vid.
1368 2273 1525 2303 Passerat.
1539 2271 1617 2313 sera

948 2334 1035 2354 arva.
1053 2323 1169 2354 Manil.
1188 2323 1208 2353 i.
1222 2323 1276 2353 86.
1292 2327 1326 2353 ut
1342 2333 1414 2353 vero
1434 2321 1484 2352 hic
1500 2324 1544 2352 ire
1564 2333 1618 2361 per

947 2373 1045 2407 silvas,
1069 2372 1113 2403 ita
1138 2371 1268 2414 Epistol.
1291 2384 1320 2402 v.
1343 2372 1396 2402 64.
1420 2371 1480 2401 Per
1497 2371 1617 2413 fluctus

951 2423 1073 2461 impetus
1088 2422 1219 2463 irefuit.
1256 2421 1373 2451 Bcrm.

994 2471 1046 2501 39.
1072 2472 1154 2501 Arcu
1176 2472 1330 2511 ]›roesignis
1352 2472 1468 2500 adunco
1496 2469 1615 2509 Delia]

955 2520 1057 2550 Cornu
1085 2522 1201 2550 adunco
1225 2519 1436 2549 Sci-iverianus
1461 2519 1551 2549 liber.
1573 2518 1617 2549 sic

954 2568 1049 2610 κέρας
1076 2580 1130 2611 pro
1159 2579 1232 2600 arcu
1258 2568 1353 2599 etiam
1380 2568 1462 2609 apud
1491 2569 1618 2599 Graecos

954 2619 1062 2660 poetas
1074 2624 1121 2648 est
1135 2618 1285 2649 invenire.
1296 2623 1330 2647 ut
1345 2617 1428 2659 apud
1439 2617 1620 2647 Anacreon—

954 2672 1028 2703 tem,
1057 2668 1114 2698 sub
1141 2668 1234 2698 finem
1259 2667 1338 2697 Odae
1362 2667 1408 2696 iii.
1433 2666 1555 2708 Cupido
1580 2666 1618 2697 de

954 2726 1026 2747 arcu
1055 2726 1111 2747 suo
1140 2716 1248 2758 Κέρας
1271 2715 1421 2756 ἀβλαβὲς
1448 2717 1509 2757 μὲν
1538 2715 1618 2745 ἐστι.

954 2765 1147 2796 Claudianus
1170 2765 1210 2796 de
1240 2765 1347 2807 Raptu
1372 2763 1564 2806 Proserpina:
1583 2763 1617 2793 ii.

954 2816 1027 2888 2052).
1055 2814 1172 2846 Intenco
1196 2815 1317 2849 festinat
1346 2814 1434 2845 Delia
1458 2825 1561 2843 cornu.
1589 2817 1619 2842 et

1043 2859 1062 2887 3
