1849 3198
576 193 788 225 BENTLEII
812 194 1181 228 EMENDATIONES.
1545 198 1586 230 39

659 290 839 328 LIBER
868 291 1104 331 SEXTUS.

199 381 241 413 59
546 387 713 427 cinctaque
732 386 772 416 ad
789 392 915 429 pectora
930 394 1020 424 veste,

180 435 243 466 130
724 451 799 471 raca
815 440 922 483 virago
935 453 943 480 3

178 488 242 521 200
265 489 395 521 Latonae
413 492 531 523 turbam
546 504 605 533 qua

179 545 243 575 443
550 547 655 587 magni
671 548 748 579 mihi
764 551 897 580 muneris
911 549 1009 581 instar

177 599 242 630 556
545 612 746 642 comprensam
761 603 877 646 forcipe
894 602 1034 645 linguam

179 653 242 684 593
269 652 401 696 Tergora
418 653 621 696 dependent3

178 707 242 738 629
265 706 327 738 Sed
341 706 434 739 simul
451 721 486 739 ac
502 708 599 741 nimia
614 717 739 742 mentem

629 829 809 867 LIBER
838 830 1142 871 SEPTIMUS.

225 926 243 955 8
267 924 398 967 Lexque
414 925 507 957 datur
523 926 642 967 Minyis

176 980 241 1011 223
265 979 560 1022 Despicit‚jwzctos

179 1034 241 1065 408
266 1033 352 1065 Illud
367 1035 537 1066 AEchidnz'ae
552 1042 725 1067 memorant
741 1047 757 1068 e
763 1036 914 1078 fizucibus
928 1041 1030 1068 ortum

178 1089 242 1121 520
269 1089 378 1119 Omnia
393 1099 482 1136 nunc¹
493 1094 632 1131 repetam
646 1102 652 1120 z

180 1143 243 1174 559
269 1143 364 1174 Nuda
380 1143 436 1174 sed
451 1144 483 1174 in
499 1149 580 1175 terra

179 1198 243 1229 609
267 1198 453 1229 Indistincta
468 1209 573 1241 rogos:

181 1252 257 1289 687,
275 1252 338 1283 688
363 1253 456 1291 Quod
471 1253 552 1296 petit
566 1253 632 1290 ille,
648 1253 742 1284 refert
760 1254 932 1294 Cephal1135
957 1259 1124 1297 tactusque
1141 1255 1247 1286 dolore
1265 1255 1334 1297 [Cf.
1353 1255 1426 1287 756.
1443 1257 1538 1298 8462]

267 1306 499 1349 Abjudicentur
515 1319 565 1338 vv.
584 1308 654 1338 170.
671 1308 747 1343 236,
767 1308 844 1339 237.
862 1308 936 1339 699.

641 1429 816 1466 LIBER
849 1428 1130 1468 OCTAVUS.

205 1523 246 1553 87
270 1523 343 1554 Fert
358 1534 465 1555 secum
478 1526 612 1564 pretium
632 1524 745 1565 [105.]

185 1577 246 1608 187
594 1577 797 1609 obstruximis
816 1577 883 1619 (vel
901 1577 1120 1620 mpungz'mur)
1137 1578 1244 1610 urbem

182 1631 246 1662 277
271 1633 451 1663 Ambitiosus
467 1631 582 1663 honos:

183 1685 248 1717 279
509 1685 553 1715 At
569 1696 631 1717 non
646 1685 916 1728 impunefhretis;
945 1685 1007 1727 [xi.
1024 1686 1120 1727 227.]

183 1741 245 1771 313
596 1740 711 1770 Nestor
726 1739 758 1770 in
775 1742 885 1771 annis.-
913 1739 973 1780 [ix.
990 1740 1060 1781 39.]

183 1795 246 1825 513
680 1796 741 1834 ipse
756 1793 879 1825 dedisse

181 1848 245 1879 572
594 1860 660 1879 cum
678 1848 832 1880 maximus
848 1848 949 1884 heros,

183 1902 247 1933 596
485 1908 554 1942 quot
570 1901 650 1933 sacri
666 1902 819 1933 currimus
835 1912 953 1938 amnes,

185 1957 246 1987 703
270 1955 361 1987 Talia
376 1963 439 1987 tum
454 1956 580 1998 placido

185 2010 248 2041 876
270 2010 454 2046 Materiam,
472 2011 682 2052 dederantque.

273 2064 502 2106 Abjudicentur
518 2076 568 2096 vv.
588 2066 661 2095 182.
676 2066 751 2096 285.

683 2186 860 2223 LIBER
890 2185 1100 2224 NONUS.

214 2279 252 2310 10
557 2292 628 2322 spes
643 2283 796 2312 ambitiosa
812 2291 986 2323 procorum.

208 2334 250 2364 23
275 2334 356 2365 Nam
373 2347 430 2375 quo
445 2339 475 2365 te
488 2335 592 2376 jactas
607 2334 763 2366 Alcmena
780 2340 878 2366 matre
894 2337 988 2365 creati
1004 2347 1011 2366 .-

208 2388 249 2419 98
276 2388 360 2419 Huic
376 2393 482 2420 tamen
498 2388 596 2420 ablati
611 2390 731 2427 domim
757 2389 824 2429 (vel

274 2442 366 2474 Hanc
383 2449 500 2474 lantum
518 2443 615 2473 ablati
631 2443 739 2483 movit)

190 2497 251 2528 198
555 2497 678 2529 defessa
689 2496 832 2539 jubendo
848 2508 876 2528 es

187 2553 250 2583 314
278 2551 359 2593 [L'bi
382 2562 438 2583 nos
460 2552 674 2594 ‘stupefacta'
702 2553 905 2583 Burmannus
930 2557 937 2569 ‘
952 2552 1123 2594 patefacta'
1147 2552 1289 2594 praefert3
1314 2558 1348 2582 ut
1372 2557 1403 2582 et
1424 2552 1592 2584 Heinsius:

315 2595 464 2627 Bentleio
480 2595 546 2626 haec
563 2607 621 2626 vox
639 2606 700 2626 non
716 2595 854 2637 placen]

190 2650 252 2681 383
279 2650 340 2685 Qui
355 2649 380 2680 si
397 2659 461 2691 qua
476 2655 523 2681 est
539 2649 652 2692 pictas,

189 2705 252 2737 558
599 2715 702 2735 secura
720 2703 882 2745 loquendi,

189 2760 251 2790 638
275 2759 367 2801 Spem
387 2758 529 2794 Veneris,
546 2770 600 2798 pra»
615 2769 676 2800 qua
