1849 3198
252 241 309 283 20
632 241 682 282 P.
716 239 928 282 OVIDII
962 239 1240 282 NASONIS

258 355 350 404 Illa
373 355 494 403 meis
519 356 673 404 oculis
698 356 891 420 species
915 356 1141 403 abeuntis
1166 356 1386 411 inhaeret,

327 433 456 480 Cum
481 441 728 497 premeret
750 440 920 498 portus
945 434 1117 480 classis
1142 434 1269 483 itura
1292 449 1445 481 meos.

257 510 423 556 Ausus
448 526 501 557 es
527 510 774 574 amplecti,
801 510 1028 573 colloque
1054 510 1241 557 infusus
1268 510 1476 558 amantis

325 586 513 633 Oscula
535 603 623 650 per
645 587 817 649 longas
836 589 1046 650 jungere
1070 605 1242 651 pressa
1265 604 1452 635 moras:

259 662 491 726 Cumque
509 664 606 710 tuis
625 664 838 710 lacrimis
858 664 1084 711 lacrimas
1104 665 1403 712 confundere
1422 670 1637 718 nostras;

324 740 569 804 Quodque
594 740 718 788 foret
740 742 860 789 velis
886 758 1004 789 aura
1027 743 1261 798 secunda,
1288 742 1456 805 queri:
1577 742 1638 786 96

257 817 322 865 Et
346 818 463 865 mihi
488 818 748 865 discedens
775 834 1005 882 suprema
1028 819 1191 866 dicere
1214 835 1362 875 voce;

323 894 506 958 Phylli,
533 894 639 942 face
664 902 927 958 exspectes
955 894 1336 959 Demophoonta
1358 901 1515 941 tuum.

256 969 577 1034 Exspectem‚
605 971 689 1034 qui
714 988 792 1018 me
818 987 1087 1034 numquam
1111 973 1302 1019 visurus
1327 971 1506 1019 abisti?

324 1047 629 1110 Exspectem
653 1049 830 1111 pelago
855 1049 962 1095 vela
986 1056 1167 1110 negata
1189 1049 1333 1096 meo?

1547 1050 1638 1093 100

257 1123 322 1170 Et
349 1130 515 1171 tamen
541 1131 806 1188 exspect03
846 1125 1018 1172 redeas
1044 1126 1190 1172 modo
1216 1141 1354 1173 serus
1380 1123 1591 1171 amanti:

326 1200 396 1248 Ut
420 1208 507 1247 tua
531 1201 594 1247 sit
619 1202 722 1248 solo
746 1208 968 1264 tempore
994 1202 1135 1265 lapsa
1159 1202 1300 1249 fides,

256 1277 387 1331 Quid
412 1293 586 1340 precor
609 1277 811 1325 infelix?
841 1280 945 1341 Jam
970 1286 1019 1326 te
1037 1286 1176 1327 tenet
1200 1280 1354 1326 altera
1377 1279 1559 1341 conjux

321 1354 561 1410 Forsitan,
588 1361 653 1410 et,
680 1355 822 1402 nobis
847 1355 932 1418 qui
957 1356 1084 1404 male
1109 1356 1240 1412 favit,
1268 1371 1418 1403 amor.

295 1566 364 1596 Non
379 1578 431 1608 ego
443 1569 533 1597 miror
548 1579 620 1607 opes,
631 1579 684 1598 nec
700 1580 742 1599 me
758 1575 810 1599 tua
825 1571 909 1611 regia

339 1617 450 1655 tangit.

252 1663 315 1694 Sed
353 1664 402 1695 hic
439 1674 550 1705 sequor
585 1665 760 1695 Heinsium.
799 1665 910 1697 diffidit

252 1713 334 1743 enim
358 1714 424 1754 jam
450 1713 560 1745 Puella
584 1720 615 1744 et
639 1714 780 1757 desperat
802 1715 840 1746 de
862 1726 908 1746 re-

252 1761 330 1792 ditu.
374 1763 490 1793 Burni.

294 1813 347 1842 90.
371 1812 512 1853 Fessaque
529 1813 660 1843 Bistonia
683 1816 808 1845 membru
826 1816 907 1845 lara-

251 1862 292 1890 bis
306 1861 413 1901 aqum]
429 1861 478 1891 Sic
491 1861 616 1902 quidem
629 1872 734 1892 omnes
744 1863 862 1904 legunt.
877 1870 908 1894 et

249 1909 367 1940 addunt
403 1910 677 1947 Commentatores,
713 1913 907 1953 nega⁹ionem

250 1969 315 1989 esse
331 1958 576 2000 intelligendam,
593 1966 627 1991 ut
647 1961 686 1991 sit
701 1972 818 1998 sensus,
838 1963 906 1993 Nec

250 2008 370 2039 lavabis
393 2009 532 2039 membra
559 2020 641 2051 aqua
666 2010 814 2042 Bistonia.
839 2012 907 2053 Ego

250 2067 322 2087 vero
329 2057 494 2098 legendum
502 2069 622 2094 cense0,
631 2059 658 2088 F
657 2070 751 2090 essave
760 2060 904 2098 Bistonia,

248 2105 307 2136 «Sic.
322 2116 376 2147 per
392 2106 610 2148 disjunctivam
631 2108 827 2150 particulam,
843 2120 904 2150 quo

248 2160 339 2195 pacto
354 2154 431 2184 nihil
446 2155 651 2197 supplendum
668 2156 698 2187 in
714 2157 902 2199 expositione

248 2202 316 2233 erit.
353 2203 436 2233 Nam
465 2204 658 2245 disjunctivae
688 2205 903 2247 negationibus

247 2251 407 2292 subjectae,
423 2251 515 2282 etiam
530 2252 603 2294 ipsae
619 2253 753 2295 negandi
769 2254 830 2285 vim
846 2255 901 2286 ha-

247 2299 332 2330 bent.
353 2300 389 2329 M
393 2310 499 2331 reru..
516 2301 544 2330 F
544 2313 636 2332 essave
645 2307 780 2344 praestat,
791 2310 825 2334 ut
836 2310 904 2345 post

247 2348 423 2389 negativam
435 2360 488 2379 ‘nec
499 2361 618 2392 semper
630 2352 825 2383 scribendum
836 2363 901 2384 esse

247 2402 332 2438 puto.
344 2408 373 2427 v.
385 2397 490 2428 Bentl.
505 2398 544 2428 ad
557 2399 667 2430 Horat.
681 2400 739 2441 Ep.
752 2400 814 2432 xvi.
825 2413 857 2432 v.
870 2403 901 2433 6.

246 2443 313 2475 eti.
324 2446 388 2475 Sat.
400 2445 442 2476 vi.
456 2446 509 2477 68.
556 2447 672 2477 Bunm.

292 2492 455 2534 Bistonia]
474 2494 630 2526 Bistonius
652 2496 738 2527 lacus
758 2497 790 2528 in
803 2498 900 2529 Thra—

246 2541 295 2572 cia
311 2548 369 2572 est.
414 2542 501 2574 Am.

288 2591 342 2621 94.
369 2591 505 2632 Oscula]
532 2593 658 2625 Moreti.
689 2594 822 2637 Juugere
847 2608 902 2636 per

245 2640 346 2681 longus
369 2641 445 2670 basia
460 2652 556 2680 pressa
574 2654 678 2674 meu-as.
710 2644 770 2674 Sed
793 2655 811 2675 a
825 2657 900 2677 voce

244 2689 323 2719 basia
337 2689 471 2721 studiose
487 2691 634 2722 abstinuit
645 2692 787 2729 Ovidius,
799 2705 899 2736 neque

244 2737 275 2768 in
303 2738 445 2770 omnibus
473 2740 539 2781 ejus
565 2741 707 2783 operibus
731 2743 778 2773 vel
803 2745 897 2775 semel

244 2787 385 2824 occurrit,
400 2788 457 2819 nisi
473 2789 610 2830 nequitia
626 2789 827 2829 librariorum,
843 2792 895 2833 qui

976 1579 1044 1599 eam
1060 1570 1165 1600 osculis
1180 1579 1260 1610 saepe
1276 1569 1382 1610 ejectis
1397 1567 1633 1599 substituerunt.

978 1618 1022 1648 Ut
1037 1618 1070 1649 ii.
1090 1619 1197 1649 Amor.
1211 1630 1241 1648 v.
1256 1619 1310 1648 23.

978 1666 1111 1707 Improba
1126 1669 1436 1709 tum*rerojungentes
1447 1667 1544 1696 oscula
1560 1667 1631 1696 vidi.

976 1717 1016 1747 Et
1032 1716 1119 1747 alibi.
1167 1718 1284 1747 anm.

1022 1768 1094 1796 103.
1118 1768 1222 1796 Altera
1248 1764 1406 1805 conjunx]
1431 1764 1564 1795 Videtur
1589 1763 1633 1794 al-

976 1814 1082 1845 ludere.
1108 1815 1147 1845 ad
1172 1813 1327 1845 Laodicen
1354 1813 1515 1854 virginem,
1540 1823 1633 1854 quam

975 1863 1161 1894 Plutarchus
1175 1864 1270 1894 tradit
1290 1863 1370 1893 clam
1391 1862 1546 1903 cognitam
1567 1862 1633 1892 De-

975 1913 1163 1954 mophoonti,
1192 1912 1378 1943 Munichum
1408 1911 1506 1942 filium
1535 1921 1632 1951 genu-

974 1960 1052 1992 isse:
1078 1961 1131 1992 alii
1157 1960 1331 1992 Gallionem
1359 1959 1452 1990 fuisse
1480 1960 1631 1991 scribunt.

974 2010 1135 2042 Votscus.
1153 2010 1311 2041 Muliebre
1328 2010 1407 2048 ἦθος
1421 2015 1478 2046 est,
1490 2010 1633 2040 absentes

971 2060 1096 2091 maritos
1110 2059 1259 2101 suspicari
1282 2059 1384 2090 alieno
1405 2069 1507 2089 amore
1529 2058 1632 2100 impli-

970 2114 1055 2139 catos
1069 2107 1179 2139 teneri.
1203 2108 1253 2139 Sic
1274 2118 1367 2149 supra
1382 2107 1537 2149 Penelope
1553 2117 1629 2149 quo-

970 2168 1030 2199 que
1050 2157 1090 2188 ad
1112 2158 1267 2198 Ulyssem,
1286 2157 1357 2187 Haec
1377 2167 1428 2198 ego
1447 2158 1518 2186 dum
1539 2158 1631 2188 stulte

968 2209 1102 2243 meditor,
1115 2206 1250 2249 (inquit)
1272 2218 1334 2247 quae
1349 2212 1445 2237 vestra
1467 2207 1556 2236 libido
1577 2212 1630 2243 est,

972 2255 1040 2286 Esse
1048 2257 1205 2297 peregrino
1217 2261 1320 2295 captus
1330 2266 1426 2285 amore
1435 2261 1525 2294 potes.
1546 2257 1628 2287 Nam

970 2315 1039 2345 quae
1062 2304 1113 2335 hic
1135 2304 1268 2335 Volscus
1287 2303 1326 2334 de
1348 2303 1493 2339 Laodice,
1515 2309 1546 2334 et
1566 2302 1629 2334 filio

970 2353 1217 2395 Demophoontis
1242 2353 1395 2383 Municho
1418 2363 1455 2383 ex
1478 2352 1534 2383 illa
1557 2359 1629 2384 nato

968 2402 1071 2438 refert,
1086 2413 1124 2433 ea
1138 2409 1305 2444 antequam
1316 2402 1348 2433 in
1362 2401 1526 2432 Thraciam
1541 2408 1573 2432 et
1587 2402 1627 2433 ad

968 2452 1145 2494 Phyllidem
1160 2451 1293 2482 venisset
1309 2451 1526 2493 Demophoon,
1542 2451 1623 2482 acci-

967 2500 1089 2532 derant.
1119 2502 1222 2538 Quam
1240 2501 1377 2532 fabulam
1398 2500 1517 2542 prolixe
1533 2500 1627 2531 tradit

968 2549 1152 2581 Parthenius
1179 2549 1211 2580 in
1242 2549 1385 2580 Eroticis.
1409 2548 1466 2580 nisi
1493 2548 1574 2590 quod
1601 2548 1626 2580 is

967 2597 1172 2629 Acamantem
1193 2597 1341 2634 nominat,
1363 2597 1487 2628 fratrem
1508 2597 1625 2628 Demo-

967 2647 1120 2688 phoontis,
1141 2658 1195 2688 pro
1216 2658 1251 2677 eo
1272 2658 1364 2688 quem
1388 2646 1625 2687 Plutarchussst

966 2695 1018 2727 alii
1054 2696 1321 2737 Demophoontem
1357 2701 1478 2731 vocant,
1508 2705 1526 2726 a
1561 2706 1624 2737 quo

966 2745 1099 2776 Laodice
1119 2755 1293 2786 compressa
1320 2744 1506 2776 Munichum
1527 2755 1621 2787 pepe-

964 2793 1047 2825 rerit.
1093 2794 1283 2825 Mmurus.
