1849 3198
187 175 271 216 200

580 171 632 213 Ρ.
665 168 879 212 oVIDII
912 168 1193 212 NASONIS

196 289 321 344 Quae
348 294 453 336 rata
477 287 590 344 sint,
619 302 710 334 nec
735 293 784 334 te
809 285 989 333 frustra
1012 285 1308 350 promiserit,
1334 293 1471 350 optO,
1520 290 1578 334 15

263 365 373 413 Hoc
399 364 518 412 mihi
543 381 655 428 quae
682 364 853 421 suasit,
880 370 1038 411 mater
1062 362 1277 420 Amoris,
1305 363 1412 411 iter.

197 442 431 505 Namque
456 457 548 505 ego
573 441 738 489 divino
763 440 969 496 monitu,
996 457 1058 488 ne
1084 440 1253 488 nescia
1277 456 1476 504 pecces,

263 518 523 566 Advehor:
563 525 614 565 et
637 524 800 582 coepto
825 533 924 563 non
947 517 1055 564 leve
1080 533 1264 564 numen
1289 518 1447 565 adest.

197 596 412 644 Praemia
434 612 616 659 magna
640 595 860 659 quidem,
883 595 971 641 sed
997 611 1094 641 non
1118 594 1342 642 indebita
1365 611 1545 659 posco;

265 674 496 722 Pollicita
519 681 596 721 est
618 674 836 720 thalamo
860 679 910 720 te
938 671 1193 735 Cytherea
1215 688 1343 720 meo.

1519 676 1585 719 20

204 750 313 801 Hac
340 751 468 798 duce
496 751 661 813 Sigaeo
687 749 863 797 dubias
889 749 917 795 a
941 748 1082 796 litore
1106 748 1202 796 feci

266 828 438 891 Longa
461 827 736 875 Phereclea
761 843 849 890 per
872 825 999 873 freta
1022 841 1191 889 puppe
1215 826 1336 873 vias.

198 904 293 953 Illa
316 905 454 952 dedit
477 904 648 952 faciles
674 919 818 951 auras
843 909 1118 965 ventosque
1144 902 1406 950 secundos.

266 982 326 1029 In
351 997 486 1029 mare
511 981 741 1028 nimirum
761 981 843 1044 jus
869 980 1020 1027 habet
1045 986 1151 1026 orta
1177 980 1315 1026 mari.

199 1060 421 1108 Perstet:
451 1067 516 1116 et,
537 1066 592 1106 ut
616 1058 797 1123 pelagi,
820 1058 891 1105 sic
916 1056 1130 1121 pectoris
1157 1057 1358 1120 adjuvet
1383 1064 1584 1105 aestum:

267 1137 474 1185 Deferat
498 1137 547 1183 in
572 1142 744 1200 portus
771 1142 820 1182 et
845 1149 956 1181 mea
980 1140 1094 1180 vota
1119 1150 1251 1180 suos.

1522 1137 1587 1181 26

197 1214 470 1262 Attulimus
495 1214 737 1269 flammas,
764 1228 863 1258 non
888 1211 967 1257 hic
993 1211 1286 1267 invenimus,
1314 1211 1451 1269 illas;

267 1291 360 1339 Hae
386 1293 505 1339 mihi
531 1299 633 1339 tam
664 1292 824 1353 longae
851 1304 1030 1336 caussa
1053 1287 1190 1335 fuere
1213 1288 1320 1335 viae.

201 1369 334 1417 Nam
361 1386 526 1433 neque
551 1369 705 1417 tristis
732 1369 906 1423 hiems,
935 1382 1099 1430 neque
1125 1382 1215 1413 nos
1241 1367 1337 1413 huc
1365 1366 1557 1430 adpulit

267 1447 487 1494 Taenaris
513 1454 590 1494 est
615 1446 761 1494 classi
787 1452 917 1492 terra
942 1443 1099 1507 petita
1123 1459 1263 1491 meae.

1415 1445 1587 1506 [error.

201 1523 310 1572 Nec
334 1541 414 1572 me
439 1525 587 1572 crede
612 1524 791 1571 fretum
818 1538 1009 1569 merces
1035 1528 1264 1585 portante
1290 1522 1456 1569 carina
1524 1524 1581 1568 31

268 1602 495 1650 Findere.
536 1618 660 1665 quas
687 1602 862 1655 habeo,
894 1599 957 1645 Di
984 1606 1230 1654 tueantur,
1259 1615 1396 1662 opes.

202 1679 248 1725 N
254 1695 310 1727 ec
336 1680 478 1727 venio
506 1680 700 1742 Grajas,
728 1678 878 1725 veluti
905 1683 1171 1740 spectator,
1200 1677 1261 1723 ad
1287 1678 1451 1724 urbes.

271 1756 474 1820 Oppida
499 1764 613 1802 sunt
639 1757 775 1818 regni
802 1754 1027 1801 divitiora
1052 1756 1164 1801 mei.

199 1893 279 1922 pere.
297 1893 358 1923 quo
375 1882 487 1913 Noster
503 1884 599 1913 utitur
615 1884 710 1912 etiam
725 1883 809 1912 Naso
822 1882 859 1911 de

202 1931 379 1962 amantibus
394 1938 425 1962 ct
440 1932 553 1973 puellis
577 1933 608 1962 111
630 1938 695 1963 toro
716 1932 859 1973 receptis.

202 1980 313 2012 vid.ad
325 1981 634 2022 Ep.ii.55.vi.20.et
643 1981 728 2012 alibi.
746 1981 861 2011 13111111.

245 2031 297 2060 22.
319 2030 420 2071 Longa
437 2031 598 2061 Phereclea
608 2030 754 2071 perjieta
768 2041 864 2069 puppe

202 2082 275 2110 vius.
315 2080 419 2120 Puppe
438 2080 619 2117 l'leereclezt5
646 2080 696 2111 cui
707 2079 863 2110 struendae

205 2129 268 2160 dux
294 2128 464 2159 Phereclus
492 2130 669 2170 praefuerat,
695 2128 749 2170 qui
779 2128 865 2158 Pari-

205 2178 277 2208 dem
302 2176 415 2208 deinde
440 2177 478 2207 ad
500 2178 618 2208 bellum
635 2178 803 2219 Trojanum
819 2188 865 2207 sc-

206 2233 334 2268 quutuS,
361 2238 379 2257 a
403 2227 546 2257 Metione
571 2238 670 2258 caesus
695 2233 758 2264 est,
780 2226 866 2257 debi-

206 2279 273 2305 tum
289 2275 448 2305 industriae
466 2276 639 2316 praemium,
652 2287 721 2317 quae
735 2282 779 2306 tot
793 2276 867 2306 Tro-

204 2324 286 2367 janis
302 2324 485 2365 Graecisque
501 2325 584 2355 mala
600 2325 750 2356 intulerit.

252 2374 419 2415 Μηριόνης
430 2373 461 2405 δὲ
475 2374 630 2416 Φέρεκλον
642 2374 791 2417 ἐνήρατο,
803 2374 869 2405 τέκ-

291 2434 385 2460 τονος
399 2422 483 2459 vibat,

249 2471 456 2513 Ἄρμονίδεω,
472 2472 506 2509 ὅς
516 2474 627 2513 χερσὶν
636 2473 790 2504 ἐπίστατο
801 2472 867 2503 δαί-

292 2520 375 2551 δαλα
392 2521 503 2553 πάντα

250 2570 393 2611 Τεὺχειν·
426 2571 522 2612 ἔξοχα
556 2570 617 2611 γάρ
651 2583 705 2611 μιν
740 2572 868 2612 ἐφίλατο

296 2622 433 2658 Παλλὰς
447 2621 585 2659 ’Λθίμημ

246 2669 305 2708 ’Ὃς
319 2670 581 2712 καὶἈλεξάνόρῳ
598 2671 773 2708 τεκτήνατο
788 2675 868 2710 νῆας

294 2719 388 2756 ἐΐσας,

928 1880 1150 1923 ’Λρχεκ(ὶκους,
1177 1882 1210 1912 αἶ
1234 1883 1315 1912 πᾶσι
1335 1881 1434 1912 κακὸν
1456 1881 1592 1922 Τρώεσσι

1016 1932 1161 1973 γένοντο,

932 1981 969 2012 o}
984 1982 1009 2012 τ’
1025 1982 1126 2023 αὐτῷ·
1151 1981 1219 2012 ἐπεὶ
1233 1981 1301 2012 οὔτι
1316 1981 1396 2012 Θεῶν
1419 1979 1592 2022 ἐκθέσφατα

1016 2031 1088 2073 ᾔδη.
1297 2031 1338 2060 ΙΙ.
1357 2034 1393 2061 Ε.
1409 2031 1461 2061 59.
1476 2041 1547 2072 sqq.

932 2081 1004 2111 Fuit
1025 2087 1128 2111 autem
1153 2080 1210 2110 hoc
1232 2079 1424 2115 vaticinium,
1442 2090 1502 2121 quo
1517 2080 1591 2110 Tro-

929 2129 995 2170 jani
1008 2129 1084 2170 jussi
1101 2135 1171 2160 sunt
1184 2129 1266 2158 omni
1279 2139 1310 2159 re
1326 2128 1481 2158 maritima
1497 2128 1592 2159 absti-

935 2189 1020 2209 nere.
1430 2177 1549 2208 Amin.

977 2229 1032 2258 27.
1048 2228 1244 2268 Attulimus]
1264 2227 1391 2268 Proprio
1403 2237 1476 2257 usus
1490 2227 1594 2263 verbo,

936 2277 974 2308 de
990 2277 1038 2313 iis,
1054 2277 1107 2318 qui
1124 2288 1194 2307 cum
1211 2288 1241 2308 re
1257 2276 1395 2318 quadam
1412 2276 1594 2313 adveniunt,

938 2332 971 2357 ut
986 2327 1025 2358 ad
1041 2327 1095 2357 illa
1111 2326 1274 2368 Propertii.
1291 2326 1347 2357 lib.
1365 2325 1397 2356 ii.
1410 2326 1441 2356 6.

960 2377 1126 2406 Attulimus
1139 2376 1240 2416 longas
1253 2375 1375 2416 insrcta
1385 2381 1466 2405 'mista
1478 2387 1596 2406 manus.

939 2425 1069 2456 Notavit
1097 2424 1353 2466 diligentissimus
1390 2424 1593 2456 Passeratius-

936 2481 967 2506 et
988 2475 1032 2506 ita
1056 2480 1162 2505 contra
1188 2476 1352 2505 invenimus
1376 2474 1440 2510 illa,
1468 2474 1500 2504 in
1523 2484 1592 2516 qnae

936 2536 1008 2556 casu
1024 2524 1202 2554 incidimus.
1249 2525 1366 2553 Bmm.

980 2575 1032 2605 33.
1058 2573 1119 2604 Nec
1145 2574 1241 2613 reni]
1274 2574 1363 2603 Venio
1385 2572 1503 2614 scripti.
1550 2573 1593 2603 Τὸ

941 2625 1031 2654 soluti
1044 2627 1220 2664 suspectum
1235 2627 1280 2653 est
1291 2622 1330 2666 (lc
1343 2621 1464 2652 mendo.
1488 2621 1594 2650 Ilus-

939 2683 1019 2703 sws.
1058 2672 1097 2701 Et
1114 2672 1232 2706 merito,
1245 2671 1383 2702 omittere
1397 2671 1478 2700 enim
1494 2670 1594 2700 solent

940 2722 1008 2752 illas
1018 2721 1197 2763 particulas⁷
1213 2720 1596 2759 1“6Ιιιίὶ.1αιιψιιιιιιΡοὲὶω.
