1849 3198
265 238 323 279 74
654 235 705 277 P.
739 234 953 278 OVIDII
984 235 1266 278 NASONIS

270 352 363 401 Illa
386 352 480 400 sibi
505 351 676 408 Tanai,
707 351 1030 415 Scythiaeque
1054 352 1319 415 paludibus
1344 351 1455 398 udae

336 430 553 486 Quaerat,
580 436 630 477 et
654 445 683 476 a
706 428 865 493 patria
889 428 1133 475 Phasidos
1159 445 1334 492 usque,
1360 428 1533 476 virum.

269 507 474 555 Mobilis
501 507 753 562 AEsonide,
779 522 1030 570 vernaque
1055 506 1287 553 incertior
1312 521 1444 562 aura,

339 586 442 633 Cur
465 593 551 633 tua
574 585 794 649 pollicito
819 585 1039 648 pondere
1062 585 1214 631 verba
1236 583 1439 631 carent?

1562 585 1657 629 110

267 664 357 711 Vir
380 680 520 711 meus
546 664 661 710 hinc
688 663 830 718 ieras,
857 662 929 708 vir
953 678 1051 708 non
1076 677 1216 707 meus
1242 661 1357 708 inde
1382 659 1569 707 redisti.

340 742 446 788 Sim
472 741 667 789 reducis
693 741 896 803 conjux,
924 740 1053 787 sicut
1077 739 1238 786 euntis
1265 756 1415 786 eram.

272 819 326 867 Si
351 826 400 867 te
426 819 674 874 nobilitas,
703 834 1043 881 generosaque
1069 818 1268 864 nomina
1291 824 1529 880 tangunt3

336 896 414 943 En
439 913 531 959 ego
558 896 729 943 Minoo
755 902 871 943 nata
895 895 1120 943 Thoante
1146 895 1289 943 feror.

271 973 503 1021 Bacchus
530 990 676 1031 avus;
721 972 909 1020 Bacchi
935 974 1117 1036 conjux
1144 973 1372 1020 redimita
1396 988 1578 1019 corona

338 1052 613 1099 Praeradiat
638 1052 793 1099 stellis
820 1052 963 1113 signa
986 1051 1175 1097 minora
1199 1051 1319 1097 suis.

1563 1053 1655 1097 116

271 1129 376 1177 Dos
401 1130 491 1177 tibi
518 1129 731 1177 Lemnos
756 1130 864 1185 erit,
890 1136 1021 1176 terra
1045 1129 1302 1191 ingeniosa
1326 1127 1535 1175 colenti:

334 1206 422 1254 Me
447 1224 647 1270 quoque
671 1223 750 1254 res
774 1207 899 1254 tales
924 1207 1051 1254 inter
1078 1207 1261 1254 habere
1293 1213 1453 1270 potes.

267 1361 332 1387 tam
342 1356 382 1387 ad
392 1362 523 1388 matrem
533 1367 626 1399 quam
637 1362 757 1399 patrem
768 1356 928 1388 referatur.

267 1405 387 1436 Hssms.

315 1456 386 1486 106.
409 1456 435 1485 A
460 1455 588 1496 gelida]
630 1456 656 1485 A
689 1455 792 1486 Getico
820 1455 929 1486 mallet

268 1504 429 1535 Francius.
453 1510 484 1535 et
503 1504 549 1534 ita
562 1515 644 1547 saepe
664 1504 697 1534 in
711 1504 864 1535 Tristibus
880 1505 926 1535 hae

267 1564 359 1584 voces
375 1564 393 1584 a
414 1552 546 1584 librariis
569 1559 766 1584 commutatae
790 1554 926 1584 fuerunt.

267 1603 323 1633 sed
348 1603 391 1633 ibi
417 1602 587 1644 patientius
616 1602 723 1639 feram,
747 1614 840 1644 quam
866 1603 927 1639 hic,

269 1651 344 1693 quia
363 1653 461 1683 Getas
483 1651 668 1694 Hypsipylae
684 1651 858 1694 incognitos
873 1651 928 1682 ad-

268 1701 329 1731 huc
345 1702 439 1732 fuisse
456 1712 534 1732 reor.
581 1702 699 1732 BURM.

316 1752 388 1781 108.
407 1752 431 1780 Α
446 1753 548 1791 patria
565 1751 732 1791 Phasidis]
746 1752 845 1782 „lanus
858 1751 928 1781 Vli-

268 1799 329 1830 tius
343 1799 525 1841 corrigebat,
542 1813 559 1830 n
570 1802 669 1839 patrio
683 1801 825 1830 Phasidos
833 1812 928 1836 mnne,

268 1850 324 1880 sed
354 1860 415 1879 non
442 1861 534 1891 opus:
564 1850 666 1891 patria
695 1850 839 1880 Phasidis
871 1856 928 1886 est,

268 1898 347 1933 fons,
364 1898 449 1939 origo
469 1899 574 1937 fluvii3
599 1905 634 1929 ut
649 1898 694 1929 iii.
724 1898 796 1929 Am.
814 1899 856 1929 vi.
874 1900 927 1930 40.

269 1947 307 1978 de
324 1947 415 1977 Nilo:

315 1997 375 2031 Qui
401 1998 533 2035 patriam
558 2002 649 2027 tantae
675 2002 733 2026 tam
762 1998 830 2026 bene
852 1998 930 2027 celat

356 2057 451 2086 aqum.
766 2047 884 2076 Bunm.

315 2094 387 2124 114.
419 2094 542 2134 Feror]
578 2094 689 2125 Barth.
720 2094 760 2124 ad
789 2095 868 2125 Stat.
896 2106 928 2126 v.

268 2142 370 2173 Theb.
387 2144 462 2173 650.
482 2154 519 2173 ex
536 2143 599 2173 suis
613 2142 801 2174 membranis
815 2144 930 2184 profert

266 2202 380 2231 precor,
397 2191 479 2232 quod
496 2191 634 2233 impense
645 2193 759 2234 placet,
772 2198 803 2222 et
818 2192 929 2223 melius

269 2241 435 2281 respondet
450 2242 498 2281 τῷ
513 2247 653 2281 tangant.
669 2252 737 2282 ego,
750 2241 805 2272 illa
817 2242 929 2272 nobilis

270 2289 455 2331 Hypsipyle,
482 2291 612 2332 supplex
642 2301 761 2332 precor.
782 2296 816 2321 ut
837 2302 929 2333 supra

270 2338 402 2368 Phaedra
418 2339 475 2380 Ep.
492 2338 535 2368 iv.

317 2388 400 2417 Victa
414 2399 527 2427 precor,
542 2390 721 2429 genibusque
738 2390 797 2419 tuis
812 2391 928 2430 regalia

355 2439 441 2467 tendo

313 2485 456 2516 Brachia.
765 2487 883 2517 Bumr.

314 2535 386 2565 117.
413 2534 601 2577 Ingeniosa]
628 2535 678 2565 Sic
702 2535 756 2566 lib.
773 2535 815 2567 iv.
841 2537 925 2568 Fast.

268 2584 345 2614 684.

443 2633 504 2663 Nec
518 2634 603 2663 olivis
618 2639 687 2672 apta
694 2634 833 2675 ferendis

313 2681 417 2718 Terra,
432 2683 480 2712 sed
491 2684 530 2712 ad
541 2689 648 2724 segetes
660 2685 830 2724 ingeniosus
840 2695 924 2726 ager.

787 2733 881 2764 C10r.

315 2779 386 2811 118.
414 2780 465 2812 Me
479 2793 589 2822 quoque
601 2785 669 2823 jam
688 2784 761 2813 tales
776 2784 856 2814 inter
872 2784 924 2814 ha-

997 1358 1062 1388 bere
1081 1357 1191 1398 pates]
1219 1356 1303 1388 Libri
1327 1355 1444 1397 scripti,
1472 1355 1524 1386 Me
1545 1366 1658 1395 quoque

995 1408 1071 1446 quod
1096 1408 1178 1442 tales,
1202 1406 1251 1436 vel
1275 1417 1321 1436 ‘res
1342 1406 1428 1435 tales.
1453 1404 1537 1446 quod
1551 1409 1655 1446 poste-

996 1456 1058 1486 rius
1092 1456 1206 1487 arridet
1233 1454 1463 1496 elegantissimo
1499 1453 1659 1484 Gronovio

996 1504 1027 1535 in
1054 1504 1331 1536 Observationibus
1358 1504 1416 1534 lib.
1440 1503 1484 1534 iv.
1508 1513 1579 1544 cap.
1609 1502 1655 1533 xi.

996 1554 1049 1595 qui
1066 1554 1218 1585 videatur.
1264 1552 1470 1594 Tanaquillus
1488 1553 1587 1583 Faber
1602 1562 1656 1582 no-

996 1603 1035 1634 tis
1057 1603 1090 1633 in
1113 1604 1240 1634 Lucret.
1258 1602 1316 1632 lib.
1332 1602 1378 1632 iii.
1402 1613 1435 1643 p.
1453 1602 1528 1632 481.
1553 1606 1654 1632 tenta-

995 1652 1049 1682 bat
1062 1664 1068 1681 :

1041 1702 1093 1732 Me
1115 1712 1225 1742 quoque
1238 1703 1308 1741 jam
1329 1706 1437 1731 matres
1456 1701 1538 1730 inter
1553 1700 1658 1730 habere

1079 1757 1172 1790 poteS.

996 1801 1068 1832 Jam
1091 1806 1167 1836 tum,
1184 1809 1255 1830 cum
1275 1799 1342 1829 haec
1363 1797 1518 1828 scribebat
1540 1798 1656 1840 Hypsi-

996 1850 1079 1891 pyle,
1095 1849 1212 1891 prolem
1223 1858 1255 1878 se
1271 1847 1428 1889 peperisse
1444 1847 1609 1888 gemellam
1623 1847 1656 1877 in

997 1900 1055 1930 hac
1071 1899 1180 1930 eadem
1198 1897 1300 1928 innuit
1314 1897 1467 1938 Epistola.
1513 1897 1580 1927 Nos
1603 1907 1656 1927 ve-

996 1955 1094 1980 tustos
1108 1948 1231 1979 codices
1241 1947 1414 1977 videamus.
1445 1946 1483 1976 In
1496 1946 1656 1976 Puteaneo

999 2000 1051 2030 Me
1079 2010 1189 2040 quoqne
1217 2010 1247 2038 q.
1261 2019 1291 2027 ..
1305 1998 1370 2028 dis.
1393 1995 1488 2026 erasis
1516 1995 1563 2031 iis,
1585 2006 1655 2036 quae

997 2058 1052 2088 per
1066 2052 1184 2088 puncta
1198 2045 1412 2086 designantur.
1440 2044 1533 2075 Unde
1548 2045 1655 2075 Meze-

997 2095 1098 2126 riacus
1115 2095 1166 2125 Me
1182 2106 1227 2125 res
1240 2095 1351 2124 dotales
1363 2093 1543 2124 concinnat.
1589 2093 1656 2123 Sal-

997 2144 1112 2175 masius
1122 2144 1173 2174 ssIe
1189 2154 1298 2184 quoque
1310 2144 1421 2173 dotales
1435 2144 1522 2178 inter,
1536 2152 1590 2184 pro
1605 2144 1655 2172 do-

997 2200 1087 2224 tatas.
1112 2199 1146 2224 ut
1169 2204 1213 2223 res
1235 2194 1347 2223 dotales
1369 2191 1655 2232 subintelligantur.

996 2244 1065 2274 Hoc
1081 2254 1185 2274 sensu.
1227 2243 1300 2272 Non
1316 2246 1436 2272 tantum
1452 2241 1584 2272 Lemnos
1599 2241 1655 2271 tibi

995 2292 1108 2323 dotalis
1119 2292 1186 2327 erit,
1197 2291 1251 2322 sed
1263 2302 1321 2331 ego
1334 2302 1456 2332 quoque
1470 2291 1549 2332 ipsa.
1574 2292 1654 2328 Qua?

995 2342 1174 2383 conjectura
1189 2340 1232 2371 sic
1249 2340 1295 2370 illi
1319 2340 1448 2381 placuit,
1465 2345 1498 2370 ut
1513 2340 1653 2370 eamdem

996 2389 1234 2421 Commentariis
1253 2389 1291 2419 de
1314 2388 1407 2419 modo
1431 2399 1601 2425 usurarum,
1625 2395 1656 2420 et

994 2439 1101 2470 libello
1113 2439 1260 2470 adversus
1270 2437 1550 2469 Wissembachium
1564 2449 1656 2480 super

994 2488 1094 2519 mutui
1111 2487 1298 2519 alienatione
1314 2487 1491 2518 inculcarit.
1516 2498 1573 2517 nec
1590 2498 1654 2517 me-

994 2537 1064 2573 lius,
1079 2537 1161 2578 quod
1185 2548 1239 2578 pro
1256 2543 1334 2566 terra
1361 2538 1522 2577 ingeniosa,
1537 2536 1652 2566 substi-

994 2587 1054 2617 tuit
1070 2588 1226 2617 invidiosa.
1259 2586 1345 2623 Quid
1360 2587 1450 2627 ergo?
1473 2585 1580 2616 Scribo
1595 2585 1653 2615 mi-

995 2636 1079 2667 nima
1091 2637 1263 2666 mutatione
1275 2648 1292 2667 ε.

1039 2685 1090 2716 Me
1111 2697 1232 2725 quoque,
1256 2692 1325 2725 quot
1349 2686 1432 2717 tales.
1448 2686 1525 2714 inter
1549 2686 1654 2716 habere

1076 2735 1176 2774 potes!

994 2783 1061 2815 Hoc
1075 2783 1152 2820 vult,
1164 2793 1280 2825 paucas
1291 2794 1356 2814 esse
1369 2793 1437 2824 quae
1452 2792 1557 2814 secum
1569 2791 1653 2813 com-
