1849 3198
228 271 313 311 164

624 270 674 310 P.
708 265 919 311 OVIDII
955 269 1233 312 NASONIS

240 386 341 433 Sed
367 385 546 432 timeo:
588 386 887 450 quotiesque
913 386 1046 434 subit
1070 385 1350 433 miserabile
1376 384 1579 438 bellum,

304 461 447 509 More
473 462 613 518 nivis,
641 463 873 519 lacrimae,
902 464 1005 510 sole
1031 462 1292 518 madentis,
1321 469 1456 509 eunt.

237 539 365 586 Ilion
391 547 440 586 et
465 539 710 596 Tenedos,
742 541 1041 603 Simoisque,
1070 547 1120 586 et
1144 539 1358 594 Xantus,
1386 546 1436 586 et
1461 538 1568 594 Ide,

305 618 523 665 Nomina
547 626 662 665 sunt
686 619 794 681 ipso
819 634 947 681 pene
972 617 1195 664 timenda
1219 633 1355 663 sono.

238 692 285 741 N
291 711 347 742 ec
373 710 545 759 rapere
571 711 796 751 ausurus,
825 696 918 741 nisi
945 712 997 742 se
1023 695 1289 742 defendere
1315 700 1500 757 posset,
1561 696 1625 740 55

305 770 505 836 Hospes
532 780 662 820 erat:
702 773 828 820 vires
855 780 1056 819 noverat
1080 772 1161 819 ille
1188 787 1318 818 suas.

236 849 454 897 Venerat
479 852 556 911 (ut
580 850 712 897 fama
736 849 834 911 est>
859 850 1015 897 multo
1043 849 1329 913 spectabilis
1356 863 1490 903 auro,

306 925 506 990 Quique
532 943 621 973 suo
647 927 895 991 Phrygias
922 943 1126 991 corpore
1150 926 1300 973 ferret
1323 942 1462 989 opes.

239 1003 413 1052 Classe
428 1005 645 1068 virisque
662 1013 858 1069 potens,
872 1022 961 1069 per
972 1021 1082 1068 quae
1098 1004 1202 1052 fera
1215 1004 1347 1051 bella
1363 1009 1622 1066 geruntur:

304 1080 369 1128 Et
395 1082 619 1144 sequitur
644 1083 780 1145 regni
806 1099 919 1147 pars
946 1089 1316 1145 quotaquaeque
1342 1081 1451 1127 sui?

1560 1083 1625 1127 60

236 1157 328 1203 His
355 1174 446 1220 ego
471 1166 521 1206 te
544 1159 742 1215 victam,
771 1176 972 1206 consors
999 1159 1180 1207 Ledaea
1204 1159 1444 1221 gemellis,

305 1235 569 1299 Suspicor:
609 1237 716 1283 haec
745 1237 931 1284 Danais
957 1254 1105 1301 posse
1130 1253 1309 1284 nocere
1334 1243 1470 1299 puto.

235 1310 455 1359 Hectora
479 1313 646 1360 nescio
674 1331 823 1377 quem
848 1315 1015 1362 timeo.

1084 1314 1226 1361 Paris
1254 1313 1475 1360 Hectora
1498 1312 1627 1360 dixit

302 1390 483 1438 Ferrea
507 1392 779 1454 sanguinea
803 1393 935 1440 bella
958 1408 1155 1439 movere
1179 1408 1346 1438 manu.

235 1465 470 1523 Hectora,
500 1470 727 1532 quisquis
754 1470 793 1516 is
823 1477 914 1525 est,
943 1470 984 1516 si
1016 1486 1125 1516 sum
1160 1469 1245 1516 tibi
1273 1485 1401 1524 cara,
1429 1474 1620 1515 caveto.

303 1543 564 1606 Signatum
590 1547 796 1593 memori
821 1554 1023 1610 pectore
1048 1563 1228 1594 nomen
1254 1548 1398 1594 habe.

1560 1548 1622 1592 66

235 1618 382 1668 Hunc
408 1622 491 1668 ubi
516 1623 700 1679 vitaris,
729 1625 849 1671 alios
875 1624 1027 1671 vitare
1052 1630 1302 1671 memento
1326 1642 1335 1671 :

299 1696 366 1744 Et
390 1701 569 1747 multos
594 1701 692 1747 illic
720 1700 964 1749 Hectoras
991 1717 1100 1748 esse
1126 1708 1263 1764 puta.

275 1879 365 1909 Miles
376 1882 426 1910 ubi
442 1883 580 1911 emeritus
594 1894 649 1912 non
667 1889 707 1912 est
720 1885 790 1914 satis
805 1885 891 1914 utilis

359 1931 447 1960 (mnis

319 1977 410 2008 Ponit
424 1980 463 2009 ad
478 1982 614 2020 antiquos
628 1993 690 2021 quoe
713 1983 787 2012 tulit
807 1994 889 2012 arma

360 2029 447 2058 lares.
752 2031 846 2062 C10F.

236 2076 277 2106 Ut
294 2087 347 2106 sua
363 2079 423 2113 det,
440 2078 559 2108 Douzae
576 2084 735 2120 excerpta.
783 2080 892 2111 Rodum

231 2131 335 2156 autem
350 2125 474 2167 Jupiter
497 2126 610 2157 dicitur
634 2138 689 2169 pro
710 2127 890 2166 reducente,

231 2181 266 2205 ut
279 2176 415 2217 fortuna
440 2178 558 2212 redux;
583 2187 641 2207 nec
666 2176 733 2207 haec
756 2188 811 2219 per
831 2179 889 2220 hy-

229 2224 376 2265 pallagen
403 2224 551 2266 explicari
574 2225 703 2256 debent.
733 2225 778 2257 ita
802 2227 891 2258 Sabi-

231 2283 301 2303 nus.
318 2273 418 2315 Epist.
434 2273 456 2303 i.
472 2275 525 2304 78.
543 2274 603 2304 huc
617 2275 740 2306 alludit.
769 2276 888 2308 Burin.

273 2323 327 2353 59.
354 2322 415 2352 Per
436 2323 526 2363 quau]
553 2323 667 2353 Malim
686 2335 741 2364 per
755 2336 835 2364 quos.
857 2332 889 2357 ut

231 2371 345 2402 milites
363 2372 590 2412 intelligantur.
615 2373 670 2403 sed
696 2373 766 2404 vide
788 2375 889 2405 Vossii

229 2432 307 2463 opus
343 2421 602 2458 Grammaticum,
627 2422 704 2453 libro
733 2423 771 2454 de
806 2424 889 2456 Con-

229 2470 408 2506 structione‚
425 2481 495 2512 cap.
511 2471 553 2501 iv.
598 2472 717 2503 mes.

273 2521 325 2550 60.
358 2520 398 2550 Et
422 2522 556 2560 sequitur
583 2524 670 2562 regni
702 2533 773 2560 pars
800 2529 889 2562 quota

228 2581 367 2610 quemque
394 2570 471 2610 sui.]
510 2570 604 2604 Quem
630 2573 764 2611 seqnitur
793 2572 888 2602 etiam

229 2617 378 2648 Francius
414 2617 612 2659 conjiciebat.
681 2626 889 2661 qnotaquoeque

229 2677 303 2698 vero
322 2673 416 2698 recte.
441 2673 473 2698 et
492 2668 657 2708 legendum
685 2679 740 2710 per
760 2669 887 2701 interro-

229 2716 398 2757 gationem.
411 2717 455 2748 ita
466 2716 620 2754 Quinctil.
633 2718 725 2749 Decl.
737 2729 888 2751 cccxxxv.

232 2767 314 2800 Dum
327 2768 454 2798 membra
469 2767 636 2809 sufficiunt,
649 2770 721 2799 dum
743 2770 776 2799 in
792 2769 888 2810 officio

229 2817 304 2847 vires
331 2823 413 2847 sunt.
473 2817 746 2858 Quotamquamque
769 2824 884 2858 partem

959 1885 1046 1914 habeo
1060 1885 1202 1914 viventis?
1248 1884 1363 1915 Bru-u.

1003 1935 1055 1964 61.
1084 1934 1208 1964 Consors
1223 1933 1329 1964 Ledam
1341 1934 1504 1975 gemellis]
1521 1934 1621 1966 Ledaez·

959 1993 1071 2013 censeo
1087 1982 1319 2024 castigandum.
1336 1989 1370 2013 ut
1385 1989 1416 2013 et
1431 1982 1519 2014 initio
1530 1983 1620 2026 Epis-

959 2033 1030 2063 tolae
1051 2032 1184 2063 Paridis.
1231 2032 1350 2063 Graeeis
1376 2032 1457 2063 enim
1474 2039 1620 2075 patrony-

958 2080 1047 2112 micis
1062 2081 1202 2123 impense
1216 2081 1391 2113 delectatur
1406 2083 1538 2114 Noster.
1569 2084 1620 2114 Sic

958 2129 1013 2161 lib.
1029 2129 1052 2161 i.
1078 2131 1159 2161 Met.
1177 2131 1253 2161 504.

1003 2180 1143 2220 Nympha
1156 2191 1262 2220 precor
1278 2180 1371 2210 Penei
1387 2192 1483 2212 mane.

958 2229 1018 2259 Pro
1040 2240 1100 2270 quo
1118 2230 1215 2260 Peneo
1230 2229 1262 2260 in
1278 2230 1412 2270 vulgatis
1427 2230 1513 2261 libris
1534 2232 1618 2272 lege-

957 2278 1060 2308 batur.
1099 2284 1130 2309 et
1159 2278 1272 2309 similia
1303 2278 1431 2320 passim.
1470 2279 1513 2311 ita
1543 2281 1619 2312 Sesti

954 2328 1072 2366 puella.
1110 2328 1209 2370 Epist.
1239 2328 1327 2359 xviii.
1358 2335 1392 2359 ut
1420 2329 1464 2360 ibi
1501 2331 1616 2363 scribo.

956 2377 1075 2408 HEINs.

1003 2426 1152 2466 Consors]
1179 2425 1216 2456 Id
1240 2432 1286 2457 est
1305 2427 1404 2462 Soror,
1420 2433 1451 2458 et
1465 2429 1616 2470 sanguine

957 2476 1134 2517 conjuncta.
1163 2476 1332 2516 Gemellis]
1358 2477 1395 2507 Id
1417 2483 1474 2513 est,
1495 2479 1616 2511 Castori

956 2530 987 2555 et
1010 2525 1142 2561 Polluci,
1158 2526 1210 2566 qui
1226 2525 1340 2566 gemini
1356 2526 1490 2562 fuerunt,
1507 2528 1616 2560 eodem

956 2574 1019 2604 nati
1035 2584 1103 2604 ovo.

999 2624 1050 2653 68.
1068 2623 1244 2664 Hectoras]
1264 2624 1382 2654 Eodem
1398 2624 1489 2655 modo
1505 2625 1616 2657 Cicero

955 2671 1034 2702 dixit
1054 2672 1257 2713 Thucydidas.
1272 2673 1461 2704 Cmmxvs.
1502 2674 1612 2705 Sueto-

958 2721 1028 2752 nius
1042 2721 1159 2753 Caesar.
1177 2733 1247 2765 cap.
1261 2723 1283 2754 i.
1303 2722 1528 2754 Caesarimultos
1545 2724 1614 2755 Ma·

954 2780 1013 2801 reos
1027 2781 1129 2802 messe.
