1849 3198
205 200 291 242 310

597 203 647 243 P.
683 203 897 245 OVIDII
931 203 1212 247 NASONIS

206 314 278 362 At
296 317 547 379 quondam
574 325 771 365 noctem
796 319 1161 383 simulacraque
1179 336 1306 367 vana
1329 320 1592 370 timebam:

274 392 512 450 Mirabar,
538 395 757 442 tenebris
783 396 824 442 si
849 397 961 459 quis
988 397 1145 444 iturus
1172 405 1292 445 erat.
1535 403 1595 446 lo

207 468 354 525 Risit,
381 477 436 517 ut
460 471 698 527 audirem,
725 474 897 520 tenera
923 490 1037 520 cum
1063 473 1227 521 Matre
1255 474 1482 537 Cupido:

272 545 340 592 Et
361 547 548 604 leviter,
578 549 691 596 Fies
715 556 769 596 tu
796 567 998 613 quoque
1022 551 1175 607 fortis,
1204 552 1287 599 ait.

206 623 253 669 N
259 639 315 671 ec
340 640 493 680 mora,
511 626 645 673 venit
663 642 814 673 amor.
855 643 953 674 non
971 629 1172 675 umbras
1192 635 1337 675 nocte
1352 629 1592 684 volantes,

271 700 387 748 Non
410 702 563 749 timeo
588 703 785 750 strictas
811 703 860 749 in
886 721 997 752 mea
1020 705 1122 752 fata
1146 722 1339 753 manus.

202 776 274 824 Te
298 778 505 825 nimium
530 780 718 826 lentum
743 780 922 837 time03
962 781 1052 828 tibi
1079 782 1305 829 blandior
1330 783 1440 829 uni:
1534 784 1591 828 15

267 855 360 912 Tu,
387 873 467 903 me
493 873 592 919 quo
618 857 779 920 possis
805 858 1029 921 perdere,
1056 859 1244 907 fulmen
1268 860 1440 906 habes.

201 932 438 997 Adspice,
466 935 554 997 (et,
582 941 637 981 ut
656 935 842 991 videas,
870 935 1079 983 immitia
1103 937 1320 984 claustra
1342 934 1552 996 relaxa,)

270 1011 385 1059 Uda
409 1000 473 1058 sit
497 1018 551 1059 ut
575 1012 790 1059 lacrimis
810 1013 965 1075 janua
988 1013 1120 1061 facta
1142 1014 1284 1061 meis.

202 1087 353 1137 Certe
378 1106 488 1152 ego,
516 1106 631 1136 cum
655 1090 817 1153 posita
843 1097 999 1138 stares
1026 1091 1088 1138 ad
1111 1092 1318 1138 verbera
1340 1096 1496 1144 veste,

266 1166 348 1213 Ad
373 1166 624 1213 dominam
649 1183 738 1230 pro
763 1174 813 1214 te
838 1167 989 1214 verba
1012 1174 1254 1214 tremente
1279 1167 1387 1214 tuli.

1527 1169 1591 1211 20

200 1241 350 1306 Ergo,
379 1260 491 1307 quae
515 1244 669 1291 valuit
692 1260 780 1308 pro
805 1251 855 1291 te
881 1260 1083 1307 quoque
1109 1244 1267 1306 gratia
1287 1243 1556 1306 quondam,

265 1319 405 1383 (Heu
430 1321 622 1368 facinus
641 1321 675 1382 !)
712 1337 801 1384 pro
826 1337 905 1368 me
931 1338 1061 1368 nunc
1086 1322 1218 1368 valet
1242 1321 1326 1368 illa
1349 1320 1557 1383 parum?

200 1397 377 1445 Redde
393 1398 552 1445 vicem
567 1399 755 1446 meritis
769 1417 778 1456 ;
809 1406 949 1461 grato
965 1399 1083 1447 licet
1098 1415 1245 1461 esse„
1266 1396 1414 1452 Quod
1430 1404 1589 1461 optas,

263 1475 512 1539 Tempora
535 1476 696 1522 noctis
722 1482 867 1523 eunt:
909 1483 1091 1523 excute
1116 1482 1262 1539 poste
1288 1491 1465 1525 seram.

199 1550 425 1600 Excute:
465 1552 536 1599 sic
562 1568 802 1615 umquam
827 1543 976 1614 longa
1003 1553 1218 1599 relevere
1243 1552 1439 1606 catena,

1526 1553 1590 1597 25

266 1627 375 1675 Nec
402 1628 491 1675 tibi
516 1634 758 1691 perpetuo
785 1644 927 1675 serva
950 1629 1151 1676 bibatur
1176 1644 1323 1691 aqua.

242 1812 291 1841 ll.
329 1811 422 1846 Risit,
451 1817 486 1841 ut
515 1812 633 1841 audivit
659 1817 760 1840 tenera
792 1821 860 1840 cum

194 1867 290 1892 matre
308 1860 434 1899 Cupido,
448 1860 488 1889 Et
504 1859 686 1900 leviter-,fies
702 1866 736 1889 ἰιι
750 1870 861 1898 quoque

184 1911 293 1951 fortis,
315 1909 387 1949 ait.]
424 1909 531 1949 Longe
555 1908 663 1939 melior
685 1914 732 1938 est
755 1907 860 1944 lectio,

193 1962 262 1990 risit
289 1965 325 1989 ut
350 1960 500 1993 audirem,
525 1962 560 1988 ut
586 1968 695 1988 sensus
722 1956 772 1993 sit,
797 1964 860 1988 tam

194 2009 327 2040 effusum
355 2007 450 2038 fuisse
480 2006 647 2048 Cupidinis
676 2012 706 2037 et
731 2006 862 2037 Veneris

193 2058 289 2088 risum
302 2062 333 2087 et
348 2056 548 2091 cachinnum,
564 2060 599 2086 ut
614 2055 681 2096 ejus
696 2066 788 2086 sonus
804 2065 858 2086 au-

193 2106 311 2136 diretur
326 2116 344 2136 a
359 2106 468 2135 Poeta.
512 2106 666 2135 MAmus.

240 2155 289 2185 17.
320 2155 437 2193 Aspice,
462 2160 495 2183 ut
523 2154 684 2193 invideam]
723 2152 857 2191 Adspice,

193 2210 221 2234 et
248 2210 281 2233 ut
304 2204 416 2237 videas,
432 2203 560 2232 immitia
583 2204 716 2232 claustra
739 2203 855 2237 relaxa,

195 2263 233 2282 ex
245 2251 370 2293 optimis
385 2250 472 2281 libris
481 2256 529 2281 est
543 2251 764 2292 reponendum.
781 2262 857 2291 quo-

193 2300 286 2331 modo
305 2300 372 2341 jam
397 2299 429 2329 in
451 2298 730 2330 Observationibus
754 2299 809 2330 lib.
824 2299 856 2330 ii.

193 2360 264 2390 cap.
277 2348 341 2379 xxi.
358 2348 538 2378 emendavit
552 2352 654 2378 noster
670 2347 856 2378 Gronovius.

192 2398 315 2429 Theod.
346 2396 512 2427 Mamilius
541 2396 580 2427 ad
609 2396 708 2427 Persii
736 2397 804 2427 Sat.
827 2408 856 2427 v.

194 2447 288 2482 male,
299 2454 334 2477 ut
345 2448 489 2482 invideas,
502 2446 731 2487 interpretatur,
746 2448 855 2485 inspec-

194 2503 247 2527 tes.
273 2496 393 2526 IIE1Ns.

238 2545 372 2575 Immitia
400 2544 566 2584 claustra]
602 2544 769 2584 Elegantia
801 2555 855 2574 sua

196 2605 256 2624 non
271 2598 356 2624 caret
371 2592 465 2633 Regii
481 2592 598 2623 codicis
612 2592 715 2628 lectio,
729 2605 785 2623 mm
803 2595 855 2623 mi-

197 2646 249 2674 lia.
273 2648 308 2674 ut
323 2642 362 2673 sit
377 2642 515 2683 μείωσις.
562 2643 677 2672 Bmuu.

238 2694 293 2723 23.
320 2693 422 2723 Redde
436 2693 527 2722 vicem
550 2694 674 2727 meritis,
687 2698 776 2731 gratu
791 2693 855 2722 licet

196 2754 251 2773 esne
265 2744 340 2782 qnod
357 2742 466 2781 optas]
491 2740 659 2779 Distinguo
675 2740 731 2771 hoc
750 2740 855 2771 modo:

973 1810 1075 1840 Redde
1102 1811 1194 1839 vicem
1226 1810 1341 1839 meritis
1351 1821 1361 1846 ,-
1398 1815 1487 1851 grato
1524 1810 1593 1840 licet

1056 1869 1123 1889 esse.
1170 1858 1365 1897 Qnodopms,

1018 1908 1160 1947 Tempora
1175 1909 1268 1938 noctis
1282 1914 1367 1938 eunt.

929 1957 1059 1987 Labitur
1081 1962 1204 1998 tempus
1229 1956 1329 1987 noctis
1350 1956 1451 1998 (quod
1476 1962 1520 1993 tu,
1537 1957 1591 1998 qui

928 2005 1126 2047 impatienter
1153 2012 1217 2036 tam
1240 2005 1366 2047 longam
1390 2006 1514 2042 toleras,
1536 2017 1590 2048 op-

929 2060 986 2091 tas,
1016 2060 1050 2086 ut
1075 2065 1093 2085 a
1115 2055 1223 2096 vigilia
1254 2052 1412 2093 libereris)
1437 2065 1495 2096 ego
1519 2066 1591 2086 vero

926 2104 1038 2135 frustra
1065 2109 1187 2146 tempus
1215 2109 1294 2134 tero.
1342 2104 1428 2138 Quod
1455 2110 1521 2144 opto
1551 2115 1591 2135 an

926 2152 1096 2194 praetulerit
1108 2152 1240 2188 Marius,
1253 2158 1288 2183 ut
1303 2152 1452 2183 Heinsius
1466 2153 1519 2187 ait,
1530 2164 1590 2184 non

925 2208 1009 2233 certo
1037 2208 1156 2232 constat
1186 2212 1224 2232 ex
1254 2202 1321 2243 ejus
1351 2202 1443 2233 notis.
1479 2202 1590 2233 saltem

926 2251 1007 2281 male
1023 2250 1184 2292 explicuit.
1229 2251 1345 2281 Bumvi.

968 2300 1021 2331 25.
1045 2300 1217 2341 Relige're.]
1244 2299 1343 2341 Atqui
1362 2299 1428 2341 jam
1442 2299 1590 2340 religatus

924 2355 1001 2380 erat.
1024 2349 1131 2391 primae
1147 2349 1298 2380 editiones
1318 2355 1348 2380 et
1372 2348 1495 2380 codices
1510 2360 1587 2380 non-

925 2399 1002 2429 nulli
1018 2409 1056 2429 ex
1071 2398 1204 2440 scriptis,
1217 2400 1258 2429 sic
1272 2410 1405 2438 unquam
1419 2400 1498 2429 dura
1516 2400 1590 2429 rele-

925 2459 990 2479 vere
1016 2455 1134 2478 catena.
1181 2448 1359 2478 Puteaneus
1382 2458 1454 2478 cum
1475 2447 1589 2488 Regio,

925 2503 956 2528 et
980 2497 1081 2528 Jureti
1106 2497 1280 2538 Excerptis,
1307 2502 1339 2527 et
1363 2496 1589 2533 Arondeliano,

923 2548 965 2576 sic
980 2557 1112 2585 unquam
1128 2546 1217 2586 [011ch
1230 2546 1360 2576 relevere
1371 2545 1488 2575 catenli.
1505 2545 1587 2576 Lon—

924 2607 963 2635 ga
978 2594 1073 2624 etiam
1089 2600 1135 2624 est
1149 2594 1180 2623 in
1200 2593 1366 2635 Excerptis
1391 2594 1541 2634 Scaligeri
1558 2600 1590 2625 et

926 2642 1069 2673 Puteani.
1093 2650 1124 2673 et
1148 2642 1192 2673 ita
1218 2643 1312 2678 Dom.
1334 2641 1456 2672 Marius
1481 2641 1513 2672 in
1537 2653 1589 2673 co-

926 2691 1006 2727 dice,
1035 2702 1128 2733 quem
1158 2691 1211 2722 ille
1238 2690 1398 2721 horrendae
1425 2690 1590 2721 vetustatis

927 2748 1028 2777 vocat,
1044 2740 1189 2782 repperit.
1212 2741 1269 2771 hoe
1294 2746 1339 2771 est
1355 2751 1424 2781 quae
1441 2740 1494 2772 diu
1519 2740 1586 2771 lon-
