1849 3198
234 156 319 197 436

626 156 677 197 Ρ.
712 155 925 198 OVIDII
958 157 1238 199 NASONIS

237 271 437 318 Aversis
464 271 652 317 utinam
676 271 953 333 tetigissem
980 273 1199 319 carmina
1224 271 1408 329 Musis3

305 346 526 393 Phoebus
553 354 603 394 et
627 347 881 410 inceptum
907 348 1219 395 destituisset
1243 349 1389 411 opus!

238 422 285 468 N
290 438 346 469 ec
374 430 558 479 tamen,
586 430 641 470 ut
664 430 817 470 testes
843 441 949 471 mos
975 432 1052 471 est
1075 426 1244 472 audire
1270 425 1468 482 Poe-ta&

303 498 582 547 Malueram
607 500 768 546 verbis
794 501 989 563 pondus
1015 501 1192 547 abesse
1217 502 1357 548 meis.
1562 505 1625 548 20

238 576 336 623 Per
360 593 448 623 nos
477 576 662 639 Scylla,
690 576 818 639 patri
843 591 992 623 canos
1018 576 1179 624 furata
1203 578 1424 640 capillos,

303 652 447 699 Pube
472 652 653 715 premit
676 652 873 698 rabidos
899 652 1286 716 inguinibusque
1311 670 1476 701 caneS.

238 728 345 775 Nos
371 729 583 792 pedibus
602 745 792 792 pennas
812 730 1057 784 dedimus,
1076 746 1165 776 nos
1181 730 1399 777 crinibus
1419 746 1622 792 angues.

302 804 476 852 Victor
499 805 809 853 Abantiades
835 807 953 854 alite
978 806 1130 855 fertur
1151 823 1299 870 equo.

237 881 396 928 Iidem
422 898 511 945 per
536 883 750 946 spatium
776 883 959 947 Tityon
984 885 1297 947 porreximus
1323 885 1521 946 ingens:
1561 887 1624 931 25

304 958 370 1004 Et
393 959 487 1005 tria
509 959 707 1022 vipereo
733 959 940 1007 fecimus
966 977 1051 1008 ora
1075 962 1201 1008 cani.

238 1034 467 1082 Fecimus
495 1035 783 1083 Enceladon
802 1037 1108 1099 jaculantem
1134 1038 1267 1085 mille
1291 1037 1515 1094 lace1·tis;

302 1111 564 1174 Ambiguae
589 1120 761 1176 captos
785 1114 987 1176 virginis
1013 1131 1096 1162 ore
1120 1115 1265 1162 viros.

236 1187 420 1235 AEolios
448 1188 633 1235 Ithacis
660 1190 950 1238 inclusimus
976 1191 1168 1237 utribus
1196 1190 1384 1237 Euros:

304 1264 534 1312 Proditor
558 1267 608 1313 in
632 1267 795 1314 medio
820 1267 1059 1314 Tantalus
1086 1283 1230 1314 amne
1256 1255 1374 1313 sitit.

1562 1271 1626 1314 30

239 1341 316 1387 De
344 1341 506 1388 Niobe
533 1343 739 1397 silicem,
767 1344 829 1390 de
854 1344 1041 1405 virgine
1066 1343 1273 1390 fecimus
1301 1358 1488 1390 ursam:

306 1417 540 1466 Concinit
566 1419 839 1484 Odrysium
866 1419 1106 1483 Cecropis
1128 1420 1229 1466 ales
1256 1418 1389 1481 Ityn.

235 1569 431 1600 leberrimam
453 1570 542 1612 Epici
565 1571 710 1602 carminis
725 1572 897 1602 materiam.

236 1617 281 1647 ita
310 1623 340 1647 et
369 1617 402 1647 ii.
433 1618 524 1649 Trist.
553 1620 626 1650 317.
665 1626 695 1650 et
733 1620 897 1651 Anacreon

238 1666 299 1697 Od.
315 1667 335 1697 i.

278 1714 367 1745 Θέλω
381 1714 490 1757 λέγειν
508 1715 683 1757 Ἀτρείδας,

279 1763 368 1795 θέλω
384 1764 415 1794 δὲ
433 1764 566 1806 Κάδμον
579 1763 681 1806 ᾄδειν.

238 1813 278 1842 Et
294 1813 355 1843 Od.
372 1813 435 1843 xvi.

281 1863 326 1893 Σὺ
339 1863 398 1903 μὲν
413 1861 514 1903 λέγεις
529 1863 568 1893 τὰ
584 1862 710 1902 Θήβης,

278 1909 312 1941 ‘0
326 1910 350 1941 δ’
366 1910 406 1942 αὖ
422 1913 562 1952 Φρυγῶν
575 1910 684 1948 ἀϋτάς.
741 1911 855 1941 Eunu.

283 1961 333 1991 19.
350 1959 413 1990 Nec
442 1960 569 2000 tamem]
613 1957 778 2001 Scripsisse
807 1959 899 1990 credo

238 2009 409 2044 Nasonem,
428 2019 510 2038 nunc
526 2015 634 2038 tamen.
681 2008 798 2038 Bunm.

280 2058 335 2087 24.
352 2057 565 2096 Abantiades]
606 2055 741 2086 Huetius
764 2055 796 2086 in
819 2056 898 2086 notis

239 2106 277 2136 ad
292 2105 525 2147 Epigrammata
539 2105 652 2136 Graeca
673 2104 728 2135 lib.
744 2105 764 2134 i.
779 2115 851 2146 pag.
867 2106 897 2135 3.

239 2160 328 2195 putat
346 2153 495 2184 Ovidium
518 2153 568 2184 hic
594 2152 742 2183 memoria
764 2153 898 2194 lapsum,

238 2204 436 2233 Abantiadem
464 2213 573 2234 vocare
611 2201 898 2243 Bellerophontem,

239 2262 309 2282 cum
338 2251 442 2281 nullus
466 2250 553 2282 Abas
574 2250 654 2280 inter
676 2251 743 2291 ejus
768 2250 900 2291 majores

239 2302 399 2336 referatur,
415 2300 469 2330 sed
484 2300 563 2331 inter
578 2298 698 2330 Persei.
711 2299 785 2340 quia
796 2299 900 2330 nullus

240 2350 407 2380 Poetarum
432 2349 586 2389 Pegasum
611 2347 666 2378 dat
696 2347 819 2383 Perseo,
845 2347 899 2378 sed

240 2409 347 2429 omnes
372 2408 433 2428 uno
454 2407 504 2428 ore
529 2396 775 2438 Bellerophonti.
818 2395 900 2427 Hinc

241 2447 315 2489 quia
337 2447 491 2489 Pegasum
518 2446 623 2476 Poetae
648 2446 769 2486 fingunt
792 2451 900 2476 natum

241 2507 278 2526 ex
295 2495 445 2537 sanguine
460 2494 615 2530 Medusae,
632 2504 701 2525 cum
726 2494 784 2536 ipsi
807 2500 902 2535 caput

242 2555 260 2574 a
286 2545 397 2575 Perseo
425 2550 506 2575 esset
531 2548 695 2578 resectum,
724 2543 811 2583 (vide
838 2543 900 2573 late

240 2594 344 2624 Tzetz.
359 2593 399 2623 ad
423 2593 575 2634 Lycophr.
600 2591 755 2622 Alexand.
780 2603 808 2622 v.
835 2591 901 2632 17.)

243 2648 325 2675 ,recte
342 2642 415 2673 dicit
431 2652 501 2672 eum
518 2642 663 2675 victorem
688 2641 807 2678 Pegaso
831 2652 900 2672 vec-

966 1578 1032 1603 tum
1048 1581 1201 1602 remeasse
1218 1570 1250 1601 in
1265 1569 1409 1612 patriam.
1440 1570 1555 1600 Bumr.

1009 1621 1063 1651 28.
1082 1622 1235 1662 Ambiguoe
1258 1626 1356 1658 captos
1373 1621 1496 1660 virginis
1515 1630 1564 1649 ore
1585 1621 1627 1649 zvi-

966 1669 1043 1709 r05.]
1072 1668 1194 1699 Dubito
1206 1668 1309 1704 valde,
1321 1678 1361 1698 au
1372 1667 1421 1698 hic
1438 1667 1488 1698 vel
1504 1667 1627 1699 Sirenes

968 1720 1017 1749 vel
1049 1719 1139 1749 Circe
1168 1718 1301 1758 intelligi
1337 1718 1485 1748 debeant.
1533 1717 1626 1748 Certe

968 1761 1091 1792 Circem
1105 1760 1257 1801 virginem
1272 1760 1335 1791 dici
1349 1770 1438 1802 posse
1462 1771 1524 1790 non
1541 1766 1626 1801 puto,

967 1821 1036 1851 quae
1053 1816 1131 1840 teste
1148 1809 1242 1839 Diod.
1258 1808 1308 1839 Sic
1324 1809 1380 1839 lib.
1399 1808 1443 1838 iv.
1465 1819 1536 1850 pag.
1556 1810 1627 1840 173.

967 1865 1065 1901 nupta
1079 1864 1172 1889 antea
1186 1858 1288 1888 fuerat
1302 1858 1385 1899 Regi
1406 1859 1629 1895 Sarmatarum,

968 1918 1029 1949 quo
1051 1907 1153 1938 occiso
1173 1907 1205 1937 in
1225 1906 1351 1938 Italiam
1380 1906 1506 1938 demum
1534 1907 1629 1938 venit.

968 1962 1104 1987 nectam
1119 1961 1224 1997 captos
1247 1956 1313 1997 ejus
1340 1966 1390 1986 ore
1414 1955 1506 1991 viros,
1532 1966 1627 1996 quam

968 2004 1126 2036 veneficiis
1149 2014 1252 2035 versos
1273 2004 1305 2034 in
1326 2014 1434 2046 porcos
1454 2004 1560 2034 Poetae
1577 2014 1628 2035 ca-

967 2061 1054 2085 nunt.
1077 2054 1174 2095 major
1198 2053 1318 2094 species
1339 2058 1385 2083 est
1409 2053 1441 2083 in
1457 2052 1628 2089 Sirenibus,

965 2104 1022 2134 sed
1037 2104 1116 2134 dura
1138 2103 1205 2133 haec
1227 2101 1380 2143 enallage,
1401 2107 1436 2132 ut
1459 2112 1521 2132 una
1542 2101 1628 2144 virgo

966 2158 1099 2194 ponatur
1127 2161 1181 2193 pro
1215 2150 1368 2192 plurimiS.
1410 2151 1516 2186 Quare
1552 2150 1628 2181 forte

966 2201 1105 2243 Sphinga
1131 2199 1322 2231 intellexerit
1348 2199 1444 2235 Naso,
1461 2209 1530 2240 quae
1547 2199 1630 2241 cepit

967 2260 1073 2281 revera
1087 2249 1178 2281 viros.
1209 2249 1328 2279 Bumr.
1665 2268 1668 2270 ,

1011 2299 1064 2329 30.
1084 2298 1226 2328 Proditor
1251 2296 1426 2336 Tantalus]
1462 2296 1568 2332 Quod,
1594 2302 1628 2327 ut

968 2353 1054 2390 puto,
1071 2348 1209 2378 Deorum
1226 2356 1339 2377 arcana
1353 2356 1424 2376 cum
1447 2346 1629 2376 mortalibus

969 2397 1240 2428 communicasset.
1269 2392 1371 2436 quue
1386 2393 1519 2424 ostendit
1535 2393 1627 2424 Euri-

968 2445 1056 2487 pides
1071 2444 1159 2475 initio
1175 2443 1305 2478 Orestis.
1324 2443 1376 2474 ubi
1391 2443 1435 2473 ita
1451 2448 1497 2473 est
1511 2453 1516 2470 :

1175 2492 1248 2523 ’Ότι
1264 2492 1356 2529 Θεοῖς,
1371 2492 1543 2533 ἅνθρωπος
1558 2491 1616 2527 ὢν,

1013 2544 1137 2580 Κοινῆς
1151 2540 1311 2583 τραπέζης
1332 2539 1441 2581 ἀξίωμ’
1457 2540 1540 2581 ἔχων
1556 2539 1629 2570 ἴσον

1012 2592 1210 2624 Ἀκὸλαστον
1224 2591 1296 2632 ἔσχε
1313 2591 1481 2632 γλῶσσαν,
1500 2587 1629 2629 αἰσχέσ-

1061 2652 1122 2678 την
1135 2638 1248 2671 ιὶόσοιι.
1289 2665 1293 2671 .
1493 2638 1583 2667 Cior.
