1849 3198
241 205 299 247 86
626 203 676 244 P.
710 201 923 243 OVIDII
956 200 1235 243 NASONIS

243 319 384 375 Vive,
404 334 604 383 precor:
644 317 714 365 sic
740 323 788 364 te
807 317 999 372 melius,
1018 333 1168 380 quam
1192 317 1377 374 funere,
1399 318 1619 382 perdam.

309 395 386 442 Tu
411 395 576 459 potius
600 395 685 442 leti
710 410 887 442 caussa
910 394 1064 442 ferare
1089 395 1202 443 mei.

246 473 416 535 Finge,
435 489 542 535 age,
559 480 608 520 te
633 473 803 537 rapido
820 473 1032 535 (nullum
1058 473 1121 519 sit
1144 473 1193 519 in
1219 472 1382 519 omine
1407 470 1624 535 pondus)

311 550 527 597 Turbine
552 550 817 614 deprendi:
858 550 978 612 quid
1002 549 1093 596 tibi
1118 549 1296 596 mentis
1323 549 1446 596 erit?
1562 551 1624 595 66

247 626 481 674 Protinus
506 633 766 674 occurrent
789 626 924 672 falsae
951 626 1167 689 perjuria
1189 626 1388 688 linguae,

313 702 379 750 Et
404 703 626 767 Phrygia
651 703 781 749 Dido
807 702 977 749 fraude
1003 710 1177 750 coacta
1200 703 1339 749 mori.

292 886 345 916 63.
374 886 444 916 Vire
461 887 592 926 precor]
624 886 717 917 Diras
742 886 790 916 his
805 886 906 917 verbis

249 934 411 977 imprecari
426 937 536 966 AEneae
547 936 631 966 Dido
647 936 794 966 credebat
807 937 906 966 bonus

248 984 302 1016 ille
318 985 519 1027 Dausquejus
533 985 572 1016 ad
587 985 644 1015 Sil.
661 985 717 1015 lib.
732 984 754 1015 i.
770 996 843 1027 pag.
855 986 906 1016 41.

249 1033 338 1075 quasi
349 1034 444 1064 vitam
458 1033 602 1065 miseram
615 1039 646 1064 et
660 1039 756 1064 morte
771 1034 907 1075 pejorem

250 1088 372 1114 voveat.
397 1083 514 1125 inepte.
543 1083 666 1114 Amoris
681 1090 727 1113 est
742 1083 907 1114 vehemen-

250 1132 304 1168 tia,
329 1137 363 1162 ut
385 1131 460 1163 licet
484 1137 638 1164 mereatur
658 1133 776 1163 AEneas
802 1132 907 1162 odium

250 1180 363 1217 Didas,
388 1181 444 1212 illa
467 1186 572 1212 tamen
595 1192 665 1211 eum
681 1181 785 1212 vivere
809 1181 907 1217 malit,

250 1240 345 1271 quam
370 1230 530 1270 naufragio
555 1230 665 1272 perire,
692 1229 775 1271 quod
804 1230 910 1261 mortis

250 1289 350 1320 genus
385 1278 590 1310 miserrimum
625 1278 805 1315 credebant,
836 1279 910 1320 quia

250 1326 412 1369 sepultura
426 1329 565 1358 carebat.
610 1329 730 1358 BURM.

295 1377 349 1407 68.
376 1376 417 1406 Et
431 1376 568 1417 Phrygia
585 1376 664 1407 Dido
676 1376 795 1418 jiuucle
811 1383 911 1407 coacta

252 1425 357 1465 mori]
398 1425 421 1454 F
424 1425 597 1462 abulosum,
622 1431 654 1456 et
681 1425 773 1467 plane
798 1425 910 1456 falsum

254 1479 312 1510 est,
342 1473 500 1504 Didonem
537 1474 576 1504 ab
605 1475 709 1504 AEnea
735 1473 911 1504 adamatam

254 1523 366 1554 fuisse:
392 1522 472 1553 Cum
497 1528 616 1552 certum
646 1530 741 1564 atque
767 1523 909 1563 explora-

255 1577 321 1603 tum
347 1571 396 1607 sit,
422 1572 557 1602 AEneam
583 1577 655 1602 ante
680 1572 773 1602 Urbis
801 1572 911 1602 Romae

254 1620 456 1662 primordium
480 1630 559 1650 anno
582 1631 635 1650 cn.
656 1631 755 1661 eoque
781 1620 913 1661 amplius

255 1669 288 1700 in
311 1668 436 1699 Italiam
452 1669 584 1699 venisse.
632 1669 787 1709 Carthago
810 1674 913 1699 autem

257 1724 330 1750 ante
343 1718 477 1749 Romam
493 1718 582 1749 annis
598 1729 706 1748 Lxxn.
723 1718 783 1754 vel,
796 1723 831 1749 ut
845 1717 914 1748 aliis

257 1768 372 1809 placet,
397 1778 498 1798 xcvu.
525 1767 650 1798 condita
672 1773 718 1798 est
743 1767 912 1798 aDidone.

258 1816 350 1847 Unde
366 1815 566 1857 probabiliter
581 1816 747 1857 colligitur,
758 1816 914 1846 Didonem

258 1866 297 1896 ab
314 1866 417 1896 AEnea
434 1875 491 1895 nec
513 1865 619 1902 amari,
636 1876 692 1896 nec
708 1865 805 1896 videri
824 1870 914 1907 potu-

256 1914 329 1945 isse.
374 1913 419 1944 At
441 1913 515 1945 licet
537 1914 643 1945 Poetis
658 1914 751 1955 vulgo
774 1920 915 1956 receptas

258 1962 418 2005 opiniones
431 1963 530 2004 sequi,
543 1974 636 2004 quam
652 1964 789 1994 fabulam
804 1965 843 1994 ab
852 1964 914 1994 En-

258 2012 310 2043 nio
336 2011 368 2042 in
391 2012 602 2043 Romanorum
623 2013 754 2054 gratiam
782 2012 916 2055 primum

259 2061 423 2092 confictam
448 2072 513 2092 esse
538 2061 648 2093 litteris
678 2062 834 2104 proditum
860 2067 918 2093 est.

260 2111 331 2142 Huc
342 2110 417 2141 facit
426 2110 556 2141 Ausonii
567 2122 583 2142 e
597 2112 706 2142 Graeco
717 2112 917 2153 epigramma,

259 2160 292 2191 in
304 2170 365 2200 quo
381 2160 447 2200 ejus
462 2160 574 2191 fabulae
586 2166 742 2191 auctorem
752 2160 918 2201 Virgilium

260 2209 353 2240 fuisse
370 2208 412 2238 ait
427 2221 433 2238 :

304 2257 366 2288 Illa
382 2268 432 2298 ego
449 2268 512 2287 sum
530 2257 621 2293 Dido,
638 2259 724 2288 υιιίίιι
740 2270 825 2297 quam
848 2271 916 2289 ‹ron-

389 2308 475 2346 spicis
490 2308 597 2346 hospes,
865 2312 867 2315 ’

348 2357 528 2386 Ass-*infulata
542 2357 631 2385 modis
648 2355 811 2395 pulcraque
834 2358 918 2386 miri-

380 2405 466 2444 ficis.

309 2453 389 2483 Talis
403 2465 494 2489 eram,
504 2454 552 2484 sed
567 2464 636 2487 ἰωη,
650 2452 737 2482 Maro
751 2465 836 2493 quam
850 2454 921 2483 milii

381 2503 488 2543 firmis,
505 2508 569 2532 erat
585 2513 673 2537 mens,

354 2551 419 2582 Vita
433 2563 485 2583 nec
501 2553 616 2582 incestis
632 2552 698 2581 laeta
712 2552 911 2590 cupidinibus.

310 2601 443 2640 Namque
464 2612 516 2631 nec
532 2601 641 2630 AEneas
656 2602 731 2631 vidit
755 2612 797 2631 me
815 2600 922 2631 Tro'ius

390 2660 532 2690 uuquam,

352 2696 415 2727 Nec
427 2698 549 2739 Libyam
565 2700 685 2730 advenit
697 2699 835 2729 classibus
844 2697 919 2728 Ilia-

392 2757 446 2778 σεε.

1017 886 1073 916 Sed
1086 885 1194 927 furias
1206 885 1335 927 fugiens
1350 890 1437 924 atque
1458 894 1542 913 arma
1562 894 1630 924 pro-

1100 937 1176 964 cacis
1192 934 1285 964 Iarbae

1060 984 1317 1025 Scrvari,fate0r,
1334 988 1424 1012 morte
1439 982 1630 1021 pudicitiam.

1019 1033 1141 1062 Pectore
1157 1033 1274 1073 transfia
1281 1044 1307 1068 0,
1322 1037 1413 1062 castos
1428 1032 1504 1070 quod
1524 1037 1627 1069 pertu-

1101 1081 1147 1110 dit
1162 1092 1250 1117 enses,

1062 1129 1243 1170 Nonfwror,
1258 1135 1312 1159 aut
1327 1129 1391 1159 larso
1411 1129 1523 1158 crudus
1537 1138 1634 1158 amore

1101 1179 1196 1208 dolor.

1019 1226 1067 1257 Sic
1082 1227 1215 1257 cecidisse
1228 1228 1339 1266 juvat.-
1364 1227 1421 1256 vivi
1435 1227 1497 1255 sine
1512 1226 1634 1256 vnlnere

1093 1274 1200 1316 famae,

1067 1325 1140 1355 Uita
1163 1326 1272 1359 virum,
1299 1325 1401 1363 positis
1424 1325 1564 1354 moenibus
1585 1335 1634 1364 op-

1102 1375 1189 1413 petii.

1023 1422 1132 1453 Invida
1157 1434 1213 1453 cnr
1236 1424 1269 1453 in
1293 1434 1337 1453 me
1360 1423 1520 1453 stimulasti
1547 1423 1636 1454 Musa

1108 1473 1274 1507 llIaronem,

1066 1522 1092 1551 F
1095 1523 1211 1563 ingeret
1226 1527 1259 1551 rut
1276 1527 1378 1551 nostra?
1394 1522 1504 1551 damna
1518 1523 1636 1559 pudici-

1108 1571 1176 1600 tiae?

1028 1619 1080 1649 Vos
1101 1621 1194 1660 'magis
1217 1620 1361 1649 historicis
1386 1619 1504 1649 lectores
1528 1622 1639 1651 credite

1108 1670 1143 1698 de
1158 1679 1210 1704 me,

1068 1717 1165 1751 Quam
1186 1718 1236 1757 qui
1250 1716 1347 1758 jiaerta
1368 1716 1476 1753 Dez‘tm,
1500 1720 1637 1750 com-abt-

1108 1772 1210 1806 tztsque
1224 1772 1350 1796 canunt.

1028 1814 1052 1844 F
1052 1815 1169 1846 ztlsidici
1180 1822 1269 1852 vates,
1284 1822 1429 1846 temerant
1444 1818 1494 1856 qui
1509 1819 1641 1849 carmine

1109 1875 1221 1900 verum,

1069 1913 1273 1954 Humanisque
1283 1914 1358 1944 Deos
1372 1915 1537 1945 assimilant
1553 1917 1644 1948 vitiis.

1503 1963 1598 1995 CIOF.

983 2010 1122 2042 Vitiosus
1151 2014 1234 2041 certe
1262 2010 1359 2047 locus,
1388 2011 1412 2041 si
1442 2010 1512 2052 quis
1548 2013 1640 2045 alius.

984 2060 1144 2102 Crispinus
1167 2059 1253 2100 legit,
1275 2067 1307 2090 at
1330 2072 1374 2090 me
1396 2072 1507 2091 movere
1528 2074 1643 2094 meren-

985 2116 1052 2145 tem,
1090 2109 1165 2139 Inde
1200 2111 1305 2145 minor,
1334 2110 1394 2140 Sto.
1440 2115 1474 2140 ut
1510 2111 1644 2143 narratio

985 2160 1095 2188 E'Eneae
1124 2159 1255 2189 moverit
1279 2158 1435 2189 Didonem
1463 2159 1502 2189 ad
1526 2160 1644 2191 miseri-

986 2208 1131 2244 cordiam,
1148 2213 1179 2238 et
1203 2218 1239 2237 ex
1259 2218 1305 2243 eo,
1322 2207 1405 2248 quod
1429 2208 1547 2240 doleret
1561 2210 1644 2241 vices

987 2258 1108 2292 flineae,
1125 2256 1273 2291 evenerit,
1289 2262 1323 2286 ut
1341 2256 1490 2287 minorem
1506 2259 1643 2298 perfidiae

986 2315 1112 2345 poenam
1127 2304 1229 2335 luerit.
1253 2305 1306 2335 sed
1323 2306 1389 2335 haec
1406 2305 1495 2346 longe
1509 2316 1526 2336 a
1539 2313 1644 2338 mente

987 2354 1092 2384 Po'etae
1117 2355 1244 2384 abeunt.
1291 2353 1422 2384 Variant
1451 2366 1522 2385 vero
1552 2357 1644 2388 vehe-

986 2408 1106 2433 menter
1133 2403 1272 2433 codices:
1311 2402 1342 2433 in
1364 2403 1555 2435 Scriveriano
1579 2411 1645 2437 erat

988 2452 1115 2492 vulgata
1139 2451 1266 2493 quidem
1296 2452 1400 2487 lectio,
1429 2453 1483 2483 sed
1508 2454 1644 2496 adscrip-

988 2506 1053 2531 tum
1074 2512 1128 2542 pro
1144 2500 1227 2532 varia
1251 2500 1395 2537 lectione,
1413 2513 1463 2533 nec
1485 2513 1565 2532 eram
1579 2515 1643 2534 cor-

987 2552 1104 2590 ruptior
1128 2552 1206 2580 inde.
1231 2550 1262 2580 in
1288 2550 1389 2591 Regio
1412 2556 1479 2591 post
1502 2554 1646 2584 *narrabas

988 2604 1054 2629 erat
1076 2599 1208 2640 spatium
1225 2609 1368 2634 vacuum,
1383 2598 1437 2629 sed
1454 2599 1485 2629 in
1508 2602 1645 2641 margine

987 2648 1116 2689 vulgata
1143 2647 1308 2690 scriptura.
1346 2647 1377 2678 in
1405 2649 1549 2680 Francos.
1579 2656 1646 2681 erat

987 2708 1041 2739 pro
1063 2709 1128 2733 ure,
1136 2699 1223 2737 jare.
1270 2698 1336 2738 Ego
1351 2708 1389 2728 ex
1406 2697 1543 2739 vestigiis
1559 2705 1643 2731 vete-

989 2757 1056 2778 rum
1071 2752 1145 2788 puto
1159 2746 1202 2778 sic
1216 2746 1322 2788 refingi
1338 2746 1497 2779 commode
1513 2759 1600 2790 posse
1616 2761 1622 2778 :
