1849 3198
235 221 292 262 90

626 216 677 257 Ρ.
710 213 923 256 OVIDII
955 212 1234 256 NASONIS

236 334 368 382 Exul
391 347 535 395 agor3
574 330 866 393 cineresque
889 329 991 385 viri,
1018 330 1329 393 patriamque
1360 330 1610 395 relinquo:

302 410 368 458 Et
390 409 516 457 feror
539 408 588 455 in
612 408 776 463 duras,
802 407 944 453 hoste
969 414 1224 470 sequente,
1250 407 1369 455 vias.

1524 412 1613 457 116

235 487 471 551 Adplicor
494 486 672 548 ignotis
691 502 700 532 :
741 483 975 546 fratrique
1000 484 1170 547 elapsa
1193 484 1434 548 fretoque,

302 564 448 619 Quod
472 563 560 611 tibi
585 562 776 617 donavi,
803 560 1005 625 perfide,
1032 561 1169 608 littus
1195 578 1321 609 emo.

238 640 426 688 Urbem
451 639 710 695 constitui;
749 638 948 699 lateque
973 638 1194 700 patentia
1216 638 1301 684 fixi

303 717 504 773 Moenia,
531 716 747 763 finitimis
773 714 1011 760 invidiosa
1035 714 1171 761 locis.

235 895 271 920 ut
298 888 383 920 nullo
411 894 502 931 pacto
526 887 597 918 ferri
620 897 709 929 posse
735 886 890 917 videatur.

236 939 419 970 CIOFANUS.
465 937 504 968 Ιη
521 944 614 967 terras
629 937 806 966 Puteaneus
821 945 892 965 cum

237 987 307 1017 aliis
329 987 497 1029 plerisque.
521 985 659 1027 quinque
684 984 755 1015 libri
779 986 816 1014 ad
834 991 892 1014 ter-

235 1047 297 1066 ras.
321 1042 452 1077 quatuor
478 1037 508 1065 in
538 1037 638 1065 terris.
662 1034 722 1064 duo
746 1036 777 1064 in
800 1040 891 1064 terra.

237 1085 384 1115 Eum-nas
411 1084 554 1115 totidem.
598 1083 748 1124 Micyllus
774 1083 893 1113 Hercu-

237 1137 297 1165 leas
316 1133 449 1176 reponit.
495 1134 585 1163 Forte
608 1133 694 1163 Naso
715 1132 892 1173 reliquerat,

238 1184 369 1214 Hei-ceas
392 1185 430 1213 ad
455 1194 534 1214 aras.
577 1182 643 1213 Ara
658 1182 739 1212 enim
761 1181 793 1211 in
814 1180 893 1212 inte-

236 1232 306 1263 riori
333 1238 421 1274 parte
449 1232 564 1262 aedium
592 1231 794 1261 dedicabatur
821 1231 893 1262 Jovi

238 1283 370 1313 Herceo.
412 1281 497 1311 Talis
511 1281 575 1317 illa,
591 1280 630 1311 ad
647 1290 739 1321 quam
755 1289 772 1309 a
788 1280 893 1321 Neop--

237 1331 349 1362 tolemo
364 1330 545 1361 interfectus
561 1336 608 1360 est
622 1329 774 1360 Priamus.
812 1329 894 1359 Nos-

238 1386 284 1411 ter
298 1380 331 1410 in
345 1380 435 1411 Ibide
452 1380 490 1410 de
506 1379 645 1410 Priamo:

283 1429 341 1459 Cui
357 1430 434 1459 'nihil
450 1429 561 1459 Herce'i
574 1427 691 1469 prcfuz't
705 1438 759 1456 ara
774 1427 870 1457 Jovis.

237 1477 343 1519 Atque
357 1477 400 1508 ita
421 1478 546 1519 passim,
561 1487 633 1507 cum
656 1482 794 1507 extrema
807 1476 893 1507 Pria·-

238 1526 280 1556 mi
290 1526 468 1557 describunt
478 1527 594 1556 Po'etae.
606 1526 716 1555 Senec.
728 1524 892 1565 Agamem.

281 1575 421 1614 Sparsum
443 1586 547 1605 cruore
572 1576 648 1615 regis
670 1573 817 1603 Herceum
841 1573 893 1603 Jo-

323 1635 397 1654 rem.

238 1672 433 1714 Hesychius:
465 1671 605 1711 ‘'Hpmov
630 1671 749 1707 κύκλος
772 1671 890 1709 αὐλῆς,

238 1721 333 1758 οἰκία,
362 1719 526 1762 τειχίόιον,
556 1721 700 1761 crepam)
732 1718 892 1760 δώματος.

237 1770 346 1801 Idem:
370 1769 497 1811 Ἑρκίου
513 1770 598 1805 Διὸς,
618 1771 674 1800 τοῦ
693 1768 855 1809 ἀσφαλίου
872 1769 892 1807 ὴ

238 1822 296 1851 τοῦ
311 1820 396 1851 κατὰ
420 1820 483 1857 τὴν
503 1818 621 1849 οἰκίαν.
645 1819 711 1849 ἔστι
730 1817 760 1848 δὲ
776 1818 895 1859 ἑρκεῖος

240 1871 319 1907 Ζεὺς
334 1869 426 1910 παρὰ
439 1867 637 1906 Ἀθηναίοις.
671 1867 752 1898 Vide
768 1873 799 1897 et
814 1867 893 1897 Har-

238 1917 450 1959 pocrationem
476 1916 507 1946 in
533 1916 643 1946 eadem
659 1926 745 1951 voce,
772 1921 802 1946 et
826 1916 893 1946 Sui-

239 1966 322 2002 dam‚
339 1971 370 1996 et
384 1964 589 2007 Etymologici
604 1971 771 2000 auctorem,
787 1970 818 1994 et
832 1965 894 1994 Eu-

237 2014 387 2046 stathium
410 2014 442 2044 in
467 2014 567 2044 Iliada
591 2020 684 2055 atque
707 2012 893 2055 Odysseam.

239 2069 271 2094 et
287 2063 409 2105 Sciopp.
424 2063 578 2094 Paradox.
599 2062 729 2093 Literar.
745 2074 777 2103 p.
794 2063 848 2092 48.
865 2069 896 2093 et

241 2111 385 2142 Column.
422 2111 454 2142 in
490 2112 570 2141 Enn.
607 2123 641 2153 p.
671 2111 746 2141 367.
802 2110 894 2142 Unde

238 2159 338 2201 liquet
353 2161 463 2191 Latine
487 2159 552 2190 sine
573 2160 763 2201 diphthongo
786 2159 816 2190 id
841 2171 894 2190 no-

239 2219 311 2239 men
326 2209 535 2239 scribendum.
569 2210 712 2239 Lucanus
727 2209 782 2238 lib.
797 2209 840 2239 ix.
855 2209 893 2240 de

242 2258 364 2288 Caesare
379 2258 530 2289 Troadem
546 2262 741 2288 transeunte:

284 2306 415 2337 Herceus
429 2313 605 2337 ηιυιιεὶναίοι·
619 2308 674 2341 uit,
698 2318 754 2336 non
777 2308 895 2346 respicis

325 2356 414 2385 aras!

240 2404 284 2435 At
299 2405 392 2435 Pater
406 2415 493 2435 meus
508 2404 587 2434 notis
610 2404 649 2434 ad
664 2404 773 2434 Silium
788 2402 844 2433 lib.
860 2403 893 2433 ii.

242 2455 314 2485 426.
363 2454 502 2494 Infernas
529 2453 685 2484 existimat
718 2453 896 2493 legendum.

241 2503 297 2534 sed
319 2503 344 2533 si
361 2504 486 2543 vulgata
508 2503 621 2544 placet,
637 2508 739 2544 potest
764 2505 898 2533 internas

241 2563 295 2593 pro
324 2553 457 2593 infernas
485 2551 601 2582 dictum
637 2562 714 2586 esse,
744 2551 897 2592 quomodo

240 2603 379 2632 subterna
402 2607 504 2631 centra
519 2600 686 2630 Prudentio
710 2600 764 2631 lib.
779 2600 799 2631 i.
823 2611 896 2631 con—

241 2656 289 2683 tra
312 2650 489 2691 Symmach.
511 2661 543 2680 v.
559 2650 635 2680 393.
659 2659 714 2690 pro
739 2648 897 2680 infernali-

241 2700 317 2738 bus;
340 2704 372 2730 et
382 2699 525 2729 Hamart.
542 2709 572 2729 v.
589 2698 665 2728 930.
688 2700 827 2728 subterna
842 2710 898 2728 nor

242 2759 260 2781 e
285 2749 356 2780 MS.
383 2748 564 2786 veterrim0;
589 2754 619 2779 et
641 2747 683 2779 ita
708 2748 813 2779 Amm.
840 2748 895 2779 lib.

1524 717 1615 761 120

959 896 1012 915 xv.
1059 885 1185 916 Interim
1203 886 1450 925 veritatisudyta.
1495 884 1615 915 Hnms.

1006 935 1074 965 116.
1095 935 1131 965 In
1146 935 1265 975 [Iura-m]
1286 935 1400 964 Dubius
1414 933 1615 964 Basileensis.

959 983 1002 1013 sic
1018 994 1099 1025 saepe
1124 983 1218 1022 alibi;
1242 990 1275 1013 ut
1292 988 1323 1013 et
1337 984 1471 1024 fallaces
1493 984 1566 1013 vias.
1584 983 1617 1014 ii.

960 1033 1065 1063 Amor.
1082 1033 1123 1063 xi.
1148 1034 1180 1064 8.
1205 1033 1326 1074 quoties
1340 1033 1378 1063 de
1402 1032 1478 1063 mari
1501 1031 1616 1073 agitur.

959 1083 1132 1113 mesrrs.
1179 1082 1290 1117 Recte,
1306 1088 1337 1112 et
1356 1082 1399 1112 ita
1413 1087 1494 1112 esset
1509 1081 1547 1111 de
1563 1091 1617 1111 na-

959 1131 1126 1172 vigatione,
1157 1143 1225 1172 quae
1255 1131 1351 1162 dubia
1378 1137 1409 1162 et
1432 1130 1617 1173 periculosa,

960 1180 1158 1222 capiendum.
1183 1188 1217 1211 ut
1240 1182 1393 1223 ambiguus
1413 1180 1493 1211 dixit
1514 1180 1615 1222 Epist.

960 1240 992 1259 x.
1022 1231 1075 1260 62.
1113 1236 1144 1260 et
1172 1231 1272 1271 Epist.
1303 1231 1366 1260 xvi.
1402 1231 1456 1260 22.
1502 1230 1618 1260 Dubius

959 1278 1054 1309 etiam
1079 1278 1168 1309 dixit.
1200 1279 1243 1310 sic
1267 1290 1349 1320 saepe
1373 1280 1496 1309 dubium
1520 1289 1616 1315 mare,

960 1338 1084 1369 aquam,
1112 1329 1172 1359 Sec.
1201 1328 1316 1370 passim
1344 1328 1458 1364 Noster
1489 1333 1520 1358 et
1547 1327 1615 1358 alii.

960 1377 1087 1418 praefero
1116 1384 1221 1407 tamen
1248 1377 1298 1407 hic
1324 1387 1507 1407 consensum
1531 1375 1616 1407 codi-

960 1436 1042 1461 cum,
1069 1432 1102 1456 ut
1125 1428 1208 1456 dui-12
1234 1425 1291 1456 viae
1316 1425 1378 1455 sint
1400 1424 1558 1456 laboriosae
1586 1430 1617 1455 et

960 1475 1060 1515 plenae
1080 1474 1270 1516 jactationis.
1293 1475 1337 1505 ita
1359 1474 1466 1506 Valer.
1490 1474 1578 1505 Flac.
1595 1473 1616 1504 i.

960 1524 1033 1555 565.

1104 1572 1226 1601 Durum
1241 1572 1316 1601 vobis
1332 1573 1389 1602 iter
1404 1578 1432 1602 et
1444 1582 1537 1613 grave
1552 1572 1616 1602 coeli

1004 1622 1140 1652 Institui.

959 1671 1078 1701 Lucan.
1095 1670 1137 1700 ix.
1153 1670 1207 1700 39.

1004 1720 1125 1749 Duram
1141 1721 1199 1748 iter
1211 1720 1250 1748 ad
1266 1719 1341 1759 leges
1355 1719 1516 1757 patriaeque
1527 1727 1616 1747 ruen-

1045 1771 1082 1799 tis
1095 1778 1232 1798 amm-em.

961 1818 1010 1848 Ita
1033 1823 1141 1849 contra
1165 1818 1249 1847 molle
1272 1818 1342 1846 iter.
1365 1815 1400 1846 ii.
1416 1815 1524 1846 Amor.
1551 1814 1615 1845 xvi.

960 1867 1013 1896 20.
1031 1867 1087 1897 has
1099 1876 1169 1897 vero
1186 1875 1276 1896 voces
1290 1866 1385 1896 dumis
1399 1870 1431 1895 et
1440 1865 1546 1894 dubius
1558 1863 1616 1894 fre-

961 1915 1161 1956 quentissime
1177 1913 1382 1944 confuderunt
1402 1912 1530 1943 librarii.
1546 1911 1616 1942 vide

962 1965 1001 1994 ad
1014 1964 1141 2001 Quinct.
1159 1964 1198 1994 vi.
1214 1963 1293 1993 Inst.
1311 1963 1434 1993 Orator.
1452 1963 1482 1993 3.
1497 1968 1529 1992 et
1543 1961 1616 1992 Val.

961 2014 1049 2045 Flac.
1067 2014 1108 2044 vi.
1126 2014 1202 2044 543.
1247 2013 1362 2042 Bnnm.

1007 2065 1077 2094 119.
1105 2064 1234 2102 Luteque
1252 2062 1389 2101 patentia
1401 2060 1462 2100 fiai
1482 2057 1614 2098 mcvnim]

963 2113 1053 2143 Firmi
1069 2113 1202 2142 Putean.
1228 2117 1259 2141 et
1275 2110 1384 2140 decem
1409 2109 1462 2139 alii
1475 2121 1482 2146 ;
1506 2118 1616 2139 novem

951 2162 1030 2202 feci,
1046 2167 1080 2191 ut
1094 2161 1125 2191 in
1141 2160 1240 2190 Fastis
1253 2159 1298 2189 iii.
1315 2160 1369 2189 92.

1005 2211 1155 2249 Factaque
1167 2209 1303 2249 Telegoni
1313 2209 1416 2238 moenia
1425 2207 1500 2236 celsa
1514 2217 1614 2235 ηιαηιι.

962 2259 1101 2298 Nisijeci
1117 2260 1219 2288 moenia
1236 2257 1297 2292 liic,
1312 2264 1343 2286 et
1358 2255 1493 2295 ibijactu
1511 2256 1616 2285 ηιαίιὶιι

961 2307 1138 2347 legendum,
1153 2313 1187 2337 ut
1201 2306 1232 2337 in
1248 2307 1301 2336 illo
1313 2304 1462 2347 Propertii
1478 2304 1509 2334 ii.
1525 2304 1614 2345 Elcg.

962 2367 1035 2386 xxv·
1052 2357 1103 2386 64.

1003 2405 1149 2445 ductaque
1167 2404 1289 2434 Larinis
1304 2405 1407 2433 ηιιιίιῐιι
1426 2404 1585 2433 [illm-ibus.

964 2455 1012 2484 De
1030 2454 1141 2484 Roma.
1158 2460 1189 2483 et
1204 2453 1287 2483 Fast.
1301 2452 1341 2482 iv.
1358 2453 1433 2482 835.

1005 2502 1430 2543 jaciuntsimulaminacii-es.
1476 2500 1593 2530 Ilfflxs.

966 2551 1261 2590 Insolentiusjacere
1278 2549 1403 2583 moenia,
1419 2549 1616 2589 quamjigere

962 2606 1049 2642 puto.
1087 2599 1229 2640 quamvis
1257 2598 1351 2628 ctiam
1380 2596 1488 2627 melius
1515 2597 1615 2633 sedes,

963 2659 1056 2690 quam
1071 2648 1187 2679 moenia
1191 2649 1253 2688 figi
1269 2646 1330 2677 dici
1349 2645 1494 2677 arbitrer:
1510 2648 1617 2685 jacere

964 2697 1239 2740 verofundaminu,
1255 2699 1350 2731 moles,
1363 2701 1393 2725 et
1407 2694 1519 2725 similia
1535 2700 1616 2725 recte

964 2747 1024 2779 dici
1040 2752 1127 2789 puto.
1152 2751 1185 2777 ut
1201 2751 1285 2776 notat
1301 2745 1382 2776 Acro
1397 2743 1428 2774 in
1444 2744 1553 2774 Horat.
1573 2742 1616 2774 iii.
