1849 3198
568 199 862 243 AMORUM.
922 199 1040 240 LIB.
1065 198 1129 240 ΙΙ.
1162 199 1230 239 15.

1533 197 1616 238 381

229 318 293 365 Di
319 317 505 372 facileS,
532 332 770 381 peccasse
796 315 950 362 semel
975 314 1236 361 concedite
1260 320 1391 360 tuto:

289 394 349 442 Id
375 394 494 441 satis
520 400 612 441 est.
651 407 849 456 poenam
875 391 1023 454 culpa
1048 391 1269 437 secunda
1292 389 1433 437 ferat.

688 676 991 723 ELEGIA
1038 675 1149 722 XV.

222 783 436 837 Annule,
463 781 688 828 formosae
714 781 924 843 digitum
949 780 1171 826 vincture
1196 777 1391 842 puellae,

291 859 350 906 In
376 876 475 922 quo
500 859 806 906 censendum
833 858 917 913 nil,
945 858 1038 903 nisi
1065 855 1228 903 dantis
1255 870 1412 909 amor3

224 935 409 982 Munus
436 951 519 982 eas
546 942 757 996 gratum.
796 942 846 981 te
870 934 987 980 laeta
1014 939 1180 980 mente
1206 938 1464 994 receptum

289 1013 524 1060 Protinus
550 1012 769 1059 articulis
796 1011 969 1057 induat
993 1010 1077 1057 illa
1101 1009 1220 1056 suis.

221 1089 347 1136 Tam
371 1090 499 1136 bene
525 1089 805 1144 convenias,
825 1103 976 1151 quam
1002 1103 1198 1134 mecum
1217 1084 1447 1132 convenit
1462 1083 1554 1139 illi;
1587 1085 1616 1128 5

290 1166 356 1214 Et
380 1166 592 1229 digitum
610 1168 748 1229 justo
774 1165 1063 1212 commodus
1090 1164 1208 1210 orbe
1233 1170 1381 1209 teras,

225 1243 383 1299 Felix,
412 1259 441 1290 a
464 1243 665 1289 domina
689 1241 998 1297 tractaberis‚
1026 1240 1223 1291 annule,
1251 1238 1439 1285 nostra.

290 1320 495 1366 Invideo
521 1320 663 1366 donis
683 1321 788 1382 jam
809 1319 958 1365 miser
984 1318 1091 1381 ipse
1116 1316 1256 1363 meis.

224 1396 267 1442 Ο
296 1397 485 1443 utinam
511 1396 615 1443 fieri
641 1397 805 1443 subito
831 1412 943 1443 mea
966 1411 1172 1441 munera
1196 1392 1383 1456 possim

289 1473 494 1520 Artibus
521 1473 686 1528 AEaeis,
717 1473 1036 1537 Carpathiive
1062 1471 1216 1518 senis!
1560 1469 1617 1512 lO

221 1548 362 1596 Tunc
389 1566 480 1612 ego
507 1556 556 1596 te
582 1550 794 1596 doininae
822 1549 1020 1612 cupiam
1045 1547 1271 1609 tetigisse
1297 1544 1524 1609 papillas,

291 1625 357 1672 Et
381 1626 555 1672 laevam
579 1626 760 1673 tunicis
782 1626 1048 1673 inseruisse
1070 1638 1287 1671 manum.

263 1769 316 1799 43.
343 1769 499 1799 Concedite
525 1769 617 1809 tum]
662 1769 745 1800 Tutae
770 1770 884 1800 Putea-

220 1827 297 1847 neus
323 1827 341 1847 a
371 1828 466 1848 manu
496 1818 647 1848 secunda.
677 1817 739 1848 duo
767 1818 885 1859 scripti,

220 1873 299 1896 voto.
317 1866 399 1907 quod
417 1866 543 1896 sortasse
560 1873 656 1901 recte,
674 1866 698 1896 si
715 1866 759 1897 ita
775 1867 885 1897 distin-

221 1925 316 1956 guas:

266 1964 308 1994 Di
328 1965 448 2005 faciles,
462 1975 593 2004 peccasse
615 1964 701 1994 semel
721 1967 886 1995 com-edite:

311 2020 377 2043 voto

265 2062 303 2092 Id
329 2064 412 2092 sutis.
442 2068 475 2092 at
498 2073 613 2101 poenam
641 2062 731 2101 culpa
759 2063 888 2091 secunda

298 2110 399 2151 ferat.
727 2110 845 2140 Burni.

264 2159 296 2189 2.
311 2158 528 2199 censendum]
542 2158 889 2200 Spectandum,facien-

223 2207 310 2237 dum.
340 2207 433 2243 Cror,

265 2256 298 2286 4.
316 2256 464 2296 Indum]
508 2256 662 2297 Imponat.
692 2254 742 2285 Sic
767 2255 889 2285 Plinius

221 2303 276 2334 lib.
307 2304 414 2335 xxxiii.
443 2305 473 2334 l.
522 2305 684 2335 Pessimum
710 2306 776 2334 vz'tae
797 2305 890 2334 scelus

211 2353 306 2393 fecit,
327 2355 377 2393 qui
401 2354 553 2383 annulum
578 2355 693 2392 primus
719 2354 822 2382 induit
843 2355 889 2382 di-

220 2403 303 2442 gitis.
341 2402 491 2431 MAmcs.
527 2400 709 2442 Legendum
736 2411 814 2436 esse,
839 2404 890 2441 qui

222 2451 254 2480 id
268 2452 383 2489 primns
399 2451 510 2484 induit,
527 2449 558 2480 id
574 2455 621 2480 est
641 2459 760 2483 aurum,
776 2460 812 2479 ex
827 2460 889 2490 quo

224 2499 368 2535 annulus,
398 2510 435 2529 ex
464 2499 556 2529 MSS.
582 2498 673 2528 docet
698 2498 889 2529 Harduinus.

223 2548 299 2578 satis
321 2547 544 2582 verosimiliter,
574 2547 619 2577 ita
646 2547 729 2577 idern
761 2546 890 2588 scriptor

224 2595 280 2626 lib.
306 2596 423 2626 xxxvii.
445 2596 477 2625 6.
505 2596 654 2626 Claudius
683 2596 780 2625 Coesar
804 2595 891 2624 Zma-

224 2645 332 2685 ragdos
342 2645 495 2679 induebat,
504 2650 531 2674 et
542 2643 762 2684 Sardonychas,
775 2644 824 2673 Bc
832 2654 892 2673 nm.

271 2693 318 2723 10.
336 2693 459 2723 Artibus
474 2693 591 2733 AEaris]
630 2692 668 2723 Id
688 2698 733 2723 est
754 2692 893 2733 magicis.

228 2746 263 2772 ut
278 2741 349 2772 libr.
365 2741 410 2772 iii.
428 2742 592 2773 Amorum:

998 1771 1059 1799 Aut
1078 1775 1105 1798 te
1126 1768 1260 1807 trajectis
1283 1766 1366 1795 AEoea
1389 1764 1517 1804 venefica
1543 1764 1620 1793 Iunis

1041 1818 1181 1847 Devorer.

953 1865 1013 1897 Sed
1036 1866 1129 1906 longe
1152 1864 1263 1894 melius
1288 1863 1319 1893 in
1342 1861 1552 1903 manuscripto
1567 1872 1617 1892 co-

954 1915 1022 1945 dice
1039 1914 1162 1955 legitur,
1177 1914 1266 1947 rEoee,
1283 1911 1314 1942 id
1338 1917 1385 1941 est
1408 1911 1524 1945 Circes,
1540 1911 1620 1941 Solis

955 1975 992 1995 ex
1009 1964 1104 1993 Persa
1119 1962 1258 2004 nympha
1277 1960 1366 1990 filiae:
1392 1970 1461 2001 quae
1485 1960 1516 1989 in
1540 1960 1621 1990 feras

956 2012 1056 2042 varias
1067 2011 1207 2042 homines
1221 2010 1373 2043 mutabat,
1384 2015 1418 2038 ut
1432 2008 1464 2038 in
1477 2008 1621 2048 Odyssea

956 2061 1041 2091 canit
1055 2060 1221 2090 Homerus.
1248 2057 1340 2089 Unde
1354 2057 1385 2087 in
1401 2056 1511 2087 Bucol.
1529 2057 1621 2087 Maro

957 2109 1066 2150 Eclog.
1081 2108 1148 2138 viii.
1167 2109 1217 2138 70.

1002 2158 1192 2188 Carminibus
1237 2156 1323 2186 Circe
1360 2157 1448 2185 socios
1492 2157 1621 2186 mutarit

1048 2206 1171 2247 Ulyssis.

957 2254 1070 2285 Sedem
1101 2254 1210 2285 habuit
1237 2253 1321 2284 haud
1349 2252 1440 2293 longe
1464 2263 1483 2284 a
1511 2252 1622 2294 cajeta

958 2303 1139 2345 Campaniae
1177 2304 1264 2338 urbe,
1293 2308 1429 2333 montem
1453 2303 1622 2344 quendam,

957 2351 1030 2381 olim
1058 2352 1212 2383 insulam:
1253 2351 1305 2392 qui
1335 2351 1374 2381 ab
1403 2351 1471 2391 ejus
1499 2350 1621 2381 nomine

958 2400 1096 2431 Circaeus
1121 2412 1209 2431 mons
1232 2400 1364 2430 dicitur:
1391 2406 1421 2430 et
1447 2401 1545 2430 [Emis
1569 2401 1621 2441 (ut

957 2448 1081 2479 Servius
1111 2448 1171 2488 ait)
1202 2449 1240 2479 ab
1270 2447 1501 2489 aspernantium
1531 2459 1619 2483 voce,

958 2503 1081 2538 propter
1096 2497 1271 2527 celebratas
1289 2496 1354 2526 illic
1378 2507 1537 2537 corporum
1554 2507 1621 2527 mu-

958 2544 1101 2575 tationes.
1147 2545 1213 2575 Alii
1232 2552 1336 2575 tamen
1360 2544 1480 2579 volunt,
1499 2545 1621 2575 Aiaeam

959 2593 1077 2624 dictum
1102 2593 1195 2624 fuisse
1220 2593 1331 2623 Circen
1354 2593 1392 2622 ab
1421 2592 1532 2627 insula,
1557 2593 1622 2623 sive

959 2642 1084 2684 oppido,
1114 2643 1197 2683 quod
1219 2648 1285 2673 erat
1305 2643 1396 2683 juxta
1422 2641 1554 2672 Phasin:
1583 2641 1622 2672 (le

961 2702 1022 2732 quo
1038 2691 1190 2733 Apulejus
1205 2691 1235 2722 in
1251 2691 1373 2731 Magia.
1404 2691 1439 2720 M
1448 2702 1555 2722 «mres.
