1849 3198
603 206 817 238 BENTLEII
842 205 1214 239 EMENDATIONES.
1560 206 1602 236 29

197 288 257 320 611
285 289 422 327 Decidit,
440 295 475 322 ut
490 292 606 335 cupido

197 343 260 375 612
284 343 336 382 Et,
352 355 422 387 quae
439 347 650 382 conciderunt,

197 397 260 428 623
609 411 684 431 sana
700 400 846 438 cicatrix3

197 452 263 483 636
285 452 357 483 Non
374 455 467 493 ipsam
481 456 552 484 satis
567 461 609 485 est

202 505 266 536 642
291 506 418 549 Perfer.-
442 507 501 538 erit
516 507 602 539 lucro

199 559 263 590 643
611 563 719 602 quaeris
733 561 857 598 amoris,

200 613 264 644 644
568 616 671 647 multa
686 618 831 647 medenda
847 616 959 655 refers;

199 667 260 698 651
610 671 704 701 altius
719 670 774 701 ire.

199 721 262 752 653
566 726 715 755 radicitus
729 730 822 756 exeat
838 734 939 761 aures,

199 775 263 806 654
612 779 773 809 emoliatur
788 788 884 809 amor.

199 828 262 861 657
288 828 351 860 Nec
366 832 520 862 curandus
534 833 617 863 adest
630 844 637 862 ε
662 831 744 869 odio,
759 837 820 863 etc.

199 882 262 913 662
611 886 727 916 oberrat
743 896 839 917 amor.

201 936 265 967 678
568 939 656 971 irrita
671 946 738 971 vota
754 939 847 971 Deis.

201 989 266 1020 679
526 1003 594 1023 cum
609 993 650 1024 sis
665 1000 815 1025 venturus
831 992 872 1024 ad
886 991 973 1024 illam
988 1006 994 1023 ι

201 1043 264 1074 682
287 1044 442 1087 Jamface
457 1051 492 1076 ut
507 1056 524 1077 e
540 1046 648 1078 multis

201 1097 264 1128 693
611 1100 744 1132 divortia
757 1103 863 1142 quaerz's
873 1113 882 1131 :

202 1152 265 1184 699
289 1153 362 1184 Non
378 1164 436 1195 ego
452 1154 616 1187 Dulichias

204 1206 267 1237 700
290 1207 361 1238 Nec
376 1210 482 1248 rapido
497 1208 566 1250 (vel
579 1216 682 1249 raptas
697 1210 735 1240 T.
751 1210 944 1250 C.)jubeam

202 1261 266 1292 714
614 1265 703 1295 obstet
719 1275 818 1296 amor.

203 1316 266 1347 725
289 1317 330 1348 Et
344 1317 414 1349 loca
426 1328 499 1358 saepe
514 1323 639 1350 nocent.

203 1370 267 1400 726
569 1374 626 1403 illa
641 1372 755 1404 doloris
770 1373 900 1404 habent.

203 1425 267 1456 728
615 1433 706 1459 noete
724 1429 809 1458 tulit.
831 1428 879 1468 [v.
898 1428 991 1469 778.]

204 1480 268 1510 729
291 1479 464 1512 Admonitu
480 1487 645 1512 renovatur
662 1481 717 1524 (T.
734 1483 773 1513 C.
790 1487 860 1524 post
875 1481 1048 1522 rasurum.)

204 1535 268 1566 734
292 1535 434 1566 Flamma
448 1537 648 1573 recandescet,

204 1589 267 1620 735
289 1589 440 1631 Argolica:
455 1594 606 1631 cuperent

205 1642 265 1673 741
443 1643 564 1684 possint
578 1643 682 1684 aliqud
697 1644 814 1673 ratione
829 1645 955 1679 moneri,
974 1642 1042 1684 (vel
1057 1641 1180 1684 levare)

207 1695 270 1727 745
296 1697 460 1728 Cholchida
475 1697 600 1729 fecisses

207 1750 269 1781 753
618 1758 802 1792 cantusque,
819 1749 958 1792 lyraeque
973 1762 981 1789 ;

207 1806 272 1837 756
294 1804 379 1844 Quid
395 1815 507 1837 caveas
522 1811 640 1842 auctor,

208 1859 270 1890 778
575 1859 692 1900 gaudia
708 1858 785 1890 ferre
805 1860 876 1890 viro.

208 1913 271 1944 793
617 1919 774 1950 renuente,
789 1912 905 1944 saluta.

209 1968 272 1999 805
296 1967 378 1999 Vina
395 1973 507 2009 parant
521 1968 634 1999 animos

569 2182 995 2224 MEDICAMINA
1027 2182 1254 2224 FACIEI.

257 2273 275 2302 4
581 2273 696 2303 vivaces
711 2271 855 2303 interiere
871 2270 954 2302 rubi.

542 2486 859 2528 TRISTIUM
892 2486 1069 2528 LIBRI
1102 2486 1286 2528 PRIMI

775 2581 993 2620 ELEGIA
1023 2581 1053 2619 Ι.

236 2668 277 2699 57
304 2667 350 2698 Tu
366 2672 480 2703 tamen,
494 2666 515 2703 i,

237 2722 279 2752 84
583 2720 652 2752 vela
668 2723 785 2751 retorsit
803 2721 903 2762 aquis.

217 2776 278 2807 112
302 2775 350 2806 Sic
366 2784 504 2817 quoque,
525 2774 602 2815 [IV.
617 2774 658 2806 iv.
675 2775 722 2815 8.]
