1849 3198
636 221 982 264 HEROIDES.
1015 221 1109 264 ΕΡ.
1140 220 1180 263 Ι.
1581 225 1611 267 9

217 339 443 388 Forsitan
467 346 518 387 et
539 354 725 394 narres,
746 353 898 401 quam
922 337 986 384 sit
1008 337 1100 385 tibi
1124 335 1311 385 rustica
1335 339 1548 402 conjux3

283 416 407 472 Quae
431 423 624 466 tantum
647 416 786 463 lanas
810 431 909 462 non
934 414 1064 462 sinat
1087 430 1198 462 esse
1222 415 1387 463 rudes.

218 495 408 553 Fallar3
437 501 488 543 et
510 495 604 542 hoc
630 495 818 541 crimen
841 500 1018 541 tenues
1041 499 1278 539 vanescat
1300 492 1352 540 in
1377 508 1547 542 auras:

284 571 440 628 Neve,
467 570 744 620 revertendi
768 570 908 626 liber,
937 570 1115 616 abesse
1138 569 1276 617 velis.

1550 575 1613 619 80

216 649 304 698 Me
331 657 473 714 pater
499 649 686 697 Icarius
710 648 858 695 viduo
883 647 1141 695 discedere
1165 647 1295 694 lecto

285 727 449 790 Cogit,
477 734 528 775 et
550 727 817 774 immensas
842 726 1067 790 increpat
1089 741 1252 789 usque
1275 740 1454 772 moras.

216 803 451 869 Increpet
474 820 634 868 usque
657 804 804 851 licet:
831 810 918 850 tua
942 819 1068 859 sum,
1095 810 1181 849 tua
1204 801 1341 850 dicar
1365 809 1560 867 oportet

282 881 564 946 Penelope:
592 882 777 944 conjux
802 896 998 944 semper
1018 879 1183 927 Ulixis
1209 896 1309 927 ero.

216 957 307 1006 Ille
331 966 498 1006 tamen
522 959 707 1023 pietate
725 975 838 1006 mea
861 958 1196 1023 precibusque
1219 958 1413 1022 pudicis
1551 963 1612 1008 85

284 1036 560 1100 Frangitur,
587 1044 638 1084 et
658 1036 786 1085 vires
804 1044 1050 1102 temperat
1072 1036 1180 1100 ipse
1204 1052 1336 1083 suas.

217 1112 435 1161 Dulichii
463 1114 735 1178 Samiique,
763 1122 827 1170 et,
856 1131 981 1178 quos
1005 1114 1118 1161 tulit
1142 1114 1242 1160 alta
1260 1114 1560 1178 Zacynthos,

284 1190 452 1238 Turba
474 1199 622 1239 ruunt
645 1191 695 1238 in
719 1208 799 1239 me
823 1191 1089 1248 luxuriosa,
1115 1191 1276 1255 proci:

215 1340 307 1382 Eleg.
324 1342 375 1373 19.
386 1341 419 1373 in
434 1341 597 1385 principio.
614 1343 803 1374 Helenainf.
818 1344 878 1386 Ep.

215 1390 292 1421 xvii.
303 1392 357 1422 29.
382 1391 487 1423 Paridi
500 1392 618 1434 aliquid
629 1393 784 1436 praecipue
793 1393 848 1424 dat
860 1406 866 1423 :

263 1440 336 1474 Quae
358 1449 412 1471 tua
436 1444 570 1482 nequitia
594 1449 646 1480 est,
669 1455 727 1473 non
745 1444 789 1474 his
809 1455 878 1474 con-

303 1491 518 1533 tentafuisset.

216 1539 402 1581 Elegantem
420 1552 492 1572 vero
513 1552 603 1572 usum
620 1541 807 1584 pronominis
829 1543 880 1582 qui

216 1589 248 1619 in
263 1589 321 1620 hac
336 1590 491 1622 locutione
503 1591 568 1633 jam
584 1591 777 1622 Hubertinus
792 1598 879 1622 nota-

216 1639 273 1670 vit.
298 1640 412 1670 Noster
427 1639 483 1670 lib.
496 1640 541 1670 iii.
558 1640 652 1670 Trist.
664 1652 696 1671 v.
709 1641 764 1671 29.

263 1688 392 1729 Quasque
420 1691 474 1719 tibi
501 1696 542 1719 est
579 1690 691 1731 linguae
713 1689 879 1731 fecundia,

303 1738 407 1772 confer
424 1740 456 1769 in
472 1740 563 1769 illud.

218 1787 262 1818 V.
278 1788 360 1818 Met.
373 1789 449 1819 373.

263 1837 410 1877 Quaejam
422 1839 570 1878 patientia
585 1845 686 1869 nostra
698 1845 758 1876 est,-

221 1888 251 1917 l.
265 1887 357 1917 Pont.
372 1886 426 1918 vii.
441 1889 495 1919 59.

265 1935 393 1976 Quisque
407 1942 461 1966 tua
475 1942 516 1967 est
528 1938 634 1976 pietas.

218 1984 260 2014 Et
280 1983 367 2014 alibi.
402 1984 484 2016 Vide
504 1991 535 2015 et
555 1985 594 2015 ad
611 1984 765 2022 Quinctil.
784 1984 879 2016 Decl.

219 2033 263 2064 ix.
276 2034 330 2063 21.
370 2035 487 2064 Burm.

263 2084 317 2114 80.
350 2084 531 2114 Reuertendi
560 2084 663 2125 libem]
696 2083 880 2125 Elegantem

220 2131 300 2163 hanc
320 2132 579 2163 constructionem
597 2133 790 2164 illustrarunt
805 2131 879 2162 Nic.

220 2181 367 2212 Heinsius
386 2181 425 2212 ad
442 2181 609 2213 Claudian.
620 2182 676 2212 lib.
690 2181 712 2211 i.
726 2181 764 2212 de
781 2181 881 2211 Laud.

218 2231 340 2262 Stilich.
360 2232 432 2262 150.
458 2231 598 2262 Vorstius
613 2231 652 2263 ad
664 2231 772 2262 Valer.
789 2231 878 2261 Max.

220 2280 263 2310 vi.
281 2291 351 2322 cap.
363 2281 396 2312 ii.
415 2283 446 2312 3.
465 2288 495 2312 et
511 2282 549 2312 ad
565 2282 682 2324 Sulpic.
701 2281 806 2312 Sever.
823 2280 879 2310 lib.

219 2329 240 2360 i.
256 2340 326 2371 cap.
345 2331 376 2360 4.
414 2331 532 2362 Burin.

264 2380 318 2409 81.
340 2380 433 2410 Viduo
451 2380 554 2420 lecim]
582 2379 700 2410 Eodem
720 2389 812 2410 sensu
831 2389 881 2409 su-

220 2438 275 2470 pra
303 2430 447 2459 desertum
478 2428 568 2464 dixit,
597 2428 654 2459 hoc
681 2428 771 2458 modo
803 2427 883 2458 infra

222 2477 321 2519 Epist.
333 2478 478 2509 OEnonis:
494 2479 669 2517 Nancjucet
679 2480 710 2508 in
721 2479 807 2507 viduo
819 2489 882 2507 cre-

221 2528 312 2557 dulus
325 2528 374 2557 ille
386 2534 459 2558 toro.
485 2528 525 2557 Et
534 2529 653 2558 Seneca
667 2527 698 2557 in
711 2527 880 2568 Iiippolito,

221 2575 276 2618 qui
292 2576 397 2607 Ovidii
413 2577 564 2607 maximus
579 2577 637 2607 fuit
655 2577 804 2607 imitator:

354 2626 417 2656 Cur
432 2633 493 2656 toro
510 2627 709 2666 riduojaces?
755 2625 849 2656 Cior.

267 2675 321 2705 83.
341 2674 405 2705 Tua
419 2675 503 2715 sim.]
529 2674 594 2705 Tua
609 2677 661 2705 sim
677 2686 731 2705 sex
748 2674 882 2711 codices,

223 2723 307 2764 quod
329 2723 496 2760 efficacius,
522 2735 581 2755 non
600 2724 683 2755 enim
702 2730 803 2759 vovet,
827 2724 881 2754 sed

223 2779 377 2804 asseverat
400 2773 558 2816 Penelope
574 2785 607 2805 se
629 2772 730 2805 Ulixis
753 2783 830 2809 esse,
852 2780 883 2804 et

944 1342 1015 1373 ideo
1023 1352 1145 1384 quoque
1153 1340 1216 1372 dici
1224 1341 1327 1373 Ulixis
1334 1341 1514 1383 vult,neque
1523 1341 1612 1373 alteri

945 1392 978 1423 in
989 1391 1168 1433 conjugium
1176 1392 1359 1423 concedere.
1375 1392 1422 1422 Ita
1433 1392 1533 1434 Epist.
1542 1392 1608 1423 viii.

989 1442 1046 1473 Sed
1062 1448 1113 1472 tua
1129 1453 1204 1478 sum,
1215 1442 1431 1484 tecumquefui
1443 1443 1611 1481 puerilibus

1034 1493 1133 1527 annis,

993 1540 1034 1570 Et
1060 1547 1111 1571 tua
1137 1542 1214 1581 quod
1239 1546 1369 1581 superest
1394 1542 1531 1580 temporis
1555 1552 1612 1571 esse

1032 1601 1150 1629 precor.
1404 1590 1522 1620 Euam.

991 1639 1044 1669 86.
1064 1639 1267 1681 Frangitur]
1291 1638 1374 1669 Vide
1397 1650 1467 1680 quae
1492 1639 1531 1669 de
1551 1639 1609 1670 hoc

946 1689 1040 1719 verbo
1056 1688 1204 1719 Heinsius
1224 1694 1255 1718 et
1270 1698 1327 1729 ego
1348 1687 1421 1718 olim
1438 1689 1611 1719 notavimus

948 1737 987 1768 ad
1003 1739 1128 1768 Petron.
1152 1749 1180 1768 c.
1197 1738 1248 1768 75.
1272 1743 1303 1768 et
1319 1738 1466 1768 Heinsius
1486 1749 1610 1779 quoque

949 1787 989 1818 ad
1008 1787 1124 1818 Claud.
1142 1788 1171 1818 Ι.
1190 1787 1291 1829 Epist.
1308 1788 1362 1818 50.
1379 1787 1423 1817 sic
1440 1788 1555 1829 corrige
1571 1799 1609 1818 ex

949 1837 1056 1868 codice
1074 1837 1220 1868 Mediceo
1236 1837 1362 1867 Senecae
1377 1837 1480 1868 locum
1495 1838 1610 1868 inTro-

951 1885 1003 1916 ad.
1015 1887 1090 1916 743.

1122 1935 1254 1974 Spiritus
1267 1934 1487 1975 genitorfiwit,

994 1984 1050 2014 Sed
1067 1984 1310 2025 nempefractns.

949 2033 1054 2074 Vulgo
1082 2040 1197 2064 tractus
1221 2032 1447 2063 circumfertur.
1493 2032 1611 2064 Auctor

949 2082 1104 2113 Octaviae.
1121 2083 1196 2113 586.

1123 2132 1234 2161 Merita
1250 2138 1278 2161 te
1292 2132 1354 2161 divi
1365 2132 1473 2170 patr-123,

992 2182 1135 2221 AEtasqne
1145 2181 1282 2223 frangat
1306 2182 1452 2221 conjugis,
1469 2182 1610 2220 probitas,

1032 2231 1142 2269 pudor.

950 2280 1137 2310 Callimach.
1154 2280 1251 2321 Hym.
1268 2279 1300 2310 in
1315 2280 1408 2310 Delo.
1426 2281 1498 2310 107.

972 2328 1052 2361 Οὐδὲ
1068 2328 1293 2367 κατεκλάσθης
1308 2341 1340 2360 τε
1357 2329 1410 2359 καὶ
1425 2328 1580 2366 οἵκτισας.

1469 2379 1517 2409 Bt·
1525 2391 1587 2409 1³31.

993 2429 1048 2459 87.
1065 2430 1137 2459 Alta
1159 2427 1356 2469 Zacynthos]
1388 2427 1519 2469 Egregie
1543 2429 1608 2459 Ho-

951 2478 1026 2510 meri
1042 2489 1162 2510 versum
1178 2489 1215 2508 ex
1232 2478 1347 2519 odyss.
1365 2490 1398 2508 a.
1416 2477 1571 2508 transtulit
1589 2491 1595 2507 :

951 2528 1096 2569 Δυλιχίῳ
1112 2540 1156 2563 τε,
1170 2527 1263 2570 Σάμῃ
1279 2539 1310 2558 τε
1327 2528 1379 2557 καὶ
1396 2526 1529 2565 ὑλήεντι
1547 2532 1608 2558 Ζα-

993 2577 1113 2618 κύνθῳ.

951 2625 1014 2657 Ubi
1038 2625 1149 2656 mirum
1174 2625 1257 2667 quod
1281 2625 1415 2663 ιἰλὴεντι
1438 2625 1609 2655 masculino

950 2686 1061 2716 genere
1077 2675 1199 2710 dixerit,
1215 2674 1298 2716 quod
1309 2675 1375 2716 jam
1391 2674 1610 2705 Grammaticis

948 2725 987 2755 ad
1003 2725 1091 2756 illum
1106 2724 1208 2755 locum
1226 2730 1363 2755 notatum
1386 2730 1450 2754 cst:
1476 2723 1609 2753 Ovidius

949 2780 1065 2811 autem,
1080 2784 1152 2805 cum
1163 2773 1312 2815 Virgilius
1323 2772 1437 2814 aliique
1453 2771 1530 2802 illud
1543 2783 1608 2803 ver-
