1849 3198
182 207 268 250 268

572 206 623 246 Ρ.
658 204 871 246 OVIDII
906 202 1188 246 NASONIS

185 322 282 370 Hic
307 338 401 385 ego
426 328 657 368 ventosas
683 328 884 369 nantem
910 320 1148 384 delphina
1171 335 1260 384 per
1284 320 1443 367 undas

252 399 471 447 Cernere
497 414 596 445 non
622 399 777 446 dubia
803 415 914 446 sum
939 397 1059 444 mihi
1085 395 1190 444 visa
1213 396 1327 444 fide.

1483 401 1582 445 200

186 477 366 532 Quem,
394 482 661 540 postquam
686 475 871 523 bibulis
897 475 1035 521 illisit
1058 474 1240 521 fluctus
1266 474 1457 532 arenis3

252 553 404 601 Unda
427 553 573 600 simul
598 553 833 600 miserum
857 552 1058 614 vitaque
1084 551 1323 599 deseruit.

186 631 446 695 Quidquid
471 631 521 677 id
547 637 638 686 est,
666 630 834 677 timeo.
874 646 966 677 neo
988 636 1041 676 tu
1068 645 1179 676 mea
1204 629 1396 677 somnia
1421 630 1554 677 ride:

254 709 363 756 Nec
389 707 483 754 nisi
507 707 774 770 tranquillo
799 707 1006 754 brachia
1031 707 1178 754 crede
1203 707 1341 753 mari.

188 787 242 834 Si
266 787 357 834 tibi
383 802 480 833 non
506 786 686 850 parciS,
713 786 910 832 dilectae
936 801 1085 849 parce
1111 784 1319 848 puellae:

1485 786 1581 830 205

256 863 381 918 Quae
406 879 696 926 numquam,
725 862 818 909 nisi
843 870 893 909 te
920 862 1123 926 sospite,
1152 877 1326 925 sospes
1352 860 1460 908 erit.

189 941 318 1005 Spes
343 948 510 988 tamen
536 948 613 988 est
637 940 804 988 fractis
830 941 1002 988 vicinae
1028 940 1167 1004 pacis
1197 939 1246 986 in
1271 939 1435 986 undis.

252 1018 380 1065 Tum
406 1018 630 1082 placidas
655 1026 764 1066 tuto
790 1027 994 1082 pectore
1019 1019 1152 1065 finde
1177 1017 1299 1065 vias.

187 1094 403 1151 Interea,
432 1095 569 1142 nanti
595 1097 831 1159 quoniam
856 1096 982 1144 freta
1006 1096 1176 1160 pervia
1200 1111 1298 1142 non
1325 1101 1456 1150 sunt,

256 1171 432 1220 Leniat
456 1173 638 1220 invisas
664 1174 807 1221 litera
832 1174 985 1221 missa
1009 1189 1190 1220 moras.

1487 1174 1584 1218 210

634 1474 984 1522 EPISTOLA
1023 1474 1142 1521 XX.

465 1606 876 1649 ACONTIUS
919 1606 1310 1647 CYDIPPAE.

191 1744 331 1791 Pone
357 1750 574 1791 metum:
615 1743 735 1789 nihil
762 1742 840 1789 hie
867 1742 1046 1790 iterum
1067 1741 1258 1805 jurabis
1286 1742 1488 1788 amanti.

256 1821 564 1868 Promissam
590 1820 710 1867 satis
736 1826 812 1867 est
836 1826 885 1866 te
911 1820 1064 1866 semel
1090 1834 1201 1866 esse
1227 1819 1365 1865 mihi.

189 1898 428 1961 Perlege:
468 1898 695 1944 discedat
720 1896 790 1944 sic
817 1913 1023 1960 corpore
1047 1897 1256 1959 languor
1281 1897 1344 1943 ab
1371 1896 1482 1953 isto,

257 1975 355 2031 Qui
381 1992 521 2023 meus
548 1983 639 2033 est,
667 1976 769 2022 ulla
796 1982 937 2039 parte
962 1975 1178 2030 dolente,
1206 1974 1363 2021 dolor.

234 2130 364 2166 Νυκτὸς
375 2129 425 2160 ὅτε
436 2128 589 2170 τρίτατον
602 2129 706 2171 λάχος
716 2129 856 2165 ἵσταται,

277 2178 376 2220 ἐγγύς
389 2177 414 2209 δ’
430 2179 506 2217 ἠώς.

190 2227 292 2259 Addit
306 2227 401 2269 paulo
413 2233 482 2268 post
494 2240 499 2257 ε

236 2277 281 2309 Εὖ
314 2289 347 2307 τε
377 2278 429 2307 καὶ
467 2276 624 2318 ἀτρεκέων
652 2277 858 2318 ποιμαίνεται

277 2327 370 2363 ἔθνος
385 2326 531 2367 ὀνείρων.

236 2426 412 2466 Acontius]
461 2425 592 2457 Amores
629 2426 790 2468 Cydippes
827 2433 857 2457 et

192 2474 318 2505 Acontii
332 2474 434 2516 lepide
445 2481 475 2505 et
487 2476 646 2516 eleganter
659 2481 762 2506 narrat
771 2475 856 2506 Aris-

192 2529 326 2555 taenetus
347 2525 402 2555 lib.
422 2524 443 2555 i.
459 2525 558 2566 Epist.
578 2526 628 2555 10.
655 2531 685 2555 et
708 2525 856 2566 peculiari

194 2574 344 2604 Poisxnate
386 2573 591 2615 descripserat
627 2574 854 2610 Calliumchus,

193 2624 281 2665 cujus
297 2624 504 2654 meminerunt
520 2624 735 2657 Grammatici,
749 2630 780 2653 ot
796 2635 857 2665 quo

194 2672 320 2714 respicit
334 2674 447 2704 Noster
465 2673 599 2704 Rcmed.
617 2675 690 2704 381.
707 2673 777 2703 vide
795 2673 855 2704 Ce-

193 2721 291 2752 leber.
314 2723 450 2763 Bentleii
468 2723 686 2763 Fragmentum
703 2723 854 2752 (uiuimu-

194 2771 244 2800 phi
261 2782 299 2802 (Ἰ.
325 2772 456 2802 similem
474 2783 545 2803 vcro
568 2772 640 2802 hui(-
657 2772 794 2802 fabulum
819 2772 856 2801 (lo

926 2129 1069 2170 Ctesylla
1081 2135 1112 2160 et
1128 2127 1330 2159 Hermoclmri
1346 2128 1439 2159 refert
1454 2127 1587 2158 Antoni-

926 2190 984 2209 nus
1000 2177 1163 2209 Liberalis.
1180 2179 1314 2208 Metam.
1332 2188 1403 2219 cap.
1419 2177 1443 2207 i.
1473 2177 1590 2207 Burm.

972 2229 1001 2258 l.
1028 2228 1109 2257 Pone
1126 2233 1244 2262 metum,
1261 2228 1338 2256 nihil
1354 2227 1400 2257 hic
1416 2228 1590 2266 iterumju-

926 2279 1006 2307 rabis
1020 2277 1168 2317 amanti]
1195 2276 1309 2307 Priscae
1326 2275 1479 2307 editiones
1492 2282 1523 2307 et
1538 2287 1588 2307 co·

925 2327 1011 2358 dices
1027 2326 1167 2357 nonnulli
1183 2336 1277 2356 manu
1294 2325 1413 2356 exarati
1429 2325 1487 2356 hoc
1503 2325 1590 2357 disti-

926 2377 1006 2408 chon
1034 2377 1065 2407 in
1087 2377 1186 2407 fronte
1212 2375 1305 2418 hujus
1329 2376 1476 2418 Epistolae
1503 2376 1590 2406 exhi-

925 2428 1016 2457 bent:

969 2478 1088 2516 Accipe,
1132 2476 1275 2516 Cydippe,
1316 2477 1444 2516 despecti
1487 2487 1590 2506 nomen

1056 2527 1177 2561 Aconti,

1013 2574 1104 2605 Illius
1120 2577 1151 2605 in
1164 2586 1246 2614 pomo
1258 2577 1309 2615 qni
1324 2576 1377 2605 tibi
1390 2576 1476 2605 verba
1493 2576 1588 2605 dedit.

928 2625 979 2654 list
989 2631 1091 2654 autem
1105 2625 1170 2654 lure
1180 2624 1319 2668 Epistola
1328 2624 1411 2655 foede
1421 2624 1586 2666 depravata

924 2673 1064 2715 plurimis
1088 2674 1119 2703 iu
1148 2674 1233 2703 lucis.
1269 2674 1384 2705 llmxs.
1430 2674 1487 2704 Ilae
1515 2673 1585 2704 dua*

928 2723 1072 2764 Epistola*
1097 2724 1171 2753 mihi
1198 2724 1235 2752 al)
1252 2722 1406 2754 Ovidiana
1424 2734 1501 2754 vena
1527 2734 1586 2754 uon

926 2773 1048 2803 {luxisse
1066 2773 1221 2803 xulomus.
1257 2773 1372 2803 Brun.
