1849 3198
519 172 705 213 ARTIS
738 170 1093 213 AMATORIAE
1127 170 1246 212 LIB.
1280 172 1318 212 I.

1539 173 1623 212 447

568 520 632 566 Ρ.
682 518 917 566 OVIDII
975 518 1282 565 NASONIS

414 655 746 713 ARTIS
814 654 1440 712 AMATORIAE

648 801 863 840 LIBER
919 801 1207 838 PRIMUS.

798 927 1058 960 -φ

234 1038 297 1084 SI
325 1039 436 1101 quis
463 1039 511 1086 in
537 1040 628 1086 hoc
656 1047 811 1086 artem
838 1039 1021 1102 populo
1048 1054 1144 1084 non
1169 1037 1303 1084 novit
1328 1036 1553 1091 amandi;

302 1115 389 1162 Me
414 1117 568 1178 legat3
610 1125 659 1164 et
683 1118 812 1164 lecto
839 1116 1056 1163 carmine
1083 1115 1260 1161 doctus
1287 1121 1434 1160 amet.

235 1191 354 1239 Arte
380 1193 491 1239 citae
517 1194 727 1256 veloque
753 1201 883 1240 rates
910 1207 1148 1254 remoque
1174 1196 1454 1237 moventur:

301 1268 422 1316 Arte
446 1270 579 1316 leves
605 1286 793 1325 currus,
822 1278 925 1317 arte
951 1268 1197 1331 regendus
1222 1267 1392 1313 Amor.

236 1345 477 1393 Curribus
492 1346 826 1401 Automedon,
844 1347 1094 1408 lentisque
1110 1351 1214 1391 erat
1230 1350 1376 1406 aptus
1392 1341 1622 1388 habenis:

302 1421 493 1486 Tiphys
519 1423 567 1469 in
594 1422 857 1470 Haemonia
883 1437 1052 1486 puppe
1077 1420 1312 1482 magister
1336 1426 1456 1466 erat.
1596 1420 1624 1463 6

237 1497 323 1545 Me
349 1498 520 1546 Venus
546 1500 784 1547 artificem
805 1507 975 1547 tenero
1001 1497 1224 1561 praefecit
1248 1495 1434 1542 Amori.

303 1574 495 1639 Tiphys
521 1584 571 1623 et
595 1576 914 1624 Automedon
939 1575 1075 1621 dicar
1100 1573 1296 1619 Amoris
1321 1587 1430 1633 ego.

238 1650 328 1698 Ille
354 1653 556 1715 quidem
582 1653 713 1700 ferus
740 1660 831 1708 est,
860 1660 909 1699 et
934 1651 1019 1713 qui
1044 1650 1165 1695 mihi
1190 1663 1323 1711 saepe
1345 1653 1606 1710 repugnet,

305 1728 406 1775 Sed
432 1745 554 1792 puer
579 1737 678 1789 est,
719 1737 838 1776 aetas
865 1728 1026 1775 mollis
1052 1734 1102 1774 et
1127 1732 1245 1789 apta
1268 1724 1389 1786 regi.
1567 1726 1625 1768 lO

279 1861 332 1892 Dr„
360 1861 456 1892 Anrr.
493 1862 635 1892 Aamxm
672 1862 824 1892 hactenus
849 1861 895 1891 in-

236 1910 341 1952 scripti
357 1916 428 1941 sunt
443 1910 475 1940 in
498 1911 632 1951 vulgatis
655 1910 843 1941 editionibus
866 1909 896 1939 hi

236 1959 318 1989 libri.
339 1969 393 1989 nos
421 1969 525 1989 veram
554 1958 785 2000 inscriptionem
810 1969 897 1989 revo-

235 2008 388 2038 cavimus.
450 2008 551 2038 Vocat
602 2007 729 2048 quidem
774 2008 896 2037 Anrmr

238 2056 381 2086 AMANDI
410 2056 476 2098 ipse
505 2055 639 2087 Ovidius
674 2056 773 2097 primo
807 2056 899 2097 hujus

237 2105 339 2147 operis
354 2116 454 2142 versu,
470 2106 525 2136 sed
539 2106 601 2146 legi
624 2104 769 2136 carminis
791 2104 824 2135 id
846 2104 900 2135 de-

239 2153 297 2190 dit,
316 2164 386 2195 quae
402 2164 508 2184 verum
529 2153 689 2185 Poematis
711 2153 803 2195 hujus
826 2152 901 2183 titu-

238 2204 304 2233 lum
316 2213 376 2233 non
389 2203 588 2234 admittebat.
612 2202 695 2233 unde
715 2208 747 2233 et
769 2213 899 2233 errorem

240 2258 347 2282 natum
376 2251 527 2282 existimo.
566 2250 815 2293 Πρωταγορίδου
845 2250 899 2281 ἀκ-

239 2299 366 2341 ροάσεις
380 2300 526 2342 ἐρωτικὰς
538 2300 645 2332 laudat
660 2300 833 2331 Athenaeus
845 2300 898 2329 lib.

239 2350 281 2380 iv.
296 2359 356 2379 non
371 2348 530 2380 dissimilis
545 2349 719 2390 argumenti
743 2348 900 2389 scriptum.

241 2397 295 2429 sed
310 2404 342 2428 et
355 2398 458 2428 Zenon
473 2397 595 2428 Stoicus
610 2397 734 2438 τέχνην
750 2397 901 2438 ἐρωτικὴν

242 2446 449 2488 composuisse
460 2446 562 2477 dictus
568 2452 614 2477 est
622 2444 757 2487 Diogeni
769 2444 902 2475 Laertio.

241 2495 387 2526 laudatur
413 2502 445 2526 et
472 2494 573 2536 τέχνη
598 2495 729 2537 ἐρωτικὴ
756 2493 902 2535 Ephodrii

243 2544 366 2585 Cynici,
396 2550 430 2575 ut
464 2545 603 2575 omittam
637 2545 765 2586 ἐρωτικὰ
801 2543 899 2573 Theo-

243 2594 372 2635 phrasti,
399 2593 554 2630 Clearchi,
580 2593 745 2628 Aristonis,
770 2593 901 2623 Demos-

243 2642 357 2677 thenis,
378 2642 535 2673 Plutarchi
553 2649 583 2673 et
599 2642 629 2672 id
645 2653 743 2683 genus
763 2641 900 2682 complu-

244 2693 322 2723 rium
339 2692 586 2731 gravissimorum
599 2692 768 2724 hominum.
783 2690 901 2721 tlfflxs.

1008 1862 1039 1890 5.
1055 1860 1202 1889 Curribus
1211 1858 1406 1891 Automedon,
1417 1854 1627 1895 &c.]'l7r7r²1-

964 1908 1068 1946 λάτης
1087 1906 1308 1938 celeberrimus
1329 1904 1539 1940 Automedon,
1564 1904 1628 1944 qui,

966 1963 1130 1998 postquam
1146 1953 1304 1996 egregiam
1317 1952 1435 1983 Achilli
1450 1953 1482 1982 in
1493 1952 1628 1993 regendo

966 2016 1057 2036 curru
1069 2014 1195 2046 operam
1207 2002 1412 2045 praestitisset,
1422 2011 1533 2032 munus
1544 2000 1627 2031 idem

968 2054 1050 2096 apud
1084 2053 1237 2094 Pyrrhum
1266 2050 1355 2081 obiit.
1402 2050 1546 2081 Occurrit
1569 2050 1627 2080 sre-

968 2113 1066 2144 quens
1093 2102 1125 2132 in
1147 2101 1239 2132 Iliad.
1264 2104 1307 2132 Π.
1338 2101 1408 2131 145.
1433 2103 1469 2130 P.
1492 2100 1565 2130 429.
1588 2103 1626 2130 T.

970 2152 1043 2183 392.
1060 2155 1100 2183 Ω.
1117 2151 1192 2187 474,
1205 2151 1281 2181 573.
1298 2150 1375 2179 AEn.
1392 2148 1470 2179 libro
1493 2148 1527 2178 ii.
1552 2149 1627 2178 477.

970 2201 1085 2231 Arnim.

1012 2251 1045 2280 6.
1077 2249 1185 2289 Tiphys
1214 2250 1246 2278 in
1274 2246 1529 2286 Hoemoniu,&c.]
1578 2246 1628 2276 Dc

968 2299 1070 2341 Tiphy
1086 2298 1214 2329 vidend.
1233 2297 1379 2338 Apollon.
1394 2295 1501 2326 Rhod.
1515 2295 1535 2325 i.
1553 2296 1628 2331 105;

969 2346 1000 2377 ii.
1021 2345 1198 2376 175—854.
1224 2345 1331 2376 Yaler.
1353 2345 1494 2379 Flaccus,
1516 2343 1536 2374 i.
1549 2344 1629 2380 481;

972 2406 1002 2424 v.
1022 2396 1059 2426 15
1075 2400 1105 2425 et
1120 2405 1210 2435 seqq.
1236 2394 1352 2424 Narrat
1375 2393 1510 2423 I‘ausan.
1534 2392 1627 2422 Boeo-

971 2443 1026 2474 tic.
1051 2443 1147 2474 xxxii.
1169 2441 1290 2473 ostendi
1312 2441 1413 2472 locum
1438 2450 1498 2470 non
1521 2441 1628 2481 procul

973 2494 1011 2523 ab
1020 2493 1095 2522 urbe
1105 2491 1218 2533 Tipha,
1229 2491 1305 2522 ἔνθα
1321 2489 1354 2520 ἐκ
1370 2489 1512 2530 Κόλχων
1523 2489 1628 2520 ὀπίσω

967 2540 1178 2582 κομιζομένην
1209 2538 1399 2581 κομίσασθαι
1428 2539 1493 2575 τήν
1520 2537 1628 2579 Ἀργὼ

969 2591 1132 2632 λέγουσιν.
1178 2589 1297 2620 Ama.

1013 2640 1043 2669 9.
1070 2639 1109 2668 Et
1146 2640 1196 2678 qui
1233 2638 1304 2667 mihi
1342 2648 1412 2676 serpe
1447 2635 1625 2676 repugnat]

976 2688 1129 2727 Repuffnet
1148 2687 1303 2728 Excerpta
1322 2686 1454 2718 Puteani
1477 2691 1508 2715 et
1531 2684 1627 2714 Scali-
