1849 3198
188 182 275 224 252
575 182 626 224 Ρ.
660 180 872 224 OVIDII
906 181 1186 224 NASONIS

190 297 288 345 Hic
314 315 383 354 es,
412 304 462 346 et
486 298 723 361 exiguum
748 298 926 346 misero
953 298 1200 361 contingis
1226 300 1438 347 amanti:

258 375 489 438 Cumque
515 375 626 423 mea
653 375 777 422 fiunt
801 375 1001 423 turbida
1024 383 1191 423 mente
1216 375 1356 423 freta.

191 452 323 507 Quid
362 451 497 508 mihi,
532 452 666 515 quod
703 453 801 498 lato
839 469 937 499 non
975 469 1175 516 separor
1212 469 1428 516 aequore,
1462 470 1575 517 pro-

388 529 533 576 dest?

256 606 393 653 Num
418 606 580 652 minus
605 605 699 652 hoc
724 605 866 652 nobis
892 612 993 652 tam
1018 607 1179 654 brevis
1206 608 1373 655 obstat
1397 610 1561 671 aqua?

187 682 268 730 An
292 684 476 740 malim,
503 682 694 738 dubito,
721 689 826 730 toto
852 684 1023 746 procul
1050 684 1167 731 orbe
1192 691 1409 732 remotus
1482 689 1572 733 175

256 761 385 808 Cum
409 760 613 808 domina
638 760 783 822 longe
809 776 950 823 spem
976 777 1178 824 quoque
1204 763 1386 809 habere
1411 764 1542 810 mea.

189 839 300 894 Quo
325 839 527 903 propius
553 853 683 884 nune
710 854 780 894 es,
808 838 1010 886 flamma
1036 839 1265 903 propiore
1292 841 1514 888 calesco:

255 917 322 964 Et
345 933 422 964 res
449 932 546 963 non
572 932 784 979 semper,
813 933 928 980 spes
955 917 1073 963 mihi
1101 933 1299 981 semper
1324 918 1481 965 adest.

188 995 327 1043 Pene
352 1011 516 1049 mann,
545 994 679 1056 quod
704 1010 831 1050 amo,
860 995 1022 1056 (tanta
1046 1000 1123 1041 est
1145 994 1344 1055 vicinia)
1370 1001 1548 1057 tango:

257 1073 404 1136 Saepe
430 1071 518 1118 sed
538 1071 659 1132 (heu
676 1071 710 1132 l)
736 1071 964 1118 lacrimas
984 1072 1077 1118 hoc
1097 1071 1216 1118 mihi
1242 1088 1370 1135 pene
1390 1078 1571 1119 movet.

186 1149 328 1196 Velle
354 1148 475 1212 quid
502 1154 579 1195 est
603 1147 736 1194 aliud
761 1147 1002 1210 fugientia
1025 1149 1266 1212 prendere
1292 1165 1454 1212 poma,
1482 1152 1568 1196 181

256 1227 511 1291 Spemque
537 1241 625 1272 suo
650 1223 808 1286 refugi
833 1224 1048 1271 fluminis
1074 1236 1157 1272 ore
1183 1225 1359 1288 sequi?

188 1304 321 1367 Ergo
347 1321 440 1366 ego
463 1310 513 1350 te
539 1319 828 1366 numquam,
852 1302 945 1349 nisi
970 1319 1084 1350 eum
1109 1303 1239 1350 volet
1265 1303 1413 1359 unda,
1435 1309 1572 1350 tene-

254 1381 320 1428 Et
344 1398 423 1428 me
448 1380 644 1427 felicem
669 1380 805 1426 nulla
826 1379 1016 1427 videbit
1039 1380 1231 1426 hiems?
1451 1381 1573 1442 [bo?

188 1459 420 1522 Cumque
435 1458 597 1504 minus
612 1457 807 1504 firmum
823 1457 890 1503 nil
916 1458 980 1504 sit
996 1474 1146 1521 quam
1161 1464 1338 1505 ventus
1358 1465 1408 1505 et
1422 1459 1571 1513 unda,

254 1537 314 1584 In
338 1536 497 1584 ventis
523 1542 573 1583 et
596 1536 728 1598 aqua
755 1552 871 1599 spes
897 1552 1008 1583 mea
1032 1552 1229 1599 semper
1254 1535 1373 1583 erit?

231 1739 305 1769 171.
330 1738 414 1768 Hinc
428 1744 469 1768 est
484 1739 559 1778 quod
575 1749 643 1767 raro
657 1738 760 1767 misero
774 1748 844 1767 con-

184 1791 277 1831 tingis
287 1787 433 1828 amanti]
460 1787 510 1818 Sic
524 1788 555 1817 in
569 1787 757 1828 quibusdam
768 1785 846 1827 legi·

183 1844 246 1870 tur.
292 1838 410 1878 Estque
440 1836 539 1867 illatio
569 1837 686 1877 absque
721 1841 845 1865 antece-

184 1888 292 1919 dente.
317 1886 367 1917 cui
383 1886 466 1917 enim
481 1885 605 1921 inferas,
620 1885 703 1915 Hinc
718 1887 845 1924 estquod

183 1939 273 1968 raro?
297 1947 337 1967 an
362 1935 390 1966 ei
406 1934 489 1977 quod
512 1934 649 1976 proxime
674 1933 844 1969 antecedit,

185 1989 247 2018 Aut
263 1988 322 2022 dic,
338 1988 377 2016 ad
402 1995 529 2024 superos,
545 1984 606 2014 ἃς.
650 1983 694 2013 At
716 1982 845 2013 interro-

184 2035 301 2077 gationi
316 2034 389 2065 huic
404 2045 466 2064 non
481 2038 594 2075 potest,
607 2038 638 2063 et
648 2031 846 2063 ulterioribus

183 2084 407 2117 inconveniens
422 2088 480 2114 est.
516 2084 600 2123 Lego
615 2093 688 2123 ergo
705 2092 775 2112 cum
788 2081 845 2111 Al-

184 2134 286 2166 dinis:
311 2134 373 2164 Hic
387 2145 425 2170 es,
441 2139 469 2163 et
484 2134 624 2174 mig-uum
649 2133 752 2161 misero
774 2142 843 2161 con-

186 2185 278 2225 tingis
296 2184 421 2213 amanti.
454 2181 538 2223 quod
562 2187 625 2211 est:
659 2180 731 2210 Non
755 2190 788 2210 es
814 2179 845 2210 in

185 2233 286 2269 coelis,
301 2237 355 2262 aut
370 2237 433 2262 tam
449 2232 540 2272 longe
556 2235 683 2265 remota,
700 2234 732 2260 et
742 2235 846 2260 tamen

186 2282 335 2323 exiguum
361 2279 533 2320 contingis:
560 2279 618 2309 hoc
642 2284 698 2314 est,
723 2289 789 2308 raro
810 2289 845 2309 ac

184 2330 319 2362 modice.
342 2328 440 2371 posito
456 2328 610 2370 adjectivo
634 2326 735 2357 neutri
753 2338 846 2367 gene-

185 2382 227 2413 ris
240 2392 294 2424 pro
310 2379 469 2410 adverbio.
494 2379 684 2408 MicYLLus.
732 2378 773 2407 Et
787 2380 846 2407 exi-

185 2443 280 2473 guum
294 2431 397 2460 misero
412 2429 559 2469 contingis
574 2429 699 2463 amanti,
723 2426 847 2457 omnino

186 2480 353 2522 legendum
383 2489 399 2509 e
428 2478 515 2508 bonis
544 2476 785 2518 exemplaribus,
816 2485 847 2506 ei

186 2530 318 2562 ratione.
364 2527 401 2557 Id
417 2532 475 2563 est,
493 2532 524 2557 et
539 2537 662 2569 perraro
678 2536 747 2556 eam
758 2525 844 2567 capi-

186 2591 255 2611 mus
270 2579 473 2619 voluptatem‚
490 2587 583 2618 quam
599 2575 846 2616 frequentissime

186 2638 297 2671 capere
326 2627 522 2657 deberemus.
562 2626 741 2656 Cromnos.
788 2624 848 2654 Hic

187 2685 229 2709 est
252 2679 356 2719 exigue
378 2677 568 2710 Puteaneus,
596 2685 650 2716 pro
668 2674 728 2704 Hic
753 2684 792 2708 es,
819 2679 847 2703 et

187 2729 309 2769 exigue:
333 2725 387 2756 sed
406 2726 544 2765 e-ziguwn
561 2723 685 2754 rectius.
734 2722 793 2752 Hic
809 2733 846 2757 es,

1482 1539 1572 1583 186

913 1742 942 1766 et
956 1737 1060 1777 eaiguo
1075 1745 1128 1765 sex
1144 1733 1225 1765 libri.
1261 1734 1376 1776 E.1igue
1392 1734 1470 1764 alter
1481 1734 1574 1765 Men-

912 1785 1059 1816 telianus.
1084 1785 1258 1815 HnrNsms.
1296 1784 1361 1814 Alii
1378 1783 1501 1814 codices
1518 1783 1574 1814 ali-

913 1841 971 1866 ter.
995 1835 1050 1865 sed
1074 1834 1150 1864 nihil
1170 1834 1203 1864 in
1227 1834 1274 1870 iis,
1291 1833 1373 1875 quod
1389 1833 1429 1864 ad
1452 1833 1573 1864 bonita-

912 1890 975 1915 tem
1004 1883 1146 1914 lectionis
1174 1883 1307 1924 vulgatae
1340 1882 1480 1913 accedat.
1517 1881 1576 1913 nisi

913 1933 1011 1975 legas,
1028 1934 1090 1964 Hic
1105 1945 1143 1969 es,
1158 1940 1191 1963 at
1213 1935 1363 1975 exiguum.
1388 1932 1448 1968 vel,
1464 1933 1575 1963 scilicet

912 1985 1062 2024 exiguum.
1441 2006 1443 2009 ⁴

959 2033 1032 2063 178.
1066 2032 1107 2062 Et
1131 2042 1177 2061 res
1205 2043 1264 2061 'non
1285 2031 1426 2071 semper.]
1468 2030 1508 2060 Ut
1530 2042 1578 2061 ‘res

913 2081 1135 2112 Lovaniensis:
1162 2080 1337 2111 Familiaris
1353 2091 1425 2113 vero
1445 2079 1502 2110 illa
1521 2090 1576 2121 ag-

913 2130 1081 2161 nominatio
1106 2128 1319 2171 scriptoribus.
1363 2129 1485 2160 Auson.
1514 2129 1576 2159 Pa-

913 2185 995 2210 rent.
1012 2180 1055 2210 xi.

959 2230 1067 2260 Pastor
1082 2229 1170 2259 chare
1185 2239 1281 2267 nepos,
1298 2237 1359 2266 spes
1381 2227 1469 2266 <majus
1491 2233 1574 2258 certa

989 2278 1061 2320 fuit
1078 2288 1133 2308 res.
1411 2275 1530 2305 BURM.

961 2329 1033 2358 180.
1072 2327 1152 2366 Saepe
1179 2328 1227 2357 sed
1257 2324 1370 2367 (how)
1409 2326 1576 2366 lachrymas

915 2379 965 2407 hoc
989 2377 1062 2406 mihi
1080 2376 1159 2405 Pene
1174 2375 1291 2418 jacin]
1318 2374 1386 2404 Hoc
1409 2374 1501 2409 Pene,
1529 2374 1573 2404 in-

915 2425 992 2467 quit,
1018 2424 1092 2456 facit
1113 2424 1188 2454 mihi
1215 2435 1297 2466 saepe
1320 2423 1510 2464 lachrymas:
1542 2423 1575 2454 id

915 2481 971 2511 est,
988 2474 1073 2516 quod
1086 2484 1165 2515 pene
1181 2484 1275 2503 manu
1292 2483 1347 2503 nos
1361 2472 1527 2513 tangimus,
1543 2478 1575 2502 et

914 2530 1018 2555 tamen
1033 2522 1211 2563 contingere
1227 2533 1288 2552 non
1304 2532 1475 2564 possumus.
1517 2521 1574 2552 Al-

916 2574 994 2604 lusio
1010 2578 1114 2603 autem
1130 2578 1176 2602 est
1191 2571 1230 2602 ad
1246 2571 1377 2612 priorem
1394 2581 1525 2606 versum,
1542 2570 1573 2601 in

915 2634 976 2664 quo
998 2622 1080 2652 idem
1106 2620 1301 2656 adverbium,
1328 2631 1409 2660 pene,
1439 2619 1574 2661 ponitur.

914 2673 1040 2703 Micu.
1291 2674 1294 2677 '
