1849 3198
631 238 975 282 HEROIDES.
1011 239 1102 279 ΕΡ.
1138 239 1247 281 XV.

1551 243 1636 284 189

246 357 395 406 Hunc
420 373 482 405 ne
506 373 595 421 pro
621 355 849 419 Cephalo
874 370 1090 417 rapereS,
1118 354 1325 412 Aurora,
1352 356 1608 405 timebam.

313 435 380 483 Et
402 435 590 483 faceres
614 451 623 481 :
664 433 752 481 sed
776 439 826 480 te
851 432 1011 495 prima
1034 433 1208 495 rapina
1231 440 1384 482 tenet.

247 513 396 561 Hunc
423 514 463 561 si
488 512 782 576 conspicias,
805 527 916 574 quae
943 509 1190 573 conspicis
1217 511 1396 568 omnia,
1419 512 1634 571 Phoebe3

313 591 343 637 J
348 607 494 638 ussus
520 590 613 637 erit
637 604 835 636 somnos
861 587 1150 634 continuare
1177 586 1370 635 Phaon.

1575 593 1639 637 90

250 667 398 715 Hunc
424 667 595 715 Venus
621 667 670 712 in
695 666 876 713 coelum
902 680 1048 710 curru
1072 664 1292 711 vexisset
1316 666 1504 712 eburno
1526 685 1536 722 ;

319 747 421 793 Sed
446 746 566 792 vidit
590 752 641 792 et
666 744 817 791 Marti
843 758 990 806 posse
1015 742 1213 804 placere
1239 759 1344 789 suo.

253 822 296 869 O
324 840 415 870 nec
441 823 603 870 adhuc
623 821 837 885 juvenis,
865 835 956 867 nec
976 820 1083 882 jam
1108 835 1260 881 puer3
1301 819 1434 866 utilis
1461 820 1607 867 aetas!

319 901 363 947 O
391 901 563 956 decus,
590 907 741 963 atque
768 898 858 944 aevi
885 896 1041 960 gloria
1064 912 1247 958 magna
1269 897 1366 943 tui!

252 978 366 1026 Huc
392 979 535 1026 ades:
567 978 718 1040 inque
745 977 897 1031 sinus,
925 974 1155 1029 formose,
1184 974 1406 1021 relabere
1431 981 1641 1021 nostros

322 1056 437 1103 Non
462 1063 517 1102 ut
542 1072 694 1110 ames,
723 1071 823 1110 oro,
850 1069 1022 1101 verum
1047 1059 1103 1099 ut
1128 1068 1293 1099 amare
1319 1052 1469 1099 sinas.

1581 1054 1644 1099 96

258 1133 548 1189 Scribimus,
576 1140 626 1180 et
650 1132 865 1179 lacrimis
891 1130 1022 1178 oculi
1048 1136 1273 1176 rorantur
1297 1130 1499 1177 obortis.

322 1210 559 1274 Adspice,
588 1226 738 1272 quam
764 1210 828 1256 sit
852 1208 901 1254 in
922 1208 1015 1254 hoc
1041 1207 1199 1254 multa
1217 1207 1364 1254 litura
1387 1208 1513 1254 loco,

260 1289 313 1335 si
338 1295 439 1334 tam
465 1294 630 1334 certus
657 1301 765 1333 eras
791 1286 904 1332 hinc
932 1285 1017 1339 ire,
1046 1284 1320 1331 modestius
1346 1285 1499 1341 isses3

326 1365 391 1412 Et
415 1365 562 1412 modo
587 1364 829 1411 dixisses:
872 1362 1021 1410 Lesbi
1047 1361 1229 1425 puella,
1255 1362 1380 1409 vale.

1559 1364 1651 1407 loo

260 1443 375 1491 Non
399 1450 565 1490 tecum
590 1442 835 1497 lacrimas,
863 1457 963 1487 non
988 1440 1158 1486 oscula
1183 1455 1379 1486 summa
1401 1438 1574 1486 tulisti.

326 1521 558 1583 Denique
583 1537 681 1567 non
705 1519 864 1575 timui,
893 1518 1028 1581 quod
1054 1517 1268 1564 dolitura
1290 1517 1375 1564 fui.

262 1598 347 1645 Nil
372 1599 434 1645 de
458 1604 509 1645 te
534 1614 733 1645 mecum
759 1604 850 1653 est,
879 1596 973 1643 nisi
999 1602 1193 1642 tantum
1220 1595 1425 1658 injuria:
1466 1611 1557 1641 nec
1583 1600 1652 1649 tu,

331 1675 614 1723 Admoneat
639 1676 774 1738 quod
799 1682 865 1731 te,
893 1675 1072 1738 pignus
1099 1673 1310 1721 amantis
1336 1673 1508 1720 habes

306 1800 359 1830 87.
383 1799 532 1839 Aurora]
558 1798 782 1841 Ἀποστροφὴ,
800 1798 849 1829 vel
872 1808 927 1840 po-

263 1848 630 1890 1ἱυς,Προσωποποίια.
677 1847 772 1879 Cmr.

307 1899 361 1928 93.
402 1897 466 1928 Nec
495 1898 594 1927 adhuc
618 1896 774 1936 juvenis]
815 1896 926 1926 Senec.

266 1947 366 1989 Epist.
392 1946 444 1976 xii.
471 1946 524 1976 Est
552 1947 641 1981 alter,
667 1947 716 1985 qai
740 1956 833 1975 annos
856 1947 928 1975 ado-

267 1997 410 2027 lest-entia
427 1996 569 2030 excludit,
588 1996 694 2034 estqui
716 2000 803 2023 totam
826 1995 928 2032 paeri-

267 2048 339 2076 tiam
352 2047 465 2076 ambitu
479 2056 530 2075 suo
544 2046 720 2085 adstringit.

310 2096 363 2126 96.
404 2095 472 2125 Non
501 2101 536 2124 ut
566 2106 643 2125 ames
672 2104 731 2129 oro,
763 2105 865 2124 verum
895 2099 930 2123 nt

268 2157 369 2175 amare
405 2144 511 2184 sinas]
552 2144 698 2174 Furorem
735 2142 837 2179 illum,
869 2153 931 2184 quo

268 2195 513 2237 prosequebatur
527 2193 652 2235 Sappho
675 2193 835 2223 Phaonem
858 2202 931 2223 auc-

269 2251 317 2275 tor
339 2244 432 2286 hujus
452 2243 600 2286 Epistolae
626 2242 749 2284 egregie
773 2241 930 2284 exprimit,

269 2292 325 2324 sed
342 2303 485 2324 caussam
507 2291 711 2323 amabilitatis
733 2291 854 2322 Plinius
874 2291 931 2321 lib.

272 2342 348 2373 xxii.
364 2344 395 2373 8.
418 2342 509 2373 refert
525 2341 565 2372 ad
587 2340 722 2372 radicem
741 2340 844 2371 herbae
861 2350 934 2370 can-

272 2391 365 2428 didae,
390 2403 459 2433 quae
483 2394 702 2431 centammpz'ta
724 2396 872 2428 vocatur;
896 2389 934 2420 de

274 2452 337 2483 qua
352 2447 564 2483 portentosum
580 2440 717 2476 tradunt,
732 2442 862 2470 radicem
873 2442 937 2479 ejus

274 2492 454 2521 alterutrius
468 2501 551 2520 seras
566 2490 794 2520 similitudinem
809 2488 935 2530 referre,

274 2551 377 2569 ‘raram
403 2542 541 2575 inventu,
563 2541 611 2569 sed
636 2541 660 2569 si
685 2541 757 2569 viris
779 2540 939 2579 contigerit

276 2600 349 2625 mas,
365 2590 597 2630 amabilesjiev·i.
621 2590 654 2618 ab
677 2589 729 2619 hor·
744 2595 770 2619 et
790 2589 939 2618 Phaonem

277 2637 415 2669 Lesbiam
444 2640 584 2669 dilectum
615 2651 631 2668 a
660 2638 788 2677 Sappho.
849 2635 941 2673 Quod

280 2687 384 2718 nescio
399 2698 439 2718 an
455 2687 535 2718 alius
546 2687 616 2728 quis
630 2686 811 2728 prodiderit.
828 2687 944 2716 BrnM.

327 2736 400 2766 lOl.
427 2736 539 2766 Oscula
555 2743 656 2766 nostra
674 2735 804 2775 tulisti]
834 2734 944 2764 Oscula

282 2796 394 2815 summa
418 2785 559 2827 plerique
583 2792 716 2816 veteres.
747 2784 790 2815 sic
815 2790 945 2814 extrema

283 2835 394 2870 oscula,
418 2846 553 2874 suprema
576 2835 687 2869 oscula,
710 2834 817 2864 ultima
834 2834 944 2868 oscula,

996 1802 1028 1828 et
1050 1797 1149 1827 oscula
1168 1799 1278 1837 prima,
1294 1796 1411 1839 passim
1427 1795 1511 1838 apud
1532 1795 1658 1826 Po'etas.

995 1846 1089 1877 Trist.
1106 1846 1163 1876 lib.
1181 1846 1203 1876 i.
1218 1847 1269 1877 El.
1286 1846 1330 1876 iii.

1040 1896 1118 1934 Saepe
1137 1897 1200 1925 vale
1215 1897 1296 1926 dicto
1309 1906 1414 1925 rursus
1429 1906 1492 1925 sanz
1509 1896 1604 1924 multa
1621 1895 1660 1923 Io-

1124 1952 1223 1980 entus,

1087 1993 1127 2024 Et
1152 1995 1236 2034 quasi
1256 1994 1407 2023 discedens
1431 1993 1530 2023 oscula
1550 2004 1661 2023 summa

1126 2045 1206 2074 (ledi.

998 2092 1075 2122 Mox
1091 2093 1186 2128 malo,
1203 2104 1265 2133 qaae
1281 2092 1494 2134 doliturasni.
1523 2092 1641 2121 mes.

1046 2142 1119 2171 103.
1134 2142 1198 2172 Nec
1213 2149 1258 2178 ta,
1272 2141 1467 2182 Admoneat]
1488 2141 1598 2171 Douza
1610 2151 1664 2170 vo-

999 2190 1084 2222 lebat
1100 2192 1227 2232 injuria,
1244 2203 1305 2232 (μα’
1322 2203 1365 2221 me
1379 2193 1548 2221 admoneat.
1572 2190 1665 2220 Bers-

1000 2250 1132 2271 mannus
1167 2240 1277 2276 edidit,
1317 2241 1494 2275 Admonuit,
1533 2240 1667 2279 quamvis

997 2292 1111 2331 pignus
1132 2292 1262 2320 amanlis
1285 2291 1381 2320 habes.
1427 2288 1602 2324 Contrario,
1630 2299 1666 2318 ac

1006 2339 1105 2370 Poeta
1125 2338 1235 2375 voluit,
1257 2350 1362 2370 sensu.
1389 2337 1477 2368 nobis
1502 2338 1667 2368 Admoneat

1002 2388 1117 2430 placet,
1140 2394 1171 2419 et
1194 2387 1393 2419 distinctione
1410 2397 1476 2418 esse
1492 2386 1667 2429 juvandum

1004 2438 1107 2469 locum
1123 2437 1294 2468 credimus:

1283 2485 1519 2515 --—-—Nec
1537 2491 1582 2520 lu,

1050 2537 1215 2566 Admoneat
1241 2538 1317 2576 qaod
1341 2542 1379 2571 le,
1405 2537 1517 2577 pignus
1542 2535 1671 2565 amantis

1095 2587 1191 2616 habes.

1011 2634 1142 2666 Nullum
1158 2641 1261 2665 tecum
1283 2634 1396 2675 pignus
1411 2633 1520 2668 habes,
1539 2632 1621 2674 quod
1641 2638 1671 2662 tc

1012 2683 1179 2715 admoneat
1204 2684 1264 2714 mci
1291 2682 1436 2714 amantis.
1464 2683 1495 2713 in
1523 2682 1583 2713 alia
1609 2681 1671 2712 lec-

1011 2733 1096 2763 tione
1109 2744 1233 2764 sensum
1250 2732 1369 2762 nullum
1386 2732 1488 2763 video.
1514 2731 1538 2761 si
1555 2730 1672 2766 oscula,

1012 2781 1036 2811 si
1052 2782 1196 2812 lacrimas
1212 2781 1376 2812 discedens
1388 2791 1405 2811 a
1421 2791 1468 2811 mc
1485 2779 1619 2815 tulisses,
1635 2789 1674 2809 ea

1012 2831 1068 2862 tibi
1085 2831 1198 2872 pignus
1213 2836 1327 2865 essent,
1344 2830 1426 2870 quod
1443 2836 1472 2859 te
1496 2829 1672 2864 admonere,
