1849 3198
634 264 976 306 HEROIDES.
1014 263 1105 305 ΕΡ.
1138 263 1202 305 X.

1527 265 1610 307 129

227 375 465 426 Venimus
491 379 586 427 huc
611 380 784 426 ambo:
824 394 910 426 cur
933 395 1031 426 non
1056 379 1358 427 discedimus
1383 380 1563 428 ambo?

294 455 506 512 Perfide,
533 473 646 520 pars
671 457 839 512 nostri,
866 457 1062 513 lectule,
1089 458 1244 519 major
1268 457 1352 504 ubi
1378 458 1486 504 est?

227 532 360 587 Quid
385 533 594 580 faciam?
631 550 729 597 quo
755 534 859 582 sola
882 534 1041 582 ferar?
1077 542 1220 581 vacat
1243 535 1404 581 insula
1428 536 1581 582 cultu.

294 610 407 658 Non
432 612 684 658 hominum
709 612 850 659 video
875 628 973 658 non
998 628 1090 674 ego
1114 611 1245 658 facta
1267 612 1434 658 boum.
1544 614 1607 659 60

227 685 389 735 Omne
413 688 540 735 latus
565 695 706 736 terrae
732 689 887 752 cingit
910 706 1061 737 mare.
1100 689 1267 736 navita
1289 704 1564 752 nusquam:

292 764 444 811 Nulla
466 782 554 828 per
578 767 833 829 ambiguas
859 767 1039 830 puppis
1065 766 1193 813 itura
1214 767 1334 815 vias.

226 839 380 903 Finge
405 842 509 889 dari
534 843 841 907 comitesque
860 844 995 899 mihi,
1012 849 1304 906 ventosque,
1322 848 1601 904 ratemque3

290 918 422 973 Quid
448 921 661 983 sequar?
698 937 929 968 accessus
953 928 1084 968 terra
1107 927 1314 984 paterna
1339 926 1502 981 negat.

227 994 296 1043 Ut
320 1002 423 1043 rate
447 996 576 1044 felici
602 1006 780 1061 pacata
803 1014 891 1061 per
915 1014 1116 1060 aequora
1138 998 1302 1053 labar3
1541 998 1604 1041 65

289 1072 554 1137 Temperet
577 1083 631 1121 ut
654 1082 824 1122 ventos
852 1074 1050 1131 AEolus;
1091 1075 1234 1121 exsul
1259 1088 1358 1120 ero.

224 1148 337 1210 Non
363 1167 455 1213 ego
479 1158 544 1206 te,
574 1151 739 1208 Crete,
768 1158 968 1198 centum
993 1151 1187 1213 digesta
1210 1167 1298 1214 per
1322 1149 1484 1203 urbes,

288 1226 591 1291 Adspiciam,
619 1244 770 1291 puero
796 1228 994 1290 cognita
1018 1234 1148 1275 terra
1172 1227 1202 1274 J
1207 1228 1299 1274 ovi.

219 1420 313 1458 Quod
330 1421 543 1452 Burmannum
563 1421 676 1464 fugisse
698 1421 799 1458 miror,
824 1422 876 1464 qui

219 1476 312 1511 poeta
325 1470 401 1512 ipse,
417 1476 449 1501 et
463 1471 589 1512 quidem
604 1481 665 1501 non
682 1470 725 1501 ita
740 1478 874 1502 contem—

219 1519 350 1551 nendus.
393 1519 512 1551 ΑΜΑΗ.

262 1569 316 1599 59.
360 1568 427 1603 Qua
461 1570 521 1599 sola
547 1568 672 1611 feram]
713 1568 778 1603 Quo
815 1571 876 1600 sola

219 1616 372 1649 meliores.

219 1667 259 1697 Et
281 1668 362 1698 culto
383 1678 438 1709 pro
462 1668 549 1698 cuitu
577 1667 768 1699 Puteaneus.
792 1667 876 1698 Fast.

217 1715 241 1747 i.
259 1717 334 1748 683.

262 1767 344 1798 Neve
372 1778 478 1809 graves
503 1769 592 1798 cultis
623 1767 758 1797 Cerealia
787 1768 875 1803 dona,

345 1823 454 1853 cavete,

303 1866 431 1907 Agmine
442 1867 545 1897 laesuro
554 1867 772 1906 depopulentur
786 1877 862 1897 aves.

714 1915 833 1946 mes.

218 1962 300 1994 Vide
330 1963 499 1995 Lindenbr.
535 1963 575 1994 ad
603 1963 710 1993 Amm.
740 1963 874 1994 Marcel.

218 2013 282 2043 xiv.
305 2023 376 2055 cap.
394 2013 426 2043 6.
448 2023 510 2043 non
532 2017 637 2043 tamen
662 2017 738 2053 puto
761 2013 876 2043 cultum

217 2067 300 2093 recte
317 2061 379 2092 dici
401 2061 433 2092 in
448 2061 607 2103 singulari,
622 2060 676 2091 sed
699 2060 769 2091 novi
794 2071 876 2103 saepe

217 2122 376 2142 occurrere
389 2111 420 2141 in
435 2111 548 2153 plurali
563 2112 660 2141 culta.
674 2115 704 2140 et
715 2115 875 2152 praeterea,

215 2160 242 2190 si
254 2161 319 2202 jam
342 2162 422 2191 culto
438 2159 560 2191 admitti
583 2164 696 2201 posset,
712 2169 773 2189 non
793 2163 876 2189 recte
930 2185 932 2187 .

216 2214 321 2240 tamen
346 2208 511 2244 diceretur,
531 2209 632 2238 insula
656 2219 762 2238 vacare
784 2208 875 2244 culto,

216 2269 271 2300 pro
291 2257 383 2289 cultis
406 2257 508 2299 agris3
533 2257 588 2287 sed
611 2258 697 2287 cultu
723 2257 828 2298 probe,
843 2256 875 2287 id

216 2312 264 2338 est
278 2306 446 2338 colentium
468 2316 562 2337 manu
584 2311 615 2336 et
630 2316 734 2347 opera.
759 2305 803 2337 ita
818 2307 875 2348 Ep.

217 2355 272 2387 xii.
293 2357 344 2386 18.

265 2405 306 2436 Ut
320 2406 438 2436 caderet
453 2406 540 2435 cultu
552 2404 651 2435 cultor
666 2406 702 2434 ab
717 2405 774 2444 ipse
790 2416 852 2435 suo.

216 2454 253 2485 Id
270 2460 316 2485 est
331 2455 369 2484 ab
384 2454 434 2489 iis,
452 2464 528 2495 quos
542 2452 681 2489 sevisset,
700 2458 731 2484 et
746 2454 876 2484 colendo

216 2514 323 2545 agrum
339 2502 517 2534 excitasset.
541 2502 631 2534 etita
650 2503 681 2533 in
697 2503 822 2544 plurali.
840 2503 872 2534 ii.

216 2553 324 2583 Amor.
340 2552 431 2593 Eleg.
456 2551 520 2582 xvi.
544 2553 596 2583 33.
643 2552 762 2592 Operosi
783 2554 874 2582 culli-

217 2603 270 2632 bus
283 2603 362 2643 agri.
378 2612 416 2632 ex
432 2601 526 2631 MSS.
549 2602 667 2632 Burni.

257 2652 312 2682 60.
353 2651 422 2681 Non
449 2652 598 2681 hominum
628 2653 710 2682 video
734 2663 794 2681 von
823 2662 876 2692 ego

207 2700 300 2741 sacta
323 2701 435 2741 boum]
461 2701 509 2732 Τὰ
523 2701 614 2742 ἔργα,
630 2700 687 2731 hoc
710 2707 756 2731 est
771 2712 874 2742 opera,

217 2749 357 2790 intellige
372 2760 427 2791 per
438 2749 541 2791 facta,
556 2749 615 2780 hoc
637 2754 684 2780 est
706 2749 873 2789 agricultu-

302 2803 400 2833 VOL.
425 2803 452 2832 Ι.

944 1432 1020 1458 ram,
1037 1432 1131 1463 quam
1146 1432 1201 1463 per
1223 1421 1265 1452 τὰ
1280 1420 1361 1462 ἔργα
1377 1418 1479 1450 Graeci
1503 1418 1605 1459 desig-

945 1472 1074 1501 nabant.
1120 1470 1237 1501 Iisdem
1266 1471 1330 1511 γῆς
1359 1467 1495 1510 ἐργασία
1525 1468 1604 1508 agri-

944 1520 1076 1555 cultura„
1091 1525 1124 1550 et
1146 1518 1338 1561 ἐργάξεσθαι
1362 1528 1469 1558 agrum
1494 1517 1606 1551 colere,

943 1575 974 1599 et
1011 1568 1146 1611 ἐργάται
1182 1578 1291 1609 agrum
1327 1567 1475 1598 colentes.
1524 1566 1606 1596 Hinc

943 1617 1099 1648 Hesiodus
1114 1615 1270 1658 Georgica
1283 1626 1340 1648 sua
1360 1617 1441 1658 ἔργα
1457 1617 1510 1646 καὶ
1530 1614 1605 1657 ἡμέ-

945 1679 1005 1708 ρας
1030 1666 1197 1708 inscripsit.
1227 1666 1347 1697 Hnms.
1394 1664 1607 1696 Callimachus

944 1716 1070 1758 Hymno
1083 1716 1209 1747 Dianae.
1228 1715 1299 1746 156.

988 1765 1069 1803 Σὺες
1083 1766 1175 1808 ἔργα,
1192 1764 1266 1803 σύες
1277 1765 1362 1806 φυτὰ
1372 1764 1606 1807 λυμαίνονται.

944 1815 992 1846 Ex
1007 1816 1172 1846 Homerico
1188 1814 1288 1856 OdyS.
1305 1817 1349 1846 K.
1372 1815 1427 1845 95.
1474 1812 1608 1844 Ovidius

944 1863 1064 1895 hausit:

986 1912 1088 1944 Ἐνθὰ
1107 1913 1168 1954 μὲν
1188 1911 1261 1943 οὗτε
1280 1911 1372 1952 βοῶν
1393 1909 1460 1942 οὐτ’
1475 1909 1608 1952 ἄνδρων

1028 1961 1161 2003 φαίνετο
1177 1961 1270 2003 ἔργα.

944 2009 1036 2046 Quod
1061 2015 1092 2041 et
1114 2009 1270 2040 Lucianus
1296 2009 1328 2040 in
1353 2006 1507 2050 proverbii
1536 2017 1605 2048 spe-

943 2059 1022 2090 ciem
1044 2065 1170 2101 usurpat
1192 2059 1224 2089 in
1238 2057 1487 2100 Icaromenippo.
1534 2056 1605 2087 Vir-

943 2109 1036 2150 gilius
1052 2108 1180 2140 vertiti.
1198 2109 1315 2149 Georg.
1334 2109 1409 2139 118.

988 2159 1206 2198 Hominumque
1222 2159 1361 2198 boumque
1377 2159 1503 2189 labores.

1442 2206 1560 2236 Bmm.

987 2258 1041 2288 63.
1067 2258 1191 2299 Finge]
1217 2257 1289 2288 Alio
1312 2256 1415 2291 modo,
1440 2255 1602 2296 Esl0,sac,

940 2318 1028 2346 pone.
1088 2307 1181 2338 CIOF.
1236 2306 1287 2337 Sic
1324 2315 1448 2347 quoque
1482 2303 1515 2335 in
1552 2314 1604 2335 vv.

944 2355 1081 2397 proxime
1098 2354 1301 2396 sequentibus
1315 2361 1363 2385 ut.

986 2405 1039 2435 65.
1066 2404 1208 2444 Pacata]
1235 2404 1364 2435 Placata
1385 2400 1601 2436 Lovaniensis‚

942 2453 1083 2485 sollemni
1106 2453 1345 2495 permutatione.
1361 2451 1427 2483 vid.
1449 2451 1516 2481 xiii.
1532 2451 1602 2481 Me—

942 2509 1019 2534 tam.
1036 2504 1111 2534 440.
1136 2510 1166 2534 et
1181 2515 1232 2534 xv.
1253 2504 1328 2533 723.
1354 2501 1408 2533 ubi
1432 2500 1542 2532 similis
1557 2499 1602 2530 di-

943 2552 1082 2583 versitas.
1128 2552 1204 2583 Labi
1219 2563 1291 2583 vero
1307 2552 1465 2592 eleganter
1479 2559 1534 2592 pro
1549 2559 1603 2579 na-

942 2602 1047 2642 vigare
1067 2601 1139 2643 poni
1155 2601 1262 2632 docuit
1277 2599 1490 2631 Broukhusius
1504 2608 1602 2640 quon-

942 2650 1013 2681 dam
1042 2661 1129 2682 meus
1157 2650 1197 2682 ad
1228 2651 1370 2693 Propert.
1400 2648 1433 2679 ii.
1462 2659 1515 2679 xx.
1550 2648 1600 2677 18.

944 2700 1060 2730 Burm-

1061 2804 1091 2833 K
