1849 3198
666 213 964 256 AMORUM.
1014 214 1133 255 ΠΒ.
1166 214 1202 255 I.
1235 216 1276 255 5.
1478 199 1484 203 ’
1584 215 1669 257 :307

276 327 406 375 Cum
431 344 604 391 surges
630 329 823 376 abitura
846 329 1065 384 domum,
1093 345 1353 392 surgemus
1378 337 1429 376 et
1452 344 1653 387 omnes3

342 406 401 453 In
426 407 644 454 medium
669 408 828 455 turbae
849 406 926 454 fac
952 422 1143 454 memor
1160 423 1338 469 agmen
1364 423 1464 454 eas.
1604 409 1667 454 56

273 482 487 546 Agmine
512 500 591 531 me
617 484 853 539 invenies,
875 490 960 530 aut
984 483 1262 538 invenieris,
1290 484 1339 529 in
1367 484 1465 530 illo.

341 560 599 624 Quidquid
624 561 692 608 ibi
717 561 902 624 poteris
929 567 1149 622 tangere,
1176 566 1326 622 tange
1351 561 1466 607 mei.

275 635 362 684 Me
387 638 648 685 miserum!
686 653 873 700 paucas
899 636 1065 683 monui
1092 637 1227 699 quod
1251 637 1407 700 prosit
1431 637 1481 683 in
1504 636 1666 684 horas.

343 714 555 778 Separor
580 731 609 762 a
632 715 852 770 domina,
882 721 1027 761 nocte
1047 715 1273 777 jubente,
1301 715 1433 760 mea.
1605 717 1669 761 60

274 790 437 838 Nocte
462 793 533 839 vir
556 792 778 839 includet
799 785 1062 849 :slacrimis
1089 807 1181 853 ego
1207 797 1413 838 moestus
1439 791 1646 847 obortis,

342 867 456 922 Qua
483 869 616 924 licet,
645 869 707 915 ad
733 884 888 915 saevas
913 883 1187 931 prosequar
1204 884 1365 931 usque
1390 867 1536 915 fores.

275 944 464 992 Oscula
482 947 588 1008 jam
613 951 797 993 sumet:
821 946 926 1008 jam
952 961 1049 991 non
1073 951 1267 991 tantum
1292 944 1466 991 oscula
1488 950 1668 991 sumet.

341 1021 488 1076 Quod
513 1023 633 1069 mihi
657 1023 746 1070 das
771 1022 955 1079 furtim,
977 1024 1089 1085 jure
1113 1029 1288 1070 coacta
1311 1022 1471 1069 dabis.

275 1098 460 1146 Verum
485 1100 638 1147 invita
662 1100 778 1147 dato
805 1101 971 1164 (potes
996 1100 1113 1160 hoc)
1140 1099 1415 1163 similisque
1439 1107 1650 1147 coactae:

343 1177 608 1225 Blanditiae
634 1185 861 1235 taceant3
903 1178 1068 1241 sitque
1094 1178 1311 1240 maligna
1328 1177 1516 1224 Venus.
1606 1180 1669 1225 66

278 1253 332 1300 Si
357 1270 469 1301 mea
493 1263 607 1303 vota
630 1256 811 1311 valent,
839 1256 977 1302 illum
998 1271 1201 1319 quoque
1227 1256 1295 1301 nil
1313 1257 1470 1318 juvet,
1498 1263 1644 1320 opto:

345 1331 433 1378 Sin
458 1332 648 1390 minus3
690 1340 740 1380 at
765 1340 899 1380 certe
925 1340 974 1379 te
992 1334 1134 1395 juvet
1158 1333 1273 1380 inde
1297 1333 1435 1380 nihil.

271 1407 380 1455 Sed
414 1425 745 1473 quaecumque
770 1418 937 1458 tamen
962 1417 1161 1457 noctem
1179 1410 1374 1458 fortuna
1398 1419 1666 1475 sequatur3

341 1486 468 1533 Cras
495 1487 613 1534 mihi
639 1488 885 1536 constanti
907 1505 1028 1535 voce
1053 1488 1253 1536 dedisse
1279 1504 1422 1551 nega.
1607 1492 1671 1536 70

749 1762 1075 1810 ELEGIA
1135 1763 1196 1810 V.

276 1864 445 1911 AEstus
471 1871 591 1918 erat,
619 1863 935 1925 mediamque
960 1862 1066 1910 dies
1092 1869 1328 1924 exegerat
1347 1863 1547 1912 horam:

344 1940 569 2004 Adposui
595 1940 758 1987 medio
784 1940 1008 1987 membra
1031 1939 1240 1987 levanda
1257 1946 1379 1987 toro.

319 2073 371 2103 62.
398 2073 564 2113 Persequar
583 2083 675 2112 usque
690 2071 804 2113 fineen]
833 2071 939 2101 Prose-

276 2134 353 2162 (μιαι-
390 2122 547 2153 meliores.
578 2132 644 2163 pro,
673 2124 713 2152 ad
741 2132 829 2151 scruas
854 2121 941 2162 fores

277 2171 520 2207 Arondelianus,
553 2173 592 2202 ad
619 2182 725 2201 versas.
771 2172 872 2207 Forte,
901 2173 941 2201 ad

276 2222 392 2250 surdas.
418 2220 457 2250 de
483 2231 545 2261 quo
568 2220 662 2261 paulo
686 2224 753 2261 post
777 2220 868 2260 Eleg.
897 2220 939 2250 vi<

277 2279 357 2299 vers.
375 2270 428 2299 62.
452 2269 625 2299 linissms.
657 2270 824 2309 Prosequar
839 2275 939 2300 recte:

277 2316 400 2348 honoris
413 2317 496 2347 enim
512 2322 542 2348 et
554 2317 646 2349 officii
659 2318 788 2348 verbum
800 2323 857 2353 est,
870 2328 941 2348 cum

278 2364 464 2397 comitamur
490 2366 639 2408 aliquem.
662 2366 728 2397 vid.
750 2367 849 2409 Epist.
864 2366 940 2397 xvii⁴

277 2415 353 2446 245.
371 2421 402 2446 et
418 2415 506 2446 alibi.

325 2513 338 2542 l
358 2512 493 2553 Festus]
521 2513 571 2544 Sic
588 2513 717 2555 quidem
734 2513 766 2544 in
782 2513 942 2554 exempla-

279 2561 364 2592 ribus
386 2562 548 2603 hucusque
578 2563 694 2593 lectum
717 2568 783 2593 est:
808 2562 862 2593 sed
881 2573 942 2593 non

279 2610 338 2641 nisi
361 2610 485 2653 ineptus
508 2622 618 2642 sensus
641 2611 713 2642 elici
728 2618 840 2653 potest.
886 2612 944 2642 Lc-

280 2659 416 2700 gendum
433 2659 538 2701 igitur,
553 2667 586 2690 ut
601 2660 633 2690 in
644 2660 819 2691 correctiori
835 2660 943 2691 codice

281 2708 427 2744 vidimus,
444 2710 556 2744 AEstns,
572 2715 606 2739 ut
624 2714 655 2739 ct
677 2709 794 2739 aestatis
812 2715 943 2750 tempus,

282 2767 343 2797 quo
373 2763 496 2799 propter
526 2764 632 2789 noctes
663 2758 819 2789 breviores
845 2758 943 2788 solent

1009 2070 1149 2101 homines
1163 2070 1331 2107 meridiari,
1347 2071 1538 2103 ostenderet.
1561 2078 1592 2103 et
1611 2072 1671 2103 mi-

1007 2130 1075 2151 rum
1098 2130 1159 2150 non
1184 2119 1234 2155 sit,
1253 2120 1337 2160 quod
1361 2120 1499 2151 Corinna
1513 2120 1545 2151 in
1565 2122 1674 2153 tunica

1008 2169 1058 2199 vel
1074 2168 1256 2200 tenuissima
1271 2169 1466 2210 processerit.
1510 2170 1561 2201 Sic
1585 2171 1673 2203 Naso

1009 2218 1041 2248 in
1055 2218 1380 2249 Transmutationibus
1392 2231 1398 2249 x

1052 2269 1156 2298 AEstns
1178 2275 1254 2305 erat,
1270 2270 1440 2309 mediusque
1462 2270 1524 2300 dies
1535 2272 1672 2312 gemina-

1098 2324 1180 2348 verat
1194 2325 1309 2348 testum.
1478 2320 1630 2351 Munus.

1054 2367 1085 2396 2.
1111 2367 1211 2397 Medio
1222 2367 1312 2407 tora]
1337 2367 1505 2398 Offendere
1521 2374 1604 2400 certe
1617 2369 1673 2400 de-

1010 2415 1120 2446 licatas
1131 2426 1221 2447 aures
1231 2416 1326 2447 debet
1341 2416 1407 2447 haec
1422 2427 1491 2453 vox,
1502 2417 1552 2448 bis
1561 2418 1672 2449 eodem

1010 2463 1143 2495 disticho
1156 2465 1299 2506 repetita.
1322 2465 1360 2496 In
1372 2465 1494 2497 duobus
1506 2466 1673 2498 Vaticanis

1011 2520 1087 2549 erat,
1118 2513 1248 2553 Imposut'
1278 2521 1378 2546 tenero
1403 2521 1477 2545 toro.
1501 2516 1585 2557 quod
1610 2527 1671 2547 non

1010 2562 1125 2603 placet.
1138 2565 1226 2593 medii
1238 2569 1343 2594 tamen
1356 2566 1413 2594 τοι-ι’
1424 2564 1671 2605 frequentissime

1012 2612 1138 2648 mentio,
1162 2611 1214 2642 ubi
1243 2613 1281 2643 de
1306 2614 1527 2644 secubantibus
1555 2613 1670 2654 agitur.

1012 2660 1065 2690 sed
1082 2660 1155 2701 quia
1170 2660 1236 2691 haec
1251 2673 1308 2692 vox
1325 2673 1405 2704 saepe
1421 2673 1493 2693 cum
1508 2664 1608 2697 vidua,
1621 2662 1671 2693 vel

1012 2720 1104 2739 ‘vacuo
1130 2716 1348 2746 commutatur,
1374 2716 1408 2741 ut
1433 2721 1516 2752 supr.
1542 2710 1583 2740 ad
1608 2710 1669 2751 Ep.

1013 2759 1076 2789 xix.
1094 2759 1166 2789 158.
1187 2758 1333 2794 vidimus,
1349 2760 1496 2791 alterutra
1512 2760 1561 2790 hic
1577 2759 1671 2801 recipi

1167 2813 1193 2841 Χ
1219 2813 1239 2842 2
