1849 3198
624 265 1219 308 JHEROIDES.EP.[X.

1534 265 1619 308 lm

233 381 336 431 Aut
360 399 452 446 ego
478 381 775 446 praemoriar,
803 381 1062 445 primoque
1087 380 1347 444 extinguar
1371 382 1422 429 in
1447 397 1578 440 aevo3

299 459 401 508 Aut
425 476 516 522 ego
541 458 816 506 Tantalidae
843 458 1063 505 Tantalis
1087 475 1214 506 uxor
1237 476 1336 507 ero,

698 752 1046 800 EPISTOLA
1085 751 1178 800 IX.

502 869 911 913 DEIANIRA
969 869 1344 913 HERCULL

232 993 465 1040 Gratulor
491 992 770 1040 OEchaliam
795 991 950 1038 titulis
977 991 1215 1039 accedere
1241 993 1449 1041 nostris:

295 1070 549 1118 Victorem
571 1070 714 1117 victae
742 1068 1065 1116 succubuisse
1092 1086 1286 1132 queror.

228 1247 287 1274 tra.
322 1242 464 1284 sequenti
492 1253 595 1280 versu,
626 1243 677 1283 qui
702 1253 756 1272 sua
784 1253 889 1283 rqgna,

229 1302 290 1322 non
311 1298 339 1322 et
363 1303 418 1321 sua
441 1292 583 1322 meliores
605 1291 782 1321 duodecim.
807 1290 891 1331 quod

227 1352 351 1383 sequor.
365 1341 454 1372 aliter
462 1347 566 1372 tamen
574 1341 764 1372 Puteaneus.
773 1341 890 1371 mes.

275 1391 348 1421 120.
389 1392 475 1425 Quod
503 1402 531 1421 se
553 1392 605 1421 sub
634 1392 749 1421 tumulo
762 1390 892 1432 *fortiter

228 1441 438 1481 ulzujacent]
465 1440 580 1471 Nescio
596 1451 636 1471 an
658 1446 740 1471 recte
756 1450 825 1470 ossa
844 1439 891 1470 di-

229 1495 338 1520 cantur
353 1501 381 1519 se
398 1491 475 1520 ulta.
500 1501 561 1520 non
576 1489 659 1520 enim
675 1489 730 1519 illa
744 1500 776 1519 se
791 1488 891 1519 vindi-

229 1544 350 1575 carunt,
363 1539 417 1569 sed
430 1539 557 1570 Orestes
568 1537 663 1580 patris
674 1538 791 1569 caedem
805 1538 891 1568 caede

228 1588 335 1619 matris
363 1588 447 1619 ultus
476 1588 607 1624 curavit,
637 1593 671 1618 ut
699 1587 795 1629 patris
823 1598 893 1618 ossa

228 1638 309 1668 bene
332 1639 388 1669 sub
409 1638 529 1669 tumulo
546 1638 698 1679 jacerent,
714 1636 830 1667 inferiis
853 1638 892 1668 ab

228 1686 370 1717 adultero
386 1687 541 1728 AEgystho
564 1687 694 1717 exactis.
719 1697 814 1727 quare
838 1697 891 1717 ve-

226 1735 287 1766 rior
310 1735 386 1766 mihi
408 1736 530 1767 videtur
552 1735 667 1766 codicis
692 1735 892 1766 Lovaniensis

229 1784 338 1816 lectio:

273 1835 359 1869 Quod
375 1836 416 1865 sic
437 1835 490 1865 sub
507 1835 597 1864 titulo
611 1834 742 1876 jbrtt'ter
757 1835 822 1865 ulta
836 1836 890 1874 ja-

316 1890 393 1919 cent,

227 1931 301 1962 licet
323 1932 429 1962 malim
452 1933 504 1961 sub
530 1933 655 1967 tumulo,
673 1931 815 1973 quamvis
839 1934 892 1963 snb

228 1982 316 2011 titulo
331 1981 458 2012 defendi
479 1987 594 2023 posset.
646 1982 718 2011 Uita
735 1992 805 2012 vero
821 1993 890 2024 pas-

227 2031 292 2061 sive
318 2037 364 2061 est
387 2031 584 2073 capiendum,
602 2030 667 2060 vid.
684 2030 723 2061 ad
740 2030 794 2060 vii.
818 2032 889 2061 Me-

227 2084 303 2110 tam.
330 2080 362 2110 3.
388 2086 419 2111 et
444 2080 484 2111 ad
500 2079 608 2111 Valet.
636 2080 742 2110 Flaec.
762 2091 794 2110 v.
813 2080 887 2111 753.

229 2129 345 2160 Euam.

272 2227 302 2257 l.
329 2226 508 2267 Gramion]
537 2227 603 2258 Hoc
619 2238 726 2258 verum
742 2227 889 2269 Epistola:

227 2275 320 2317 hujus
334 2275 519 2318 principium
532 2283 597 2307 est:
615 2288 686 2308 nam
702 2277 811 2318 reliqui
828 2277 889 2307 duo

227 2336 344 2361 versus,
361 2325 414 2366 qui
429 2325 530 2356 eidem
554 2326 585 2356 in
601 2326 787 2368 quibusdam
811 2338 888 2369 prae-

227 2380 395 2416 ponuntur,
408 2386 508 2416 neque
521 2377 707 2407 sententiam
720 2376 889 2418 quicquam

224 2424 346 2465 juvant,
359 2430 390 2454 et
401 2435 455 2465 per
471 2436 502 2455 se
520 2425 628 2455 inculti
645 2437 681 2457 ac
692 2425 792 2467 putidi
809 2434 890 2456 sunt.

229 2475 334 2509 Quare
350 2484 411 2509 eos,
428 2479 460 2503 ut
475 2474 644 2516 superiores
667 2475 733 2516 ejus
756 2474 887 2515 generis,

228 2533 246 2552 a
262 2522 380 2563 reliquo
392 2533 515 2564 corpore
531 2523 733 2564 seposuimus.
759 2524 888 2554 Mirm,-

229 2582 299 2601 Lvs.
346 2571 428 2601 Iluic
458 2571 559 2601 denuo
584 2572 729 2614 Epistola}
758 2573 888 2603 l'uteani

229 2621 369 2661 Exttepta
384 2626 414 2651 et
431 2626 558 2651 vetustae
575 2621 725 2651 editiones
748 2633 818 2652 cum
839 2634 889 2653 co-

229 2669 299 2699 dice
324 2669 424 2710 Regio
455 2680 587 2710 sequens
614 2670 767 2701 distichon
790 2672 890 2714 praeli-

230 2724 307 2759 gunt
321 2730 326 2747 :

275 2768 383 2799 Mittor
398 2770 436 2798 ud
454 2769 577 2800 Alciden
593 2782 610 2799 a
636 2772 762 2811 conjuge
775 2772 891 2800 conscia

357 2824 463 2847 mentis

1046 1241 1174 1278 Littera,
1204 1243 1228 1272 si
1253 1245 1360 1283 conjux
1389 1242 1541 1273 De'ianira
1570 1249 1623 1274 ίιια

1085 1297 1140 1321 est.
1458 1292 1579 1322 HEINs.

1004 1338 1115 1369 Titulis
1130 1341 1267 1371 accedere
1282 1341 1419 1381 nostris]
1447 1341 1549 1372 Nimis
1571 1341 1618 1371 in-

959 1387 1075 1419 vidiose
1090 1390 1228 1431 profecto
1249 1389 1351 1421 mariti
1374 1391 1480 1422 titulos
1503 1391 1623 1422 invadit

959 1444 990 1469 et
1012 1437 1069 1468 sibi
1085 1438 1233 1475 vindicat,
1250 1440 1334 1480 quod
1359 1440 1533 1482 Hypsipyle
1549 1442 1620 1472 Me-

959 1488 1026 1519 deae
1041 1499 1134 1530 supra
1148 1489 1316 1530 objiciebat
1329 1513 1335 1518 .

1003 1538 1097 1573 Adde,
1113 1539 1188 1577 quod
1204 1538 1437 1580 adscribifizctis
1449 1550 1620 1579 procerum-

1086 1598 1141 1626 que
1157 1588 1270 1627 tuisque

1045 1636 1081 1666 Se
1096 1636 1192 1678 ιῙὶιυίἰξ,
1219 1643 1247 1667 et
1273 1638 1363 1667 titulo
1388 1639 1523 1679 conjugis
1548 1649 1622 1668 uxor

1087 1688 1174 1716 obest.

959 1734 1059 1765 Recte
1084 1734 1177 1775 igitur
1201 1735 1325 1766 codices
1350 1735 1501 1773 nonnulli,
1526 1737 1623 1766 titulis

959 1785 1070 1814 vestris.
1094 1783 1137 1813 sic
1154 1783 1250 1815 infra:

1003 1833 1050 1863 Ne
1066 1834 1167 1863 rideat·
1179 1835 1276 1864 titulis
1292 1834 1431 1863 insidiata
1450 1835 1520 1864 tuis.

959 1878 999 1912 Et
1015 1882 1152 1912 Ariadne
1167 1894 1173 1912 ε

1004 1932 1072 1962 Non
1084 1942 1135 1973 ego
1151 1943 1214 1961 sum
1232 1932 1329 1961 titulis
1342 1933 1534 1971 surripienda
1549 1934 1620 1963 tuis.

1456 1982 1576 2012 mes.

960 2029 1059 2059 Immo
1072 2040 1143 2059 vero
1155 2029 1332 2060 reducenda
1349 2030 1544 2071 antiquarum
1556 2029 1621 2061 edi-

957 2078 1076 2108 tionum
1091 2084 1122 2109 et
1138 2078 1319 2120 scriptorum
1336 2079 1438 2115 lectio,
1456 2090 1550 2120 quam
1567 2079 1622 2111 ha—

956 2129 1032 2160 bent
1047 2129 1109 2160 fere
1125 2140 1242 2165 omneS,
1260 2135 1371 2171 praeter
1386 2129 1463 2160 duos
1478 2129 1621 2161 Scriverii

957 2185 988 2209 et
1004 2190 1100 2209 unum
1116 2179 1275 2215 Gronovii,
1294 2179 1347 2220 qui
1363 2185 1483 2209 tantum
1499 2190 1554 2221 pro
1566 2190 1619 2211 va-

956 2227 1001 2259 ria
1027 2228 1159 2259 lectione
1182 2228 1298 2258 habent
1323 2230 1432 2263 vestris,
1457 2228 1524 2258 loco
1540 2240 1618 2259 verre

956 2278 1113 2319 scripturae
1138 2279 1255 2308 nastris.
1302 2278 1446 2308 Decebat
1468 2278 1550 2309 enim
1565 2280 1620 2309 ob-

952 2327 1130 2369 jurgantem
1146 2333 1176 2357 et
1195 2327 1304 2357 iratam
1321 2338 1459 2364 uxorem,
1476 2327 1532 2358 sibi
1549 2339 1618 2369 par-

957 2383 1018 2407 tem
1048 2376 1205 2407 vindicare
1235 2387 1352 2411 eorum,
1384 2388 1454 2418 quae
1492 2377 1621 2408 maritus

957 2432 1104 2466 gesserat,
1120 2432 1150 2457 et
1166 2426 1224 2457 sibi
1240 2437 1363 2467 quoque
1379 2427 1562 2467 gratulatur,
1576 2433 1620 2457 tot

958 2475 1056 2506 titulis
1079 2476 1144 2517 jam
1171 2482 1242 2506 ante
1269 2475 1376 2516 partis,
1399 2487 1480 2506 nunc
1504 2476 1620 2506 (Echa-

959 2525 1031 2555 liam
1069 2526 1231 2556 subactam
1268 2524 1415 2555 accedere
1430 2537 1436 2561 3
1492 2525 1618 2555 minime

961 2585 1030 2604 vero
1045 2573 1103 2604 sibi
1119 2574 1263 2616 pellicem
1279 2574 1350 2604 iude
1372 2573 1498 2605 adduci.
1546 2574 1618 2604 Imi-

960 2629 1041 2654 tatus
1057 2634 1128 2653 vero
1142 2623 1223 2654 hunc
1240 2623 1340 2654 locum
1356 2624 1499 2654 Lucanus
1514 2624 1569 2653 lib.
1588 2623 1619 2654 ii.

960 2675 1034 2704 555.

1004 2723 1043 2753 Te
1063 2734 1174 2762 quoqne
1195 2725 1219 2753 si
1243 2723 1342 2762 superi
1363 2723 1462 2752 titulis
1481 2723 1619 2751 accedere

1046 2773 1150 2801 noslris

1003 2820 1175 2851 Jusseruue.
1347 2837 1370 2843 -
1458 2819 1574 2848 Bmm.
