1849 3198
628 196 974 239 HEROIDES.
1007 197 1101 239 ΕΡ.
1134 197 1254 239 ΧΧ.

1559 199 1642 241 271

247 313 324 360 Sit
347 313 571 369 dubium,
598 313 825 377 possisne
850 313 991 377 capi3
1032 315 1298 377 captabere
1323 321 1474 362 certe.

314 391 495 439 Exitus
522 392 572 438 in
599 392 690 438 Dis
717 399 821 439 est:
862 391 950 439 sed
977 391 1176 455 capiere
1201 399 1385 439 tamen.

248 462 320 515 Ut
344 476 537 533 partem
564 469 789 532 effugias,
818 485 915 515 non
941 468 1108 515 omnia
1132 468 1257 515 retia
1280 468 1449 517 falles:
1578 473 1642 517 45

312 545 438 600 Quae
464 546 571 602 tibi,
600 562 750 609 quam
775 546 954 601 credis,
982 545 1126 608 plura
1149 545 1363 592 tetendit
1386 545 1556 594 Amor.

246 623 300 670 Si
319 640 417 670 non
442 623 704 687 proficiant
728 630 875 679 artes,
902 622 1158 670 veniemus
1184 622 1247 668 ad
1272 638 1438 680 arma;

312 699 472 764 Inque
497 701 569 748 tui
595 701 779 765 cupido
806 706 949 764 rapta
972 698 1129 747 ferere
1155 699 1282 746 sinu.

245 777 361 825 Non
379 795 506 835 sum,
525 778 611 842 qui
630 779 816 826 soleam
837 778 1032 825 Paridis
1048 777 1413 841 reprehendere
1428 777 1639 828 factum:

312 855 420 903 Nec
448 872 770 920 quemquam,
799 856 901 919 qui,
922 856 995 902 vir
1019 855 1183 919 possit
1206 861 1262 902 ut
1286 870 1414 911 esse,
1442 855 1550 902 fuit.
1579 859 1643 903 50

245 932 352 980 Nos
379 949 608 997 quoque:
638 934 727 981 sed
752 940 912 980 taceo.
954 948 1085 979 mors
1111 932 1259 994 hujus
1285 948 1434 996 poena
1457 933 1642 996 rapinae

312 1010 384 1058 Ut
408 1012 487 1067 sit,
509 1018 614 1059 erat
638 1027 791 1075 quam
816 1018 866 1058 te
891 1026 989 1057 non
1014 1009 1267 1065 habuisse,
1294 1009 1470 1057 minor.

242 1087 346 1135 Aut
370 1105 507 1136 esses
532 1089 748 1136 formosa
770 1089 950 1145 minus,
979 1094 1204 1152 peterere
1230 1087 1472 1135 modeste.

310 1166 544 1214 Audaces
565 1166 691 1214 facie
718 1166 941 1228 cogimur
965 1181 1078 1212 esse
1098 1166 1205 1212 tua.

242 1242 319 1289 Tu
344 1243 466 1291 facis
491 1244 602 1300 hoc,
631 1244 865 1306 oculique
889 1243 990 1299 tui;
1032 1242 1216 1305 quibus
1242 1241 1390 1304 ignea
1414 1243 1600 1290 cedunt

314 1320 512 1378 Sidera3
544 1322 631 1385 qui
657 1322 869 1368 flammae
896 1336 1075 1367 caussa
1098 1319 1237 1367 fuere
1263 1336 1404 1367 meae.
1578 1323 1640 1367 56

243 1397 353 1446 Hoc
380 1399 491 1447 flavi
517 1399 706 1447 faciunt
730 1400 908 1455 crines,
937 1405 988 1446 et
1014 1398 1233 1445 eburnea
1257 1397 1452 1455 cervix3

311 1476 556 1541 Quaeque,
585 1494 776 1542 precor,
804 1478 1005 1525 veniant
1030 1476 1078 1522 in
1104 1491 1218 1523 mea
1242 1475 1372 1522 colla
1395 1491 1570 1522 manus
1593 1492 1602 1523 :

286 1617 340 1647 44.
374 1617 482 1649 Exitus
506 1619 539 1648 in
567 1618 641 1659 dis]
680 1618 717 1648 In
748 1619 837 1648 dubio
865 1625 905 1649 est

243 1665 501 1708 Gottorphianus.
518 1666 562 1697 nil
578 1673 675 1698 muta.
706 1667 862 1698 Pindarus
876 1679 882 1697 :

286 1717 360 1747 Νῦν
374 1715 398 1747 δ
413 1717 553 1759 ἔλπομαι
566 1718 638 1759 μὲν,
657 1717 691 1748 ἐν
707 1717 770 1758 9εῷ
787 1729 822 1759 γε
838 1718 906 1759 μὰν

327 1764 432 1803 τέλος.
743 1766 862 1798 mes.

285 1815 338 1845 48.
368 1815 483 1855 Cupido
498 1816 598 1857 sinu]
626 1815 816 1858 Respexisse
830 1822 905 1858 puto

243 1864 281 1895 ad
290 1865 444 1906 juvenum
455 1865 626 1907 ingenium,
639 1865 703 1907 qui,
717 1871 752 1896 ut
763 1865 806 1896 ait
818 1865 905 1896 Aris-

243 1913 354 1945 toteles
381 1914 437 1945 lib.
466 1914 500 1945 ii.
529 1915 662 1946 Rhetor.
691 1916 794 1954 cupidi
824 1921 905 1946 sunt.

243 1963 359 2001 Qualia
373 1970 445 1995 sunt
459 1964 532 1995 illa:

286 2015 434 2053 Ajuvene
457 2021 485 2045 et
509 2015 616 2054 cupido
629 2015 772 2044 credatur
789 2015 906 2044 reddita

329 2064 435 2105 firgo?

242 2113 298 2143 Et:

288 2162 363 2192 Cum
386 2164 517 2202 primum
540 2164 648 2202 cupido
675 2162 772 2193 Venus
794 2169 833 2192 est
855 2163 905 2192 (Ie-

328 2213 420 2242 ducm
437 2214 557 2241 marito.
766 2211 860 2241 C10F.

286 2262 337 2291 49.
356 2261 425 2291 Nan
440 2272 502 2291 sum
518 2262 570 2301 qui
585 2260 719 2300 soleam]
747 2260 846 2290 Plena
862 2260 904 2290 lo-

242 2311 326 2341 cutio
340 2316 432 2347 esset,
448 2322 505 2341 non
524 2312 547 2340 is
562 2321 636 2346 snm,
650 2312 700 2350 qui
715 2311 834 2340 soleam.
850 2309 905 2340 lib.

242 2359 264 2390 i.
281 2359 390 2391 Amor.
407 2359 462 2390 xii.
480 2360 534 2391 29.
580 2359 650 2389 Non
666 2366 719 2394 est,
738 2361 788 2399 qui
804 2360 905 2389 dehent

242 2411 304 2441 uri.
327 2410 452 2451 plenam
476 2408 664 2440 locutionem
691 2408 800 2444 habes,
823 2407 905 2449 apud

244 2459 427 2490 Ciceronem
447 2458 490 2490 iv.
515 2458 553 2489 ad
570 2459 659 2488 Fam.
677 2459 709 2488 2.
750 2460 781 2488 .δί
799 2460 819 2487 ii
835 2468 906 2487 esse-

242 2521 317 2545 mus,
342 2511 392 2549 qni
415 2510 558 2539 debemus.
582 2514 613 2539 et
636 2509 756 2538 Lucan.
781 2508 803 2538 i.
833 2508 905 2537 171.

248 2558 314 2588 Non
334 2565 399 2589 erut
426 2560 450 2589 is
468 2558 607 2598 papulus,
631 2568 714 2597 quem
737 2568 792 2596 par
821 2563 904 2586 lr‘an-

243 2609 339 2647 quilla
357 2610 500 2647 juvaret.
526 2611 557 2636 et
579 2606 623 2636 ita
648 2605 714 2636 alii.
737 2605 816 2636 hanc
842 2604 904 2635 ele-

243 2656 381 2697 gantiam
408 2656 511 2686 Latini
543 2655 690 2685 sermonis
716 2654 839 2695 egregie
869 2654 905 2683 il-

243 2705 385 2736 lustravit
410 2705 551 2736 Vorstius
571 2704 609 2735 de
634 2704 802 2735 Latinitate
828 2703 906 2734 falso

243 2761 398 2796 suspecta.
416 2766 487 2796 cap.
505 2767 534 2786 v.
581 2755 698 2785 Brun.

1019 1617 1072 1647 57.
1099 1615 1164 1645 Hoc
1177 1614 1309 1656 faciunt
1321 1615 1542 1656 flander-ines]
1570 1615 1641 1646 Fla-

975 1677 1032 1696 vus
1058 1665 1203 1707 capillus,
1229 1671 1263 1695 ut
1286 1664 1385 1705 niger,
1406 1664 1643 1696 commendatur

974 1714 1007 1746 in
1021 1714 1149 1757 puellis.
1174 1714 1218 1745 sic
1234 1714 1274 1745 de
1289 1714 1436 1746 Lucretia
1451 1720 1516 1746 ext.
1533 1715 1589 1746 lib.
1605 1715 1640 1746 ii.

974 1765 1061 1795 Fast.

1018 1814 1127 1844 Forma
1143 1815 1252 1853 placet,
1270 1815 1429 1854 niveusque
1445 1815 1641 1856 color-,fluvi-

1103 1874 1157 1903 que
1171 1864 1288 1902 capilli,

1063 1912 1206 1952 Quodque
1231 1914 1338 1942 aderat
1366 1913 1454 1942 nulla
1470 1912 1582 1954 factus
1604 1915 1641 1943 ab

1102 1968 1168 1992 arte
1183 1963 1271 1992 color.

974 2010 1066 2050 Virg.
1083 2010 1140 2041 lib.
1158 2010 1201 2041 iv.
1218 2010 1349 2041 AEneid.
1365 2011 1439 2041 698.

1019 2060 1164 2090 Nondum
1179 2061 1358 2101 illiflavum
1377 2060 1559 2100 Proserpina
1575 2072 1641 2091 ver-

1062 2111 1118 2140 tice
1133 2122 1158 2140 c>
1169 2112 1246 2140 inem.
1262 2111 1449 2140 Abstulerat.

974 2159 1105 2190 Fallitur
1120 2160 1163 2190 ibi
1180 2159 1306 2190 doctiss.
1324 2159 1487 2201 interpres,
1503 2159 1640 2197 Servius,

975 2209 1028 2250 qui
1053 2209 1120 2240 liaec
1147 2209 1272 2240 scribit:
1298 2210 1502 2240 Abscondente
1520 2210 1638 2251 galero.

976 2259 1059 2289 Hui(-
1074 2270 1143 2300 ergo
1159 2260 1222 2295 dat,
1239 2260 1321 2299 quasi
1335 2259 1428 2298 turpi.
1453 2257 1543 2299 Virg.
1556 2258 1639 2290 enim

975 2308 1031 2339 lib.
1048 2308 1070 2339 i.
1088 2309 1210 2340 dixerat
1233 2308 1391 2339 Didonem
1413 2319 1479 2339 esse
1495 2309 1641 2350 pulcher-

975 2357 1095 2393 rimam,
1111 2357 1164 2388 ubi
1180 2358 1224 2388 ita
1240 2363 1305 2388 est:

1020 2407 1137 2448 Regina
1154 2409 1193 2437 ad
1205 2408 1345 2446 templum
1353 2406 1507 2448 formaque
1515 2406 1639 2435 101191·νί-

1060 2469 1107 2486 ma
1125 2457 1205 2487 Dido
1221 2456 1357 2487 Incessit.
1502 2456 1595 2487 CIOF.

976 2506 1094 2536 Verum
1119 2512 1225 2536 tamen
1245 2512 1303 2542 est,
1326 2505 1410 2547 quod
1434 2506 1559 2536 Servius
1583 2505 1638 2535 ob-

973 2556 1190 2596 servat,flaros
1206 2555 1306 2585 crines
1329 2554 1422 2585 tribui
1445 2564 1566 2595 semper
1582 2553 1638 2583 Fe·

975 2603 1076 2640 minis,
1093 2604 1118 2634 si
1142 2615 1203 2634 non
1226 2604 1350 2634 omnino
1372 2603 1527 2645 turpibus,
1546 2601 1640 2632 cultis

974 2660 1079 2684 tamen
1092 2660 1123 2684 et
1138 2664 1155 2684 a
1168 2654 1292 2684 Venere
1307 2664 1367 2683 non
1384 2651 1637 2683 abhorrentibus:

974 2708 1005 2732 et
1040 2702 1097 2732 hoc
1127 2702 1218 2733 -locet
1248 2702 1416 2732 Menandri
1447 2706 1637 2742 praeccptum

974 2751 1056 2793 apud
1073 2752 1229 2783 Clement.
1247 2751 1300 2783 lib.
1317 2751 1362 2781 iii.
1411 2749 1536 2789 Paedag.
