1849 3198
203 189 288 230 208

595 187 646 228 P.
680 185 893 228 OVIDII
926 184 1206 227 NASONIS

209 304 300 352 Ille
327 303 529 367 quidem
555 301 789 358 ostendit,
817 302 1064 366 quidquid
1092 300 1451 349 Lacedaemone
1476 301 1580 348 tot&

277 382 489 429 Ostendi
514 381 736 443 dignum,
765 380 1192 444 conspicuumque
1217 378 1325 425 fuit.

1500 381 1593 425 130

211 460 311 507 Sed
336 459 456 506 mihi
482 459 737 506 laudatum
763 459 983 523 cupienti
1009 473 1210 505 cernere
1236 456 1458 512 formam,

275 536 500 593 Lumina,
529 537 596 583 nil
622 537 772 592 aliud,
801 552 901 599 quo
921 541 1232 598 caperentur,
1261 540 1380 580 erat.

212 614 282 661 Ut
304 614 420 670 vidi,
448 614 713 678 obstupui;
753 612 1128 678 praecordiaque
1153 611 1326 658 intima
1350 609 1483 657 sensi

274 690 528 738 Attonitus
555 691 684 738 curis
711 690 1006 737 intumuisse
1031 688 1186 735 novis.

209 767 301 815 His
329 768 513 816 similes
538 769 718 824 vultus,
748 775 991 831 quantum
1016 765 1319 820 reminiscor,
1347 764 1580 818 habebat,

274 845 423 893 Venit
448 846 497 892 in
523 845 778 893 arbitrium
805 861 918 892 cum
947 844 1198 907 Cytherea
1221 858 1403 889 meum.

1503 842 1592 887 136

210 923 263 969 Si
288 930 341 969 tu
366 923 586 970 venisses
612 923 796 986 pariter
821 929 1074 970 certamen
1107 922 1155 968 in
1181 920 1326 977 illud;

276 999 336 1046 In
361 1000 568 1047 dubium
593 999 801 1047 Veneris
828 1000 994 1063 palma
1017 999 1182 1045 futura
1205 997 1312 1044 fuit.

206 1162 268 1185 tem
293 1155 431 1185 Deorum
447 1160 547 1185 notat.
596 1155 705 1186 Valer.
732 1155 817 1186 Flac.
836 1167 868 1186 v.

207 1205 283 1235 254.

295 1254 451 1284 Caucaseis
464 1265 531 1284 cum
547 1255 645 1293 lapsus
656 1256 802 1285 montibus
814 1267 868 1285 αη-

334 1304 403 1343 guis

253 1352 321 1382 Nun
336 1354 398 1382 sine
414 1358 509 1382 mente
527 1352 596 1384 Dei.

212 1401 321 1442 virgil.
338 1413 370 1432 v.
387 1400 516 1431 sEneid.
535 1402 588 1432 56.

250 1450 345 1480 Haud
361 1451 491 1490 equidem
507 1452 569 1480 sine
588 1457 696 1486 mente,
714 1462 791 1487 reor,
808 1453 869 1481 sine

294 1500 416 1529 mimine
432 1500 534 1529 (lituim

250 1550 410 1584 Adsumus,
432 1555 459 1578 et
478 1555 582 1588 portus
608 1550 700 1579 delati
720 1551 869 1579 intramus

293 1599 412 1628 amicos.

207 1648 247 1678 Et
273 1647 317 1678 ita
344 1647 459 1689 passim
486 1658 535 1678 res
563 1653 770 1690 opponuntur,
796 1658 866 1689 qum

205 1698 327 1727 consilio
342 1702 374 1726 et
389 1707 458 1738 quae
475 1708 546 1727 cusu
562 1697 722 1727 accidunt.
748 1698 866 1727 BunM.

254 1747 325 1777 131.
349 1746 553 1787 Lmututam.]
581 1747 689 1777 Potest
703 1746 866 1788 explicari,

207 1806 225 1827 a
241 1797 363 1827 Venere
379 1796 455 1826 mihi
478 1796 640 1827 laudatam
664 1802 695 1826 et
712 1807 868 1827 commen—

207 1846 323 1882 datam,
349 1846 404 1876 sed
433 1845 533 1886 magis
561 1851 617 1881 est,
641 1850 677 1875 ut.
702 1845 734 1875 in
757 1855 869 1885 genere

207 1901 292 1926 notet
302 1895 555 1937 pulcherrimam.
603 1894 757 1931 Quinctil.
774 1894 868 1925 Decl.

206 1944 271 1975 xix.
294 1946 327 1975 4.
377 1943 561 1980 Verberibus,
586 1945 706 1985 ignibus
735 1945 871 1974 laudatos

205 1995 319 2030 vultus,
334 1994 416 2024 velut
437 1995 500 2024 illis
515 1995 708 2030 irasceretur,
724 1995 870 2033 opposuit.

207 2043 273 2074 vid.
290 2043 330 2074 ad
345 2044 402 2074 lib.
422 2055 452 2074 v.
469 2044 606 2074 Metam.
625 2044 679 2074 59.
728 2043 848 2073 BunM.

254 2094 325 2124 132.
350 2093 492 2129 Lumina,
521 2093 596 2133 δία]
634 2092 702 2123 Hoc
732 2096 789 2128 est,
818 2092 871 2124 ille

208 2141 284 2172 mihi
312 2141 497 2172 ostendebat
525 2141 695 2177 thesauros,
727 2147 758 2171 et
786 2142 872 2182 regni

208 2190 255 2221 sui
271 2201 356 2232 opes.
380 2190 434 2221 sed
450 2190 580 2227 lumina,
594 2190 659 2221 sive
675 2189 769 2226 oculi,
787 2190 873 2220 nulla

210 2240 274 2271 alia
290 2251 322 2271 re
339 2239 575 2275 adficiebantur,
592 2250 687 2281 quam
710 2245 740 2269 te
764 2239 872 2270 viden-

209 2290 262 2320 do.
286 2297 450 2331 propterea
472 2289 557 2330 quod
584 2299 739 2324 veneram,
756 2299 816 2319 non
839 2296 873 2320 ut

209 2349 283 2381 opes
298 2339 393 2375 illius,
409 2338 463 2369 sed
488 2344 522 2369 ut
544 2338 674 2369 formam
698 2337 870 2375 laudatam,

211 2388 268 2418 hoe
284 2393 331 2419 est
347 2393 388 2424 te,
404 2397 576 2418 cernerem.
622 2388 750 2417 Mlcx'L.

257 2438 330 2468 134.
370 2438 535 2473 Attonitus,
565 2436 640 2477 δια]
682 2435 766 2467 Illud
795 2438 872 2467 into-

210 2489 309 2518 nuisse
330 2486 402 2517 huic
426 2486 494 2516 loco
519 2486 656 2516 alienum
678 2490 737 2516 est.
783 2486 873 2516 Forte

209 2537 380 2571 indoluisse,
403 2535 453 2566 vel
477 2537 651 2574 intepuisse.
706 2535 790 2565 Nam
809 2535 872 2565 Mi-

210 2585 286 2627 cylli
312 2585 390 2616 illud
414 2587 588 2615 intumuisse
618 2595 726 2626 parum
757 2585 872 2626 placet.

211 2634 386 2666 Hmnsms.
433 2634 545 2675 Neque
571 2634 603 2664 in
628 2633 754 2675 Micylli
779 2633 871 2670 notis,

213 2695 314 2726 neque
335 2689 423 2714 textu
447 2683 525 2714 illud
546 2685 722 2714 intumuisse
738 2682 873 2725 repperi.

214 2733 298 2775 quod
314 2739 418 2765 tamen
433 2733 573 2774 impense
589 2733 706 2775 placet,
724 2743 785 2774 pra:
803 2733 874 2764 reli-

938 1155 1008 1197 quis
1021 1168 1026 1185 :
1052 1155 1084 1185 in
1099 1153 1316 1184 affectionibus
1331 1153 1413 1183 enim
1430 1151 1595 1183 vehemen-

937 1205 1065 1235 tioribus
1082 1210 1194 1233 tumere
1208 1208 1328 1244 pectus,
1344 1201 1525 1244 praecordia,
1536 1200 1596 1231 ἃς.

936 1253 1051 1296 passim
1089 1253 1195 1283 Poetae
1224 1252 1358 1293 fingunt.
1396 1250 1467 1281 vide
1495 1250 1596 1292 ipsum

937 1302 1102 1333 Heinsium
1125 1302 1165 1332 ad
1190 1303 1299 1333 Valer.
1322 1303 1409 1333 Flac.
1426 1301 1460 1332 ii.
1479 1302 1550 1331 108.
1567 1306 1599 1330 et

938 1353 1053 1383 Claud.
1071 1352 1109 1383 de
1130 1353 1214 1383 Bell.
1233 1353 1339 1384 Getic.
1357 1353 1433 1383 330.
1450 1351 1494 1382 sic
1515 1351 1596 1381 Nos-

937 1402 1032 1433 terii.
1050 1403 1182 1433 Metam.
1199 1403 1276 1433 508.

1024 1451 1178 1481 Intumuit
1193 1452 1289 1483 Juuo.

937 1501 977 1531 Et
993 1501 1034 1532 iv.
1051 1502 1143 1531 Pont.
1160 1501 1224 1532 xiv.
1243 1502 1297 1531 34.

980 1549 1135 1581 Intumuit
1152 1552 1211 1581 vati
1228 1562 1280 1582 uec
1296 1557 1394 1581 tumen
1410 1551 1503 1580 Ascra
1518 1560 1582 1579 suu.

936 1600 1045 1630 Valer.
1062 1600 1150 1630 Flac.
1168 1601 1210 1630 vi.
1228 1601 1259 1630 2.

979 1650 1020 1679 At
1046 1650 1118 1690 rigi!
1142 1649 1231 1679 isdem
1253 1652 1338 1679 uiuet
1362 1648 1466 1679 Furiis
1483 1647 1596 1678 Gradi—

1024 1709 1087 1733 vus,
1106 1704 1134 1728 et
1146 1700 1211 1728 ucri

982 1745 1076 1777 Corde
1094 1753 1198 1776 tumet.

937 1795 977 1825 Et
992 1795 1036 1826 ita
1050 1795 1103 1825 ille
1120 1795 1299 1836 aliquotieS.
1324 1794 1389 1826 vid.
1407 1794 1445 1824 ad
1462 1795 1524 1836 Ep.
1541 1794 1597 1826 vii.

940 1845 1013 1875 121.
1045 1845 1195 1875 Francius
1220 1844 1369 1880 malebat,
1398 1845 1597 1875 intremuisse.

939 1893 1057 1924 Bmm.

985 1944 1058 1974 136.
1087 1943 1173 1974 Venit
1190 1945 1222 1973 in
1239 1945 1409 1979 arbitrium,
1425 1942 1507 1982 Sicu]v
1531 1943 1599 1974 Hoc

939 1998 997 2029 est,
1014 1993 1081 2035 ipsa
1107 1994 1227 2029 Venus,
1255 2003 1326 2023 cum
1347 1992 1433 2023 stetit
1456 1997 1528 2023 ante
1550 2003 1600 2023 me

935 2043 1076 2085 judicem
1091 2043 1190 2073 nuda.
1215 2043 1260 2073 ita
1277 2042 1360 2073 enim
1383 2041 1490 2073 fabula
1503 2042 1599 2072 tradi-

940 2099 1001 2122 tur.
1050 2092 1198 2133 Cytherca
1224 2098 1329 2122 autem
1355 2091 1464 2122 Venus
1488 2091 1602 2122 dicitur

940 2152 959 2172 a
974 2141 1128 2183 Cytheris,
1155 2140 1238 2183 apud
1263 2151 1358 2181 quam
1381 2140 1516 2171 insulam
1538 2140 1601 2182 pri-

940 2202 1025 2221 mum
1055 2201 1071 2221 e
1101 2190 1180 2221 mari
1211 2189 1348 2226 emersit,
1381 2196 1416 2221 ut
1444 2190 1600 2222 Hesiodus

941 2245 1048 2271 auctor
1063 2245 1122 2271 est.
1168 2241 1297 2270 an..

988 2290 1057 2320 137.
1081 2290 1113 2319 Si
1131 2296 1164 2320 tu
1179 2289 1333 2329 venisses]
1361 2288 1444 2319 Hine
1464 2289 1599 2320 colorem

941 2339 1031 2370 duxit
1046 2339 1167 2369 Seneca
1180 2338 1213 2368 in
1228 2337 1358 2380 Hippol.
1376 2338 1449 2368 661.

984 2389 1015 2419 Si
1039 2400 1107 2419 cum
1129 2394 1255 2428 parente
1282 2388 1434 2418 Creticum
1462 2389 1602 2418 ‘intrasses

1014 2438 1146 2479 fletum,

987 2487 1052 2517 Tibi
1064 2487 1127 2526 filu
1139 2487 1239 2526 potius
1252 2492 1353 2516 nostra
1368 2488 1491 2517 nevisset
1505 2497 1600 2518 soror.

1436 2536 1555 2566 Bonna.

987 2584 1061 2614 138.
1086 2582 1125 2614 In
1145 2584 1299 2624 dubium]
1329 2583 1367 2614 Iu
1395 2585 1484 2615 dubio
1511 2583 1602 2615 malit

942 2632 1106 2675 Micyllus.
1160 2633 1226 2675 Ego
1239 2633 1421 2675 ἀρχαϊσμὸν
1440 2633 1523 2664 hunc
1539 2643 1600 2664 non

942 2688 1057 2714 temere
1072 2683 1139 2714 loco
1160 2693 1312 2719 moveam,
1328 2683 1453 2714 minime
1475 2682 1600 2724 ignarus

941 2731 1105 2772 elegantiae
1135 2731 1287 2764 studiosos
1311 2737 1450 2764 auctores
1472 2733 1505 2763 iu
1528 2742 1599 2763 cum
