1849 3198
217 196 247 240 8
497 217 504 223 ·
603 197 654 239 Ρ.
688 195 900 241 OVIDII
933 194 1214 238 NASONIS

222 312 486 376 Quamque
510 311 600 360 tibi
619 312 810 368 reddat,
838 311 878 359 si
902 318 952 359 te
976 311 1123 359 modo
1146 309 1322 359 viderit
1345 326 1572 374 usquam,

287 389 517 436 Traditur
541 389 655 436 huic
680 388 847 451 digitis
873 389 1046 436 charta
1068 395 1238 436 notata
1260 387 1400 435 meis.

221 466 328 514 Nos
354 466 532 529 Pylon,
559 466 749 529 antiqui
775 465 953 513 Neleia
971 464 1198 513 Nestoris
1223 480 1351 521 arva,

288 542 518 591 Misimus
537 560 547 591 z
586 543 776 590 incerta
799 549 876 590 est
898 542 1029 590 fama
1052 542 1258 590 remissa
1282 541 1427 605 Pylo.

221 619 452 668 Misimus
471 627 521 667 et
538 619 767 684 Sparten.
810 619 988 684 Sparte
1004 635 1205 683 quoque
1220 619 1389 666 nescia
1400 617 1517 665 veri.
1546 620 1608 665 65

289 696 425 751 Quas
450 697 643 744 habitas
667 704 837 753 terras,
864 703 950 744 aut
972 696 1057 743 ubi
1080 697 1242 743 lentus
1268 696 1420 743 abes?

226 773 408 821 Utilius
434 781 623 821 starent
645 773 793 820 etiam
818 789 948 820 nunc
973 773 1154 820 moenia
1178 773 1374 820 Phoebi.

289 851 506 914 (Irascor
529 852 653 899 votis
678 852 774 898 heu
798 852 918 899 levis
943 851 1053 915 ipsa
1075 851 1197 898 meis
1214 851 1249 912 ἱ)

226 928 418 976 Scirem
441 928 526 975 ubi
550 944 796 992 pugnares
815 946 825 986 ;
855 936 905 975 et
928 936 1119 975 tantum
1143 928 1275 975 bella
1297 927 1550 984 timerem3

296 1004 363 1053 Et
385 1022 497 1054 mea
520 1022 633 1053 cum
658 1006 823 1053 multis
843 1007 1019 1069 juncta
1043 1006 1246 1069 querela
1269 1004 1408 1052 foret.
1547 1007 1610 1051 70

225 1080 358 1136 Quid
381 1082 583 1130 timeam
608 1083 776 1146 ignoro
795 1099 804 1130 ε
833 1082 983 1130 timeo
1007 1090 1173 1130 tamen
1192 1082 1356 1130 omnia
1373 1082 1578 1129 demens
1597 1098 1606 1129 :

291 1157 358 1206 Et
380 1166 518 1223 patet
541 1161 590 1207 in
615 1176 757 1208 curas
782 1176 896 1207 area
918 1161 1019 1207 lata
1041 1176 1193 1207 meaS.

226 1236 567 1301 Quaecumque
582 1254 750 1302 aequor
764 1238 929 1295 habet,
943 1253 1270 1302 quaecumque
1286 1237 1507 1301 pericula
1520 1236 1611 1284 tel-

290 1313 414 1361 Tam
437 1314 596 1377 longae
621 1331 823 1362 caussas
849 1315 1072 1379 suspicor
1096 1330 1206 1362 esse
1230 1329 1395 1361 morae.
1495 1314 1609 1375 [lus‚

226 1389 349 1438 Haec
369 1407 460 1454 ego
479 1392 596 1439 dum
616 1393 764 1440 stulte
782 1393 992 1440 meditor
1011 1393 1144 1455 (quae
1162 1397 1326 1438 vestra
1342 1391 1494 1438 libido
1514 1389 1612 1451 est)

293 1467 420 1516 Esse
443 1469 701 1533 peregrino
725 1477 900 1534 captus
926 1485 1090 1517 amore
1110 1475 1267 1532 potes.
1551 1470 1611 1515 76

226 1617 294 1638 rum
307 1607 461 1650 peregrini
476 1614 507 1640 et
525 1608 628 1640 hostes
642 1609 703 1640 cito
718 1609 886 1651 abnaviga-

226 1656 299 1692 turi,
313 1663 348 1688 ut
368 1657 481 1689 dieitur
497 1656 539 1689 vi.
566 1659 696 1690 AEneid.
721 1660 886 1690 Obvertunt

224 1706 329 1747 pelago
348 1717 461 1746 proras,
477 1713 507 1737 et
524 1707 569 1738 ita
589 1707 701 1749 puppis
721 1707 887 1750 appellitur

227 1753 267 1784 ad
292 1752 376 1785 litus.
396 1761 430 1785 ut
450 1761 564 1798 paratae
586 1755 648 1786 sint
662 1766 768 1792 naves,
784 1756 809 1787 si
832 1767 885 1787 ne-

226 1813 312 1833 cesse
334 1803 436 1840 fuerit,
453 1804 492 1834 ad
505 1805 622 1846 sugam.
657 1805 886 1837 PARnrrAsms.

228 1850 284 1882 ins.
301 1852 360 1894 Ep.
375 1852 430 1882 xii.
441 1854 495 1883 23.

270 1899 376 1931 Jussus
393 1902 575 1941 inexpertam
597 1902 715 1933 Colchos
736 1904 888 1934 advertere

310 1952 446 1989 puppim.

272 1998 326 2028 63.
352 1998 412 2028 Nos
429 1999 558 2039 Pylon]
585 1999 655 2041 Pyli
685 2006 746 2031 tres
764 2000 887 2032 fuerunt

228 2045 320 2077 urbes
341 2046 372 2076 in
388 2047 619 2089 Peloponneso:
644 2059 706 2079 uua
726 2048 757 2079 in
773 2050 886 2091 Lepre-

228 2094 310 2125 atica
324 2096 458 2136 regione,
475 2096 536 2127 alia
551 2097 582 2127 in
600 2108 653 2128 ora
668 2097 759 2128 Pisea
774 2099 813 2129 ad
828 2099 885 2129 Al-

227 2143 342 2185 pheum
353 2144 477 2180 flumen,
485 2145 574 2175 tertia
583 2146 615 2176 in
622 2146 792 2177 Messenia.
801 2147 886 2178 Am.

275 2192 383 2222 Nele'ia
396 2193 500 2234 arva.]
525 2194 705 2236 Appositi03
728 2195 759 2226 in
775 2196 887 2237 quibus

228 2241 348 2273 Neleus
367 2241 517 2283 regnavit,
533 2244 586 2284 qui
608 2244 663 2274 xii.
689 2244 766 2275 filios
784 2256 885 2276 susce-

228 2289 284 2332 pit,
300 2300 338 2320 ex
363 2290 476 2332 quibus
500 2298 620 2323 tanturn
646 2294 758 2324 Nestor
782 2305 886 2336 super-

226 2344 290 2369 stes
305 2339 429 2370 mansit.
461 2340 555 2371 Hom.
578 2342 742 2373 XLIliad.
769 2343 887 2374 C1orA-

229 2397 305 2419 Nos.
342 2388 419 2419 V1d.
435 2388 555 2421 Auson.
569 2391 709 2422 Perioch.
727 2392 827 2434 Odys.
841 2393 885 2429 II,

228 2434 293 2467 111.

274 2486 400 2525 Antiqui
412 2485 572 2528 Nestoris]
592 2487 684 2523 Quod
701 2488 758 2519 tria
771 2490 885 2521 saecula

229 2531 324 2563 vixit:
343 2533 434 2564 Unde
451 2536 489 2565 ab
501 2534 586 2566 Attio
603 2538 805 2568 trisaeclisener
820 2538 884 2569 dic-

230 2587 279 2612 tus
291 2588 349 2612 est.
387 2583 463 2613 vid.
480 2584 647 2616 Observat.
659 2586 691 2616 in
706 2586 761 2617 lib.
779 2588 884 2618 Fasto-

229 2641 310 2660 rum.
336 2632 384 2661 De
397 2632 526 2664 Nestore
542 2633 585 2664 sic
597 2634 740 2676 Hyginus
751 2646 820 2677 cap.
837 2638 885 2668 10.

232 2677 348 2710 Chloris
371 2682 401 2710 rin
429 2682 500 2711 urbe
525 2682 586 2712 Soti
612 2685 783 2723 Amphionis
802 2686 886 2726 filia,

228 2738 290 2766 qua:
314 2738 347 2758 er
367 2736 471 2768 septem
492 2738 694 2769 superaverat.
730 2733 819 2763 Hanc
835 2735 885 2765 ha-

954 1610 1018 1639 buit
1042 1610 1074 1639 in
1099 1609 1254 1649 conjugem
1278 1607 1388 1638 Neleus
1404 1606 1614 1646 Hippocoontis

943 1660 1046 1699 filius.
1088 1659 1134 1688 Er
1155 1670 1213 1698 qua
1224 1669 1345 1697 procrea
1352 1659 1392 1687 vit
1407 1658 1520 1693 liberos,
1535 1670 1611 1688 mas-

953 1709 1033 1738 culos
1049 1710 1214 1738 duodecim.
1254 1707 1400 1737 Hercules
1415 1718 1481 1737 cum
1499 1708 1611 1749 Pylum

952 1763 1146 1799 expugnaret,
1164 1756 1291 1787 Neleum
1310 1755 1471 1798 interfecit,
1487 1763 1515 1786 et
1527 1758 1613 1797 filios

953 1808 1015 1847 ejus
1039 1808 1148 1837 decem.
1196 1805 1378 1836 Undecimus
1401 1812 1498 1836 autem
1524 1806 1611 1836 Peri-

954 1857 1110 1896 clymenes,
1131 1855 1267 1895 beneficio
1291 1855 1426 1894 Neptuni
1444 1857 1492 1885 ari
1514 1858 1546 1886 in
1568 1857 1611 1886 A·

954 1906 1041 1944 quilae
1050 1904 1176 1946 effigiem
1187 1915 1274 1934 comm
1280 1909 1391 1939 utatus,
1402 1910 1522 1935 *mortem
1533 1905 1610 1947 effu-

952 1955 1009 1995 git.
1053 1954 1133 1984 Nam
1158 1954 1348 1983 duodecimus
1373 1952 1480 1983 Nestor
1498 1956 1531 1984 in
1554 1954 1613 1985 Ilio

953 2009 1028 2039 erat,
1039 2005 1090 2043 qni
1100 2004 1160 2033 tria
1170 2004 1276 2033 soecula
1286 2003 1388 2032 'vixisse
1397 2004 1511 2033 dicitur
1521 2005 1610 2044 Apol·

954 2052 1024 2082 linis
1038 2052 1186 2093 beneficia.
1218 2051 1297 2081 Nam.
1312 2062 1379 2091 quos
1394 2063 1485 2082 annos
1498 2053 1613 2084 Chloris

953 2107 981 2131 et
1003 2101 1148 2142 fratrum
1170 2101 1274 2140 Apollo
1302 2102 1465 2140 eripuerat,
1494 2102 1612 2134 Nestori

953 2152 1103 2181 concessit.
1142 2150 1283 2181 CIOFAN.

997 2200 1049 2230 65.
1075 2199 1232 2238 Sparten]
1268 2198 1424 2229 Lucianus
1446 2198 1477 2230 in
1503 2200 1612 2232 Chari-

953 2247 1055 2284 demo,
1068 2248 1169 2279 Ulixis
1184 2247 1281 2277 filium
1296 2248 1334 2278 ad
1346 2249 1527 2280 Menelaum
1542 2262 1610 2293 per-

954 2303 1111 2327 contatum
1127 2296 1165 2327 de
1180 2303 1266 2339 patre
1281 2296 1400 2327 venisse
1415 2298 1532 2329 scribit.

997 2347 1051 2377 68.
1069 2346 1215 2386 Irascor]
1244 2346 1337 2377 Hunc
1360 2358 1481 2378 versum
1500 2360 1608 2390 paren-

954 2395 1032 2426 thesi
1048 2395 1249 2434 inclusimus3
1278 2403 1312 2426 ut
1334 2397 1495 2438 sequentia
1510 2399 1612 2440 aptius

952 2444 1152 2475 cohaerercnt.

996 2493 1049 2523 73.
1068 2494 1265 2533 Qum-umque
1279 2495 1414 2533 pericula
1432 2496 1551 2536 tellus]
1573 2496 1607 2527 ἁ-

952 2543 1093 2584 ναφορὰ.
1130 2543 1271 2573 Cror'AN.

995 2592 1048 2622 75.
1068 2591 1140 2626 er
1164 2598 1260 2621 vestra
1286 2592 1405 2632 libido]
1432 2592 1531 2624 Recte
1555 2604 1608 2625 ex·

952 2645 1070 2680 ponunt
1084 2639 1264 2681 interpretes
1276 2641 1314 2670 de
1330 2640 1456 2671 libidine
1471 2641 1607 2672 omnium

956 2687 1143 2723 maritorum,
1159 2699 1235 2729 quos
1258 2688 1307 2719 hic
1328 2689 1481 2731 Penelope
1497 2691 1608 2730 tangit.

955 2735 1031 2765 Vid.
1061 2742 1092 2766 ct
1117 2737 1238 2767 Passer.
1264 2737 1304 2767 ad
1332 2737 1458 2780 Proper.
1481 2738 1537 2769 lib.
1563 2738 1610 2770 iii.
