1849 3198
556 191 841 235 AMORUM
873 190 994 232 LIB.
1029 189 1120 231 III.
1153 191 1221 231 10.

1515 189 1600 230 429

204 307 257 354 Si
282 314 450 354 tamen
475 308 670 379 esnobis
696 306 902 369 aliquid,
930 305 1023 351 nisi
1050 320 1228 351 nomen
1254 311 1304 352 et
1328 304 1518 358 umbra,

267 384 474 442 Restat·5
496 384 558 430 'in
584 383 756 446 Elysia
779 382 905 429 valle
929 381 1155 427 Tibullus
1180 381 1287 427 erit.
1521 383 1585 428 60

203 460 394 508 Obvius
420 452 534 507 huic
560 459 745 513 venias,
772 458 959 505 hedera
981 457 1219 519 juvenilia
1243 457 1435 503 cinctus

266 536 529 600 Tempora,
557 552 670 582 cum
699 534 871 589 Calvo,
898 533 1045 579 docte
1072 533 1287 588 Catulle,
1315 540 1417 579 tuo.

200 612 276 659 Tu
303 629 506 676 quoque
531 612 594 675 (si
620 612 799 659 falsum
824 618 901 658 est
924 610 1151 657 temerati
1178 609 1364 656 crimen
1389 609 1557 669 amici)

269 689 535 752 Sanguinis
561 696 712 752 atque
738 688 914 735 animae
940 687 1145 751 prodige
1173 687 1316 733 Galle
1341 693 1455 732 tuae.

203 766 295 812 His
321 783 488 813 comes
514 767 689 813 umbra
713 772 800 812 tua
824 772 923 821 est3
964 764 1005 810 si
1032 764 1152 826 quid
1186 763 1333 810 modo
1369 763 1590 825 corporis

399 844 576 890 umbra
599 850 691 889 est.

1529 842 1591 885 65

266 920 466 966 Auxisti
491 935 739 974 numeros,
767 918 898 965 culte
923 917 1136 972 Tibulle,
1165 917 1291 980 pios,

202 996 332 1043 Ossa
357 997 541 1059 quieta,
567 1011 757 1059 precor,
784 996 893 1042 tuta
920 994 1218 1057 requiescite
1245 994 1293 1040 in
1322 994 1469 1039 urnii:

270 1072 335 1120 Et
359 1073 423 1119 sit
447 1074 626 1120 humus
652 1072 804 1119 cineri
829 1088 926 1119 non
953 1088 1162 1118 onerosa
1184 1079 1285 1118 tuo.

689 1356 992 1405 ELEGIA
1040 1357 1103 1404 X.

202 1464 382 1509 Annua
404 1470 644 1509 venerunt
670 1462 892 1510 Cerealis
916 1469 1142 1525 tempora
1165 1461 1308 1507 sacri.

271 1540 491 1587 Secubat
515 1540 562 1585 in
588 1555 744 1586 vacuo
770 1540 875 1585 sola
898 1539 1064 1603 puella
1088 1545 1210 1585 toro.

204 1617 354 1664 Flava
379 1617 551 1671 Ceres,
578 1624 753 1664 tenues
780 1617 930 1680 spicis
953 1616 1180 1663 redimita
1204 1615 1426 1678 capillov,

269 1693 372 1740 Cur
397 1693 591 1740 inhibes
617 1694 770 1740 sacris
796 1693 1059 1740 commoda
1082 1699 1251 1738 nostra
1274 1692 1402 1738 tuis?

244 1837 296 1872 63,
316 1836 358 1867 Tu
375 1848 485 1877 qnoque
500 1839 524 1867 si
537 1848 635 1867 rerum
649 1837 718 1877 est.]
747 1837 864 1868 Mirum

200 1892 247 1916 est
276 1896 371 1927 quam
400 1885 524 1916 diversa
559 1885 598 1916 de
636 1885 728 1927 hujus
757 1886 862 1916 Poetae

201 1941 299 1965 morte
313 1935 438 1965 tradant
453 1940 584 1965 veteres.
632 1935 746 1965 Noster
762 1934 816 1965 lib.
832 1934 863 1965 ii.

200 1984 347 2015 Tristium
364 1985 436 2015 496.
453 1994 596 2014 caussam
604 1983 647 2014 ait
659 1984 763 2018 fuisse,
780 1984 862 2024 quod

201 2034 337 2074 lingnam
354 2035 445 2063 nimio
459 2044 537 2062 mero
554 2045 609 2063 non
625 2035 766 2063 tenuerit.
780 2032 863 2073 quod

202 2083 323 2113 Marius
339 2082 378 2113 ad
393 2082 450 2112 lib.
467 2081 489 2112 i.
508 2082 613 2112 Amor.
629 2081 718 2122 Eleg.
738 2083 785 2112 15.
809 2092 862 2112 ex-

201 2131 310 2173 plicat,
328 2131 410 2172 quod
435 2130 516 2161 male
540 2130 580 2160 de
603 2130 748 2171 Augusto
772 2129 864 2160 suerit

201 2180 334 2210 locutus.
358 2179 410 2210 alii
436 2185 561 2209 narrant
587 2189 728 2209 caussam
758 2178 864 2213 fuisse,

201 2228 285 2270 quod
302 2229 440 2270 AEgypto
454 2228 631 2270 praefectus,
647 2238 759 2258 nomen
775 2238 864 2257 suum

201 2284 232 2309 et
247 2289 295 2308 res
310 2283 414 2319 gestas
429 2277 648 2319 pyramidibus
663 2276 862 2318 inscripserit,

203 2327 253 2358 vel
290 2327 374 2368 quod
412 2328 599 2368 AEgyptum,
638 2332 669 2356 et
708 2325 865 2367 praecipue

201 2375 337 2411 Thebas,
353 2375 469 2417 rapinis
483 2374 673 2406 exhauserit.
689 2373 772 2415 quod
796 2384 867 2404 vero

203 2424 271 2455 haec
287 2424 392 2455 Po'etae
409 2424 503 2454 verba
518 2423 644 2464 capiant
657 2422 695 2453 de
711 2422 866 2462 AugustO,

204 2484 298 2515 quem
314 2474 403 2503 amici
418 2472 540 2503 nomine
553 2473 652 2502 Po'e'ta
665 2473 799 2502 temerati
812 2471 865 2501 de-

203 2522 354 2564 signaret,
376 2533 436 2552 non
459 2521 660 2563 persuadent.
678 2531 779 2562 neque
803 2526 866 2550 tam

203 2571 348 2602 familiari
364 2571 573 2613 appellatione
590 2571 749 2601 Nasonem
764 2569 866 2610 desig-

205 2619 327 2650 navisse
349 2619 526 2659 Augustum
551 2619 700 2649 credibile
726 2624 785 2649 est.
812 2618 867 2648 sed

204 2675 286 2700 recte
303 2668 421 2710 aliquid
437 2668 670 2699 inimicitiarum
686 2667 766 2698 inter
789 2667 866 2698 Gal-

204 2718 268 2749 lum
283 2724 314 2748 et
328 2717 488 2749 Tibullum
504 2718 712 2749 intercessisse
729 2717 866 2759 suspica-

932 1843 980 1868 tur
1008 1836 1147 1878 Scaliger
1175 1836 1215 1866 ad
1252 1834 1380 1865 Eusebii
1418 1834 1532 1864 Chron.
1559 1846 1592 1865 n.

934 1898 1111 1917 mmccccxe.
1128 1897 1220 1927 quern
1245 1890 1327 1915 recte
1355 1883 1473 1925 cepisse
1502 1891 1592 1924 puta-

931 1946 1011 1966 mus.
1025 1935 1107 1976 quod
1125 1934 1150 1964 si
1166 1934 1283 1964 crimen
1306 1933 1419 1962 salsum
1442 1939 1499 1968 est,
1515 1938 1593 1967 tum,

931 1985 1018 2015 Naso
1032 1983 1121 2019 dicit,
1138 1994 1209 2013 eum
1233 1983 1312 2013 inter
1336 1982 1501 2012 Poetarum
1526 1993 1593 2012 um-

931 2034 1001 2064 bras
1033 2033 1127 2063 etiam
1164 2032 1290 2062 Tibullo
1327 2041 1536 2061 occursurum.
1568 2032 1593 2060 si

932 2093 1002 2113 vero
1016 2092 1123 2112 verum
1143 2081 1182 2111 sit
1205 2080 1333 2115 crimen,
1349 2090 1420 2110 eum
1444 2079 1593 2110 removeri

931 2131 998 2162 vult
1013 2141 1031 2161 a
1044 2130 1161 2161 Tibulli
1177 2129 1340 2171 adspectu.
1368 2130 1488 2159 Buniu.

980 2227 1006 2257 l.
1023 2228 1134 2258 Annua
1152 2233 1295 2257 venerunt
1311 2225 1390 2265 ὅκα]
1430 2224 1533 2256 Ludos
1548 2226 1594 2256 in-

933 2276 1018 2307 dicat
1039 2277 1092 2318 qui
1119 2277 1228 2307 Romae
1255 2286 1442 2317 unoquoque
1468 2285 1549 2305 anno
1576 2286 1594 2305 a

933 2326 1081 2356 matronis
1096 2332 1127 2356 et
1142 2325 1324 2366 virginibus,
1340 2336 1357 2355 v
1374 2323 1424 2354 ld.
1441 2323 1542 2365 April.
1563 2324 1595 2354 in

934 2374 1080 2405 honorem
1108 2375 1229 2405 Cereris
1253 2374 1507 2404 celebrabantur:
1533 2384 1595 2414 quo

934 2428 1083 2464 tempore,
1098 2423 1242 2453 mulieres
1256 2422 1448 2452 secubabant
1470 2432 1488 2451 a
1511 2420 1595 2456 viris,

934 2471 1047 2513 quibus
1062 2483 1100 2502 ne
1117 2471 1219 2502 aditus
1233 2471 1360 2512 quidem
1377 2470 1415 2500 ad
1426 2470 1592 2500 sacrarium

934 2521 1013 2551 Deae
1029 2521 1167 2562 patebat.
1190 2519 1281 2557 Quod
1294 2529 1389 2560 quum
1403 2529 1462 2547 non
1474 2519 1594 2558 aequius

934 2569 1026 2599 ferret
1052 2569 1148 2604 Naso,
1177 2579 1271 2610 quam
1299 2567 1475 2608 Propertius
1502 2567 1595 2597 Isidis

935 2618 1014 2649 festa
1028 2618 1078 2659 (ii,
1096 2619 1186 2658 Eleg.
1203 2616 1308 2657 xxiv.)
1324 2616 1355 2647 in
1379 2616 1525 2646 Cererem
1549 2616 1593 2645 sic

935 2666 1103 2698 invehitur.
1151 2667 1268 2697 Anum.
