1849 3198
609 252 951 296 HEROIDES.
986 254 1076 295 ΕΡ.
1110 254 1246 297 VIII.
1562 257 1619 298 97

234 363 458 414 Praebuit
481 367 662 415 AEneas
687 374 737 415 et
760 384 988 415 caussam
1013 370 1183 417 mortis
1208 379 1258 419 et
1282 387 1468 432 ensem.
1527 375 1615 421 195

298 443 417 508 Ipsa
440 445 529 492 sua
555 445 687 492 Dido
712 446 931 494 concidit
954 463 1045 495 usa
1067 462 1232 495 manu.

659 717 1006 767 EPISTOLA
1042 720 1191 768 VIII.

545 818 943 860 HERMIONE
996 820 1306 862 ORESTAE.

229 907 510 972 [Adloquor
535 909 806 958 Hermione
831 926 989 974 nuper
1012 910 1314 975 fratremque
1339 911 1614 976 virumque,

296 985 343 1033 N
349 1003 444 1034 unc
469 986 695 1045 fratrem3
736 1004 916 1035 nomen
943 990 1168 1052 conjugis
1194 991 1317 1038 alter
1341 991 1533 1052 habet]

227 1120 266 1151 ad
286 1121 394 1152 Valer.
412 1122 501 1154 Max.
517 1122 538 1154 i.
554 1134 583 1154 v.
598 1129 629 1154 et
644 1122 710 1153 viii.
728 1123 759 1153 3.
782 1123 887 1153 ΗΕῙΝ-

227 1183 307 1202 sms.
365 1171 446 1203 Vide
474 1173 560 1204 Clar.
588 1172 784 1203 Perizonium
813 1173 886 1203 Dis-

225 1226 333 1251 sertat.
350 1221 370 1251 i.
386 1233 418 1263 p.
440 1223 488 1253 18.

274 1271 346 1301 194.
380 1272 530 1312 Tantali]
567 1271 676 1302 Codex
704 1271 888 1302 chartaceus

228 1319 300 1350 Car.
322 1321 452 1352 Strozzae
482 1323 578 1352 tituli.
618 1321 739 1352 Titulus
766 1326 812 1352 est
840 1321 886 1352 in-

226 1370 365 1411 scriptio.
382 1371 456 1402 Am.
472 1371 504 1402 ii.
522 1371 577 1402 xii.
590 1372 643 1402 25.

271 1420 424 1459 Adjiciam
448 1422 572 1451 titulum
589 1426 705 1451 servata
726 1419 805 1450 Naso
833 1420 887 1450 Co-

313 1471 417 1500 rinna.

228 1518 309 1548 Met.
326 1519 369 1549 xi.
387 1520 461 1550 429.
476 1530 513 1550 ex
530 1520 623 1549 MSS.

273 1568 313 1598 Et
324 1580 395 1608 saepe
407 1571 438 1600 in
452 1571 551 1600 titulis
561 1570 624 1598 sine
637 1578 755 1607 corpore
768 1569 889 1598 nomina

315 1618 384 1659 legi.
728 1617 846 1648 mes.

228 1666 288 1697 Sed
305 1667 419 1698 rectius
442 1679 571 1697 marmor
591 1668 702 1697 tumuli
723 1666 785 1697 dici
803 1672 889 1708 puto.

227 1726 299 1746 cum
315 1717 423 1747 titulus
437 1718 591 1746 marmoris
608 1716 722 1758 potius,
739 1726 832 1757 quam
850 1718 889 1747 ti-

228 1767 288 1795 tali
311 1777 440 1795 marmor
466 1764 633 1796 dicendum
656 1771 747 1801 esset,
763 1770 795 1794 et
817 1764 889 1795 Vir-

227 1814 294 1855 gilii
317 1814 402 1845 locus
425 1815 464 1845 ab
488 1814 558 1845 aliis
580 1813 758 1855 productuS,
775 1816 890 1844 tumulo

227 1866 419 1904 superaddite
441 1875 572 1900 carmen,
588 1864 662 1894 satis
685 1863 744 1894 hoc
761 1863 888 1894 evincit.

228 1913 342 1954 passim
358 1924 431 1944 vero
445 1912 614 1955 permutari
630 1923 648 1943 a
663 1912 796 1942 librariis
812 1915 887 1943 tita-

229 1963 291 1992 Ium
303 1969 334 1993 et
348 1965 496 1993 tumulum
510 1962 685 1993 videbimus
697 1962 737 1992 ad
751 1961 794 1992 xi.
807 1963 889 1993 Met.

229 2014 305 2044 429.
352 2014 470 2044 Bunm.

275 2064 347 2094 195.
378 2064 511 2094 Pra’buit
548 2063 659 2093 AEneas
692 2068 720 2093 et
757 2073 889 2093 caussam

227 2115 330 2143 mortis
351 2119 379 2144 et
393 2124 501 2144 ensem.
547 2112 616 2152 Ipsa
637 2123 690 2142 sua
717 2112 798 2142 Dido
820 2124 888 2143 con-

227 2165 302 2193 cidit
318 2163 501 2204 usa‚manu.]
521 2162 650 2204 Repetit
662 2161 719 2193 hoc
732 2162 887 2193 distichon

229 2213 282 2244 lib.
293 2213 339 2244 iii.
374 2214 619 2245 Fastorum549.
644 2213 684 2243 Et
696 2212 740 2243 iii.
757 2214 809 2243 39.
834 2212 885 2242 De

229 2262 306 2294 Arte
334 2263 416 2294 hanc
442 2263 574 2293 eandem
597 2261 747 2304 expressit
765 2267 888 2292 senten-

228 2312 314 2349 tiam,
330 2312 383 2343 ubi
399 2312 443 2343 ita
458 2318 520 2343 est:

275 2362 315 2392 Et
328 2363 449 2404 famam
466 2364 585 2402 pietatis
601 2362 695 2397 habet,
714 2367 810 2391 tamen
827 2361 887 2390 lws-

357 2423 405 2451 pes
421 2419 449 2442 et
461 2422 555 2442 ensem

319 2461 463 2497 Prffbuic,
481 2467 507 2491 et
517 2472 648 2491 caussam
672 2461 772 2490 mortis
798 2459 893 2489 Elissa

361 2516 431 2539 taff.
759 2508 851 2539 CloF.

231 2558 393 2590 Sententia
407 2570 444 2590 ex
462 2559 548 2594 Jure,
565 2570 626 2600 quo
649 2557 799 2589 occidisse
816 2557 893 2588 dici-

233 2614 292 2645 tur,
308 2608 362 2650 qui
384 2608 490 2639 mortis
504 2618 645 2639 caussam
665 2607 810 2649 praebuit.
827 2607 891 2648 leg.

232 2659 287 2689 51.
304 2658 338 2688 ff.
353 2657 392 2688 ad
418 2658 454 2689 L.
471 2658 581 2700 Aquil.
599 2663 629 2688 et
653 2657 673 2688 i.
692 2658 741 2688 15.
757 2656 796 2687 ad
818 2657 893 2698 Leg.

233 2706 361 2738 Cornel.
378 2707 417 2738 de
433 2707 529 2738 Sicar.
545 2713 577 2737 et
592 2706 664 2737 hinc
679 2706 811 2737 totiesin
827 2706 893 2736 De-

234 2755 481 2793 clamationibus,
509 2757 638 2798 quinam
672 2766 781 2787 caussa
812 2765 892 2785 mor-

235 2807 273 2838 tis
297 2806 390 2838 fuisse
414 2807 545 2842 dicatur,
563 2805 768 2848 disceptatur.
814 2804 891 2835 Vid.

321 2859 421 2892 VOL.
445 2861 473 2892 Ι.

956 1123 1108 1160 Quinctil.
1118 1124 1211 1155 Decl.
1223 1125 1325 1160 cclxx.
1336 1125 1497 1157 cclxxxix.
1505 1126 1617 1158 ccxcii.

955 1178 986 1203 et
1001 1172 1089 1204 alibi.
1136 1174 1255 1205 Burni.

968 1284 971 1288 ’
1000 1273 1028 1303 1.
1052 1273 1226 1314 Alloquor]
1245 1274 1318 1303 Non
1334 1272 1535 1304 inveniuntur
1550 1273 1616 1304 haee

955 1321 985 1351 in
1003 1322 1138 1363 antiquis
1161 1322 1399 1364 exemplaribus,
1416 1322 1471 1352 sed
1494 1323 1619 1354 omnino

956 1370 1003 1401 his
1022 1371 1133 1402 ablatis
1156 1372 1261 1402 nescio
1277 1371 1353 1413 quid
1377 1371 1617 1403 desideraretur.

956 1420 1171 1451 Nauossnrus.
1219 1421 1321 1451 Etiam
1347 1420 1402 1451 hos
1424 1431 1530 1451 versus
1548 1426 1620 1452 sunt

956 1470 1009 1511 qui
1026 1470 1110 1500 velut
1123 1470 1232 1501 nothos
1247 1470 1398 1511 rejiciant,
1412 1475 1443 1500 et
1453 1470 1616 1501 omittant:

957 1519 1040 1560 quod
1056 1520 1202 1561 equidem
1226 1519 1330 1555 miror,
1346 1530 1417 1549 cum
1433 1525 1464 1549 et
1481 1518 1618 1561 proposi-

956 1568 1071 1599 tionem
1087 1569 1234 1610 Epistolae
1252 1568 1443 1604 contineant,
1457 1573 1489 1598 et
1509 1568 1619 1598 iisdem

957 1617 1076 1648 omissis
1098 1618 1237 1660 Epistola
1259 1618 1326 1660 ipsa
1348 1618 1442 1659 plane
1458 1616 1619 1658 ἀκέφαλος

957 1666 1162 1708 relinquatur.
1209 1669 1314 1704 Quare
1340 1673 1371 1698 et
1398 1677 1453 1698 nos
1479 1667 1618 1708 quidem,

956 1716 1033 1747 Aldi
1049 1717 1264 1747 auctoritatem
1278 1716 1413 1757 sequuti,
1425 1715 1508 1757 apud
1525 1726 1619 1757 quem

956 1764 1040 1796 idem
1063 1765 1211 1807 Epistolae
1235 1765 1327 1807 hujus
1350 1764 1537 1806 principium
1562 1770 1619 1801 est,

957 1814 1104 1856 integraS‚
1121 1826 1157 1846 ac
1173 1826 1228 1845 suo
1245 1815 1313 1845 loco
1328 1814 1472 1844 immotas
1488 1813 1617 1855 reliqui-

957 1875 1036 1895 mus.
1082 1865 1229 1895 Ceterum
1244 1869 1278 1894 ut
1301 1863 1359 1893 hoc
1376 1866 1550 1905 παρεργῶς
1565 1863 1620 1893 ad-

957 1915 1087 1951 damus;
1110 1913 1262 1943 familiare
1286 1912 1401 1943 Ovidio
1424 1917 1471 1942 est
1495 1922 1514 1942 a
1535 1912 1619 1954 prin-

956 1963 1038 2005 cipio
1068 1962 1286 2004 Epistolarum,
1316 1967 1348 1992 et
1374 1960 1450 1991 item
1488 1960 1619 1991 aliarum

956 2012 1146 2053 Elegiarum,
1162 2021 1276 2053 ponere
1299 2010 1456 2041 distichon
1479 2010 1619 2052 aliquod,

956 2061 1039 2103 quod
1067 2071 1217 2091 summam
1254 2058 1429 2100 argumenti
1459 2058 1620 2101 quandam

956 2115 1119 2152 proponat.
1150 2109 1194 2139 sic
1222 2109 1373 2139 hactenus
1402 2108 1434 2138 in
1462 2107 1619 2150 plerisque

957 2159 1096 2202 epistolis
1111 2158 1228 2189 factum
1245 2158 1399 2189 videmus.
1424 2157 1468 2189 sic
1492 2157 1566 2188 alibi
1587 2157 1620 2188 in

957 2209 1124 2245 amoribus,
1142 2214 1177 2239 ut
1193 2208 1231 2239 de
1247 2213 1345 2239 morte
1361 2207 1508 2239 Psittaci:

1001 2259 1163 2294 Psittacus,
1188 2258 1257 2289 Eois
1281 2259 1343 2289 ales
1365 2258 1437 2288 mihi
1459 2259 1562 2288 missus
1584 2258 1621 2287 ab

1084 2307 1181 2344 Indis,

1045 2359 1175 2394 Occidit,
1204 2358 1351 2398 exsequias
1379 2358 1420 2387 ite
1438 2355 1620 2398 fvequenter

1084 2418 1160 2438 alles·

961 2458 1002 2487 Et
1017 2456 1047 2487 in
1065 2457 1174 2488 Nuce:

1007 2507 1075 2537 Νιη
1098 2518 1150 2548 ego
1164 2507 1280 2546 juncta
1303 2506 1368 2541 viae,
1391 2515 1459 2534 ωιτη
1483 2505 1534 2534 sim
1559 2505 1622 2534 sine

1088 2556 1212 2586 crimine
1224 2556 1303 2591 vitaz,

1047 2606 1071 2635 A
1084 2605 1190 2644 populo
1205 2605 1281 2634 santis
1293 2607 1492 2643 praetereunte
1504 2606 1599 2640 petor.

959 2653 1021 2685 Sed
1046 2654 1113 2685 liaec
1142 2654 1305 2684 hactenus.
1340 2652 1531 2682 MrcYLLus.
1577 2649 1619 2679 Hi

960 2704 1022 2734 duo
1051 2713 1156 2734 versus
1182 2712 1244 2732 non
1272 2704 1345 2732 sunt
1368 2700 1400 2730 in
1423 2699 1481 2730 lib.
1510 2697 1618 2729 Vatic.

961 2762 1062 2793 neque
1086 2751 1117 2782 in
1140 2750 1220 2787 aliis,
1246 2761 1324 2792 quos
1349 2748 1426 2784 vidi,
1452 2746 1620 2779 veteribus.

961 2802 1144 2833 CIOFANUS.
1182 2800 1320 2831 Primum
1336 2799 1394 2830 hoc
1410 2797 1563 2829 distichon
1580 2795 1619 2826 ab

1077 2855 1106 2885 H
