1849 3198
235 170 320 212 238

626 170 676 211 P.
712 169 925 211 OVIDII
959 168 1239 211 NASONIS

238 286 358 334 Tale
384 286 503 334 nihil
527 286 706 342 time03
749 285 836 332 sed
861 301 953 333 nec
979 284 1165 332 Medea
1188 285 1412 333 timebat.

304 363 510 410 Fallitur
534 362 736 425 augurio
763 379 877 426 spes
902 363 1033 410 bona
1057 378 1192 426 saepe
1217 379 1323 410 suo.

241 440 486 487 Omnibus
501 440 736 496 invenies,
754 456 866 503 quae
883 455 1013 486 nunc
1033 441 1285 502 jactantur
1309 440 1358 486 in
1374 440 1488 496 alto,
1526 442 1622 488 235

306 517 530 564 Navibus
557 534 585 564 a
609 525 754 581 portu
778 518 890 565 lene
918 517 1069 564 fuisse
1094 517 1289 565 fretum.

240 594 345 642 Fax
371 611 572 658 quoque
597 610 676 641 me
700 601 874 642 terret:
913 610 1064 657 quam
1090 610 1142 641 se
1168 594 1423 658 peperisse
1450 611 1623 643 cruen-

304 671 436 719 Ante
462 672 594 719 diem
619 672 788 735 partus
814 678 890 719 est
914 679 1001 719 tua
1023 673 1129 719 visa
1152 689 1348 736 parens.

1501 674 1624 735 [tam

240 748 307 796 Et
335 756 501 796 vatum
526 749 676 796 timeo
703 749 918 795 monitus
939 766 947 796 :
989 765 1115 812 quos
1140 750 1254 812 igne
1279 750 1493 813 Pelasgo

306 825 432 872 Ilion
459 842 678 873 arsuram
703 826 1060 889 praemonuisse
1081 825 1258 874 ferunt.

1529 830 1626 874 240

241 902 413 966 thue
438 903 568 951 favet
595 904 848 968 Cytherea
871 905 977 960 tibi,
1006 904 1125 967 quia
1148 904 1280 960 vicit,
1308 904 1561 967 habetque

305 980 458 1028 Parta
480 998 570 1045 per
594 982 849 1029 arbitrium
875 982 993 1030 bina
1016 989 1204 1046 tropaea
1227 989 1396 1039 tuum3

242 1058 324 1106 Sic
350 1059 458 1105 illas
483 1075 654 1106 vereor
674 1077 684 1117 3
726 1076 857 1123 quae,
886 1060 926 1106 si
951 1067 1038 1106 tua
1063 1060 1218 1122 gloria
1240 1075 1356 1107 vera
1380 1067 1472 1116 est,

305 1135 335 1182 J
341 1136 484 1183 udice
510 1143 559 1183 te
584 1153 814 1183 caussam
839 1153 938 1183 non
963 1144 1167 1184 tenuere
1192 1137 1320 1183 duae.

241 1212 349 1261 Nec
375 1213 564 1269 dubito,
593 1214 730 1276 quin,
757 1221 806 1261 te
833 1214 873 1260 si
898 1230 1187 1277 prosequar,
1216 1230 1353 1261 arma
1376 1220 1626 1277 parentur.

307 1290 409 1337 Ibit
432 1307 521 1354 per
545 1291 736 1353 gladios
762 1291 865 1354 (hei
890 1290 1057 1352 mihi!>
1083 1297 1250 1338 noster
1274 1308 1425 1338 amor.

1532 1293 1628 1337 246

239 1366 318 1414 An
343 1367 445 1415 fera
471 1368 734 1416 Centauris
761 1369 979 1416 indicere
1004 1369 1136 1416 bella
1160 1369 1323 1432 coegit

307 1445 502 1493 Atracis
530 1445 816 1494 Haemonios
843 1446 1183 1512 Hippodamia
1202 1448 1330 1494 viros
1348 1447 1365 1494 ?

284 1687 332 1718 Sic
351 1687 464 1718 Helene
472 1689 580 1725 doleat,
593 1691 764 1730 dejectaque
775 1693 901 1732 conjuge

324 1738 433 1776 ploret.

241 1785 291 1816 Ita
306 1786 417 1818 Cicero
437 1792 469 1817 et
488 1787 595 1819 Livius
620 1799 702 1830 saepe
718 1795 847 1820 utuntur
862 1789 901 1820 de

241 1834 289 1871 iis,
304 1835 357 1877 qui
377 1836 566 1878 dejiciuntur
582 1837 761 1869 honoribus.
784 1839 846 1869 vid.
863 1838 902 1869 ad

241 1885 301 1927 Ep.
318 1886 389 1927 Sap.
406 1885 451 1916 iii.
469 1887 521 1917 20.
568 1887 687 1917 Bunm.

285 1935 359 1965 232.
386 1934 455 1965 Non
478 1934 565 1975 Ips6a
587 1936 725 1977 parens]
753 1936 902 1977 Scaliger,

243 1983 313 2014 Non
339 1984 469 2024 Hypsaea
496 1996 613 2024 parens,
643 1986 781 2027 legebat.
813 1986 903 2018 DAN.

242 2032 412 2063 Hmssms.
457 2033 571 2070 Nemo,
588 2035 671 2076 quod
691 2035 798 2071 sciam,
821 2041 904 2067 vete-

242 2092 310 2112 rum
325 2082 380 2112 dat
391 2082 516 2124 Ipseam
532 2084 658 2115 Medeae
674 2091 817 2116 matrem.
840 2086 905 2117 He-

243 2130 346 2161 siodus
360 2131 540 2172 Theogonia
552 2144 557 2162 :

279 2178 403 2218 Αἰήτης
414 2178 436 2210 δ’
447 2180 512 2217 υἱὸς
524 2181 759 2223 φαεσιμβρότου
767 2182 904 2214 Ἠελίοιο

289 2228 422 2270 Κούρην
436 2227 602 2261 Ὠκεανοῖο
616 2230 790 2270 τελήεντος
804 2244 904 2263 ποτα-

328 2289 401 2318 μοιο

287 2327 387 2367 Γῆμε,
406 2328 496 2357 θεῶν
505 2327 679 2369 βουλῇσιν,
693 2326 816 2360 Ἰδυῖαν
828 2331 905 2360 καλ·

330 2374 508 2417 λιπάρηον.

246 2423 295 2453 Ita
313 2423 499 2465 Apollonius
515 2436 637 2466 quoque
652 2425 805 2457 Rhodius.
846 2427 903 2457 Ar-

245 2478 373 2512 gonaut.
390 2472 433 2502 iii.
449 2474 523 2504 241.
550 2474 601 2503 ubi
624 2474 762 2515 Absyrto
777 2475 904 2507 Astero-

246 2521 328 2552 diam
345 2521 399 2552 dat
412 2528 542 2553 matrem
556 2535 562 2552 :

289 2572 355 2602 Τὸν
381 2572 440 2613 μὲν
471 2573 641 2611 Καυκασίη
680 2573 787 2615 νύμφη
817 2573 905 2606 τέκεν

331 2618 337 2628 ’
343 2624 366 2650 Λ
374 2619 529 2661 στερόἶεια

293 2669 378 2710 Πρὶν
394 2681 452 2710 περ
474 2669 638 2712 κουριδίην
661 2670 768 2701 θέσθαι
786 2670 906 2703 Ἰὃυιιὶν

334 2729 457 2748 ακοιτιν

1012 1690 1138 1729 Τηθυός
1150 1688 1306 1721 Ὠκεανοῦ
1321 1701 1352 1720 τε
1369 1688 1633 1729 πανοπλοτάτην

1055 1741 1230 1781 γεγᾱυῒαν.
1470 1738 1588 1769 vax.

969 1788 1076 1819 Adeas
1093 1798 1216 1829 quoque
1232 1786 1381 1829 Apollod.
1398 1786 1420 1816 i.
1438 1788 1475 1825 93
1503 1788 1570 1818 Cic.
1593 1788 1632 1819 de

970 1838 1049 1868 Nat.
1074 1837 1171 1868 Deor.
1198 1836 1241 1867 iii.
1273 1838 1329 1875 193
1354 1842 1385 1866 et
1407 1837 1526 1878 Hygin.
1553 1839 1631 1868 Fab.

971 1897 1045 1917 xxv.
1083 1886 1229 1916 Ceterum
1250 1885 1302 1916 alii
1319 1884 1412 1915 aliam
1426 1885 1551 1916 Medeae
1568 1897 1634 1918 ma-

970 1941 1049 1966 trem
1074 1936 1245 1976 affingunt:
1271 1935 1406 1965 Hecaten
1431 1940 1532 1971 vocat,
1557 1946 1633 1967 auc-

971 1991 1018 2015 tor
1030 1984 1061 2014 Ν
1064 1984 1297 2026 aupacticorum
1307 1995 1315 2022 ;
1331 1984 1357 2013 E
1362 1996 1377 2013 ιι
1386 1985 1506 2024 rylyten
1516 1985 1634 2026 Sopho-

971 2033 1048 2069 cles,
1080 2034 1129 2064 vel
1162 2033 1327 2070 Νειενιιηος
1356 2033 1487 2073 Clytium
1515 2034 1634 2075 Hygin,

971 2084 1031 2114 ἃς.
1078 2083 1197 2112 ΑΜΑΗ.

1015 2133 1091 2163 248.
1117 2133 1237 2162 Atracis
1259 2132 1409 2162 AEmonios
1435 2132 1635 2171 Hippodamia

972 2182 1080 2221 viros]
1109 2182 1207 2210 Atriu-
1230 2186 1261 2210 et
1278 2182 1415 2216 Atracia,
1440 2181 1513 2210 urbs
1537 2181 1634 2212 Thes-

973 2231 1072 2266 saliae,
1104 2230 1170 2271 ejus
1206 2229 1313 2271 partis,
1344 2240 1413 2270 qua>
1443 2230 1636 2271 Pelasgiotes

974 2279 1059 2310 dicta
1084 2279 1152 2315 fuit,
1179 2279 1217 2310 ab
1246 2280 1367 2315 Ati-ace,
1392 2279 1455 2309 filio
1482 2279 1578 2310 Penei
1603 2286 1635 2312 et

973 2330 1078 2365 Burae,
1106 2329 1232 2360 condita
1260 2339 1296 2359 ac
1331 2328 1501 2365 nominata,
1530 2335 1635 2361 autore

973 2378 1141 2420 Stephano.
1179 2377 1263 2408 Hinc
1280 2378 1401 2408 Atracis
1413 2378 1635 2420 Hippodamia,

972 2438 1027 2469 pro
1051 2426 1242 2463 Thessalica,
1260 2428 1324 2458 sive
1342 2427 1425 2468 quod
1445 2438 1482 2458 ex
1507 2438 1544 2458 ea
1559 2429 1635 2460 urbe

974 2482 1047 2507 nata
1079 2476 1182 2512 fuerit,
1207 2477 1273 2507 sive
1298 2477 1483 2517 generaliter
1507 2483 1635 2519 accepto

974 2526 1111 2556 nomine.
1170 2526 1236 2556 Alii
1266 2531 1370 2557 autem
1400 2528 1551 2561 Atracem,
1577 2527 1634 2557 flu-

974 2574 1058 2606 vium
1068 2575 1236 2607 Thessalia:
1254 2575 1384 2611 faciunt,
1400 2576 1527 2618 ejusque
1539 2576 1635 2607 filiam

973 2624 1233 2666 Hippodamiam:
1257 2625 1311 2655 sed
1327 2625 1476 2657 hactenus
1491 2625 1634 2657 dissimu-

975 2674 1037 2705 lato
1053 2682 1170 2706 autore.
1217 2668 1344 2705 mxci-L.
