1849 3198
218 165 302 206 22⁸2

604 163 654 203 P.
689 160 901 203 OVIDII
935 160 1216 202 NASONIS

221 280 442 329 Phasida
465 295 635 344 puppe
660 277 785 326 nova
807 277 944 325 vexit
968 276 1242 339 Pagasaeus
1267 274 1447 323 I'ason:
1509 278 1605 324 345

289 358 431 405 Laesa
455 374 546 404 nec
572 363 649 405 est
675 355 866 403 Colcha
889 354 1130 401 Thessala
1152 360 1284 400 terra
1307 369 1473 400 manu.

221 436 293 483 Te
319 451 519 498 quoque
545 434 630 498 qui
655 433 833 497 rapuit,
855 432 1020 495 rapuit
1045 431 1271 478 Minoida
1295 430 1548 478 Theseus:

289 513 442 559 Nulla
464 520 629 559 tamen
657 510 822 557 Minos
850 510 1026 557 Cretas
1053 510 1115 557 ad
1141 525 1277 556 arma
1299 516 1459 556 vocat.

222 590 399 637 Terror
424 591 473 636 in
498 590 574 636 his
600 589 709 652 ipso
734 588 890 650 major
916 587 1042 634 solet
1066 603 1176 634 esse
1202 586 1417 650 periclo:

289 668 516 731 Quaeque
540 668 715 714 timere
739 667 877 719 libet,
904 664 1220 728 pertimuisse
1245 664 1416 728 pudet.

1512 665 1610 709 350

223 746 379 809 Finge
402 753 586 801 tamen,
614 745 655 791 si
678 744 767 799 vis,
795 744 970 806 ingens
995 758 1294 805 consurgere
1319 742 1522 789 bellum.

290 824 356 871 Et
379 823 499 870 mihi
525 830 640 869 sunt
662 821 789 868 vires
808 838 817 868 :
858 827 909 868 et
932 836 1046 867 mea
1069 820 1170 867 tela
1194 826 1392 866 nocent.

224 902 271 950 Ν
277 918 334 950 ec
359 902 516 949 minor
541 907 618 948 est
642 899 791 955 Asiae,
819 914 970 962 quam
994 904 1169 945 vestrae
1195 897 1342 961 copia
1364 903 1507 944 terrae
1531 911 1541 943 ε

291 980 385 1027 Illa
407 978 522 1026 viris
548 979 702 1032 dives,
729 977 867 1024 dives
893 977 1115 1024 abundat
1140 976 1300 1039 equiS.

226 1057 335 1105 Nec
359 1057 470 1120 plus
496 1055 696 1102 Atrides
723 1054 873 1101 animi
899 1054 1160 1102 Menelaus
1186 1052 1409 1108 habebit,

292 1136 455 1190 Quam
480 1133 651 1189 Paris3
693 1139 778 1178 aut
803 1132 950 1178 armis
978 1130 1326 1179 anteferendus
1353 1129 1460 1177 erit.

223 1211 362 1259 Pene
387 1227 511 1275 puer
535 1209 677 1257 caesis
703 1209 920 1256 abducta
944 1214 1167 1255 armenta
1190 1206 1354 1270 recepi

292 1287 562 1336 Hostibus:
604 1294 654 1334 et
678 1303 907 1333 caussam
932 1286 1143 1333 nominis
1169 1285 1284 1332 inde
1308 1283 1414 1331 tuli.

224 1366 364 1414 Pene
388 1382 512 1430 puer
536 1364 669 1412 vario
688 1355 898 1427 juvenes
925 1364 1195 1412 certamine
1219 1362 1338 1418 vici3

290 1445 351 1491 In
377 1444 559 1508 quibus
586 1442 821 1498 Ilioneus,
850 1443 1247 1507 Deiphobusque
1271 1439 1380 1487 fuit.

266 1539 342 1569 345.
391 1536 572 1579 Pegasaeus]
617 1537 776 1578 Pagasoeus
804 1538 884 1567 bene

223 1587 402 1617 Puteaneus
434 1591 466 1616 et
491 1584 639 1616 Sarravii.
669 1585 769 1627 Epist.
798 1585 885 1616 xviii.

226 1637 299 1667 175.
324 1642 356 1667 et
372 1635 415 1666 sic
431 1635 545 1666 Noster
560 1634 635 1665 alibi
659 1645 753 1676 saepe.
769 1635 849 1665 Stat.
865 1635 886 1665 i.

223 1685 305 1716 Ach.
321 1686 375 1716 65.
399 1684 481 1714 male
497 1684 601 1719 etiam,
623 1685 732 1723 puppis
747 1683 887 1725 Pegasaea

223 1746 278 1777 pro
295 1735 448 1776 Pagasaea.
470 1733 536 1764 vid.
561 1738 592 1764 et
607 1734 726 1763 Lucan.
749 1732 784 1763 ii.
810 1734 885 1764 715.

224 1784 319 1815 Silius
334 1783 375 1813 xi.
389 1784 464 1814 471.
491 1783 608 1813 Hnms.

267 1834 343 1864 355.
370 1832 434 1863 Nec
456 1832 524 1872 plus
548 1831 698 1871 Atrides]
726 1830 887 1872 Magnilo-

224 1883 363 1924 quentia,
386 1883 437 1912 cui
465 1892 525 1911 non
550 1880 710 1922 respondit
734 1891 783 1911 res
811 1881 888 1922 ipsa.

225 1932 336 1962 Horat.
371 1931 394 1961 i.
433 1930 495 1961 Od.
526 1941 578 1960 xv.
629 1929 755 1959 Sublimi
780 1931 890 1971 fugies

224 1983 322 2012 viollis
336 1982 485 2017 anhelitu,
505 1980 573 2010 Non
589 1981 641 2010 hoc
651 1980 805 2019 pollicitus
820 1987 889 2010 tzur.

226 2031 344 2062 Bam-J.

269 2081 345 2110 357.
380 2079 460 2109 Pene
484 2090 559 2118 puer
582 2080 660 2109 casis
683 2080 812 2108 abducta
838 2089 888 2107 ar-

225 2135 324 2159 menta
349 2130 445 2167 recepi
470 2128 644 2168 Hostibus:]
674 2127 778 2157 Hostes
804 2127 888 2157 fuere

227 2177 355 2208 Cilices.
380 2176 444 2207 vid.
471 2176 672 2218 Dausquejus
697 2176 738 2206 ad
764 2176 890 2206 Calabr.

225 2237 259 2268 p.
280 2227 353 2257 129.

270 2275 344 2305 358.
371 2273 411 2303 Et
427 2284 545 2303 causam
560 2274 686 2303 nominis
700 2274 771 2303 inde
795 2272 885 2312 tulll]

227 2323 407 2365 Γενόμενος
422 2321 452 2352 δὲ
476 2321 659 2358 νεανίσκος,
676 2323 729 2353 καὶ
751 2322 890 2352 πολλῶν

227 2371 387 2413 διαφέρων
410 2370 523 2402 κάλλει
539 2382 572 2402 τε
598 2371 652 2401 καὶ
677 2370 779 2412 ῥώμῃ,
798 2371 890 2407 αὖθις

226 2419 445 2463 Ἀλέξανδρος
494 2419 770 2461 προσωνομάσθη,
821 2422 890 2457 τοῖς

227 2471 392 2512 ποιμνίοις
415 2469 592 2508 ἀλεξήσας,
614 2469 694 2511 ὅπερ
719 2470 787 2500 ἐστὶ
809 2469 889 2509 βοη-

228 2519 343 2557 θήσας.
388 2518 538 2560 Apollod.
556 2518 599 2548 iii.
614 2519 662 2548 12.
707 2518 824 2548 AMAR.

273 2569 346 2599 359.
374 2568 490 2607 Vario]
522 2567 814 2598 ValidoLeidensis.
834 2567 890 2598 sed

230 2617 376 2658 intelligit
406 2616 608 2649 πένταθλον.
632 2616 748 2648 Justin.
774 2616 829 2647 vii.
856 2618 888 2646 2.

232 2667 402 2697 Memmii-0
426 2673 512 2696 tanta
528 2668 657 2696 (minium
672 2668 821 2697 virtulum
836 2678 890 2696 na-

231 2724 302 2748 tura
339 2723 514 2748 ornamenta
549 2718 695 2751 eastitere,
731 2723 764 2747 ut
803 2717 891 2748 etiam

1517 1440 1616 1484 360

955 1537 1092 1577 Olympio
1120 1535 1291 1569 certamine,
1322 1533 1405 1562 vario
1429 1532 1616 1561 ludicrorum

950 1597 1069 1627 genere,
1086 1585 1284 1615 contenderit.
1337 1582 1424 1611 Vario
1447 1579 1615 1621 legendum

953 1645 1077 1676 quoque
1093 1633 1228 1664 ostendit
1251 1630 1383 1662 imitatio
1399 1629 1527 1660 Pindari
1546 1640 1616 1659 nes-

954 1684 1002 1715 cio
1018 1684 1118 1725 cujus,
1135 1682 1167 1713 in
1182 1682 1326 1724 Epitome
1343 1680 1461 1710 Iliados
1476 1680 1550 1710 260.

1188 1732 1244 1762 Ubi
1270 1742 1353 1762 ηιιηο
1372 1732 1459 1766 vires,
1476 1731 1527 1759 ubi
1549 1741 1616 1771 cug-

1043 1784 1108 1813 nita
1123 1784 1203 1812 nobis

999 1831 1156 1862 Liuiorum
1179 1832 1327 1871 quondam
1353 1830 1433 1858 vario
1457 1830 1619 1858 certamine

1041 1883 1084 1912 vis
1100 1882 1164 1911 est?
1456 1878 1574 1908 Bnnm.

999 1932 1074 1961 360.
1101 1930 1139 1960 In
1155 1930 1259 1970 quibus
1276 1928 1416 1963 Ilioneus,
1435 1927 1618 1966 Deiphobus-

956 1979 1115 2021 que-sitin]
1141 1978 1254 2019 Agitur
1269 1977 1320 2007 hic
1337 1977 1376 2006 de
1392 1975 1510 2005 Ilioneo
1521 1975 1618 2006 Phor-

956 2029 1059 2059 bantis
1085 2026 1282 2069 πολυμήλου
1308 2026 1382 2061 filio,
1399 2025 1452 2066 qui
1477 2035 1496 2055 a
1514 2024 1616 2055 Pene-

956 2078 1016 2113 leo,
1046 2078 1120 2108 dum
1148 2077 1271 2118 Trojam
1298 2074 1401 2106 Graeci
1431 2073 1619 2111 obsiderent,

957 2127 1077 2157 occisus
1100 2126 1176 2164 fuit3
1202 2126 1244 2155 ll.
1262 2126 1306 2158 Ξ.
1332 2125 1406 2154 489.
1430 2134 1500 2164 sqq.
1546 2123 1619 2153 Fuit

956 2182 987 2206 et
1010 2176 1089 2206 alter
1109 2175 1258 2209 Ilioneus,
1275 2173 1427 2214 Trojanus
1450 2171 1546 2207 idem,
1564 2172 1618 2213 qui

956 2224 1075 2255 socium
1099 2235 1131 2255 se
1147 2225 1258 2254 AEneae
1283 2222 1457 2257 addiderat,
1474 2232 1532 2252 nec
1555 2221 1619 2252 elo-

957 2273 1093 2314 quentiae
1114 2273 1227 2308 mium,
1243 2281 1336 2312 quam
1359 2270 1482 2301 bellicae
1498 2270 1620 2302 virtutis

957 2323 1049 2353 laude
1062 2323 1163 2353 clarus
1176 2334 1183 2359 3
1197 2321 1304 2352 AEn.i.
1322 2322 1397 2352 525.
1410 2320 1465 2351 vii.
1482 2321 1558 2350 212.
1575 2320 1619 2351 ix.

956 2373 1033 2403 569.
1079 2372 1247 2411 Deiphobus
1274 2369 1391 2400 Priami
1420 2380 1458 2400 ex
1486 2369 1621 2400 Hecuba

957 2420 1049 2457 filius,
1065 2420 1118 2462 qui
1142 2420 1308 2455 Helenam,
1325 2418 1478 2449 exstincto
1494 2417 1618 2454 Paride,

957 2470 1047 2501 duxit
1083 2480 1226 2500 uxorem:
1266 2479 1361 2510 quum
1390 2478 1462 2498 vero
1496 2468 1620 2509 Trojam

957 2520 1029 2550 Dan
1038 2520 1061 2550 ii
1086 2518 1157 2549 dolo
1180 2524 1395 2560 occupassent,
1411 2517 1512 2559 ipsum
1534 2528 1618 2558 egre-

956 2570 1019 2609 gia,
1042 2574 1076 2599 ut
1091 2575 1193 2603 vocat,
1211 2569 1332 2608 conjnx,
1350 2566 1498 2597 Menelao
1522 2565 1618 2596 tradi-

957 2616 1014 2647 dit.
1062 2617 1185 2647 Fortem
1220 2626 1252 2646 se
1281 2616 1366 2646 bello
1394 2621 1426 2646 et
1457 2621 1617 2646 strenuum

959 2666 1143 2709 Deiphobus
1157 2664 1312 2707 gesserat:
1338 2665 1418 2697 Iliad
1436 2669 1483 2697 M.
1499 2666 1555 2697 94.
1572 2669 1616 2697 N.

962 2717 1034 2747 159.
1049 2717 1123 2747 402.
1138 2716 1214 2748 455.
1238 2716 1354 2746 Anum.

1515 1053 1611 1098 355
1664 1068 1665 1071 ’
