1849 3198
614 215 959 258 HEROIDES.
993 215 1084 256 ΕΡ.
1119 214 1228 256 XV.

1532 213 1615 254 193

229 333 433 382 Invenio
459 333 647 388 silvam,
671 347 782 396 quae
808 347 941 395 saepe
966 330 1150 378 cubilia
1174 331 1315 377 nobis

296 410 534 466 Praebuit,
561 416 611 458 et
634 408 789 456 multa
812 408 939 456 texit
962 423 1120 471 opaca
1144 407 1312 454 coma:

229 486 297 534 At
321 505 418 535 non
442 487 636 534 invenio
661 486 917 533 dominum
943 485 1179 547 silvaeque
1205 500 1488 547 meumque.
1525 485 1615 530 145

298 565 408 612 Vile
434 566 593 612 solum
618 565 756 611 locus
783 570 886 611 est:
927 563 1016 609 dos
1042 569 1147 609 erat
1171 562 1252 608 ille
1276 561 1387 607 loci.

231 642 423 705 Agnovi
447 657 644 706 pressas
670 641 773 688 noti
798 640 917 686 mihi
942 639 1145 703 cespitis
1171 639 1378 686 herbas:

300 719 377 766 De
402 727 568 765 nostro
593 734 796 765 curvum
821 717 1041 781 pondere
1067 732 1269 778 gramen
1294 721 1414 762 erat.

233 795 471 853 Incubui;
511 796 753 859 tetigique
778 795 958 849 locum,
986 810 1086 857 qua
1109 800 1250 857 parte
1274 792 1436 848 fuisti;

300 873 455 920 Grata
478 873 613 936 prius
639 873 865 920 lacrimas
891 871 1132 919 combibit
1156 871 1310 918 herba
1333 886 1487 918 meas.
1527 871 1618 916 150

232 949 366 1004 Quin
391 950 540 997 etiam
565 951 685 997 rami
711 950 886 1014 positis
912 950 1081 1012 lugere
1106 949 1334 996 videntur

300 1026 604 1084 Frondibus3
646 1034 695 1075 et
720 1028 865 1074 nullae
892 1027 1038 1073 dulce
1065 1032 1338 1089 queruntur
1363 1041 1494 1072 aves.

235 1103 356 1152 Sola
378 1105 535 1152 virum
561 1122 657 1152 non
682 1105 786 1152 ulta
811 1104 891 1168 pie
918 1103 1238 1150 moestissima
1261 1109 1417 1150 mater

304 1181 536 1230 Concinit
562 1182 825 1229 Ismarium
853 1181 1057 1228 Daulias
1084 1181 1185 1228 ales
1208 1180 1340 1243 Ityn.

236 1258 355 1307 Ales
381 1258 514 1323 Ityn,
544 1260 749 1324 Sappho
776 1260 998 1307 desertos
1025 1266 1192 1306 cantat
1217 1274 1425 1306 amores.

1535 1258 1624 1303 155

304 1335 589 1395 Hactenus;
630 1345 683 1385 ut
707 1338 872 1385 media
897 1345 1064 1385 cetera
1088 1345 1232 1384 nocte
1259 1338 1420 1384 silent.

240 1411 333 1460 Est
356 1413 559 1470 nitidus,
585 1416 842 1478 vitreoque
868 1415 1025 1477 magis
1051 1415 1336 1478 perlucidus
1363 1412 1510 1467 amni,

310 1490 440 1538 Fons
467 1507 634 1539 sacer:
676 1493 807 1539 hunc
835 1493 975 1538 multi
1002 1509 1187 1539 numen
1213 1492 1396 1539 habere
1421 1496 1624 1554 putant:

287 1651 358 1681 141.
383 1651 491 1681 Scabra
514 1654 677 1691 pendentia
704 1653 819 1693 tupho]
850 1652 902 1681 Tri--

235 1700 313 1740 phus
327 1699 406 1742 lapis
428 1702 537 1732 scaber
555 1707 586 1732 et
610 1701 797 1743 pumicosus,
815 1701 903 1732 fami-

239 1748 324 1780 liaris
344 1751 498 1791 specubus
513 1756 544 1781 et
559 1750 654 1782 antris
671 1751 822 1782 montium
844 1757 902 1782 est.

242 1799 412 1829 Pendentia
432 1805 549 1836 autem,
567 1800 651 1841 quod
668 1800 825 1831 Domitius
848 1811 902 1831 ex-

240 1848 328 1890 ponit
342 1848 497 1883 sublimia.
509 1861 564 1892 pro
575 1857 702 1881 arcuata
713 1856 744 1880 et
756 1860 906 1892 suspensa

242 1897 342 1939 magis
358 1898 588 1940 accipiendum.
612 1900 802 1930 M1CYLLUS.
828 1899 904 1930 Vid.

241 1945 288 1977 iii.
305 1946 411 1977 Amor.
428 1947 450 1978 i.
466 1948 498 1978 3.
545 1948 654 1978 Scaber
675 1954 780 1979 autem
795 1948 908 1990 tophus

243 1995 339 2026 etiarn
354 2001 401 2027 est
416 1996 447 2027 in
459 1997 630 2028 Catalectis
645 1997 775 2029 Pithoei.
790 2009 823 2040 p.
841 1999 893 2029 32.

289 2045 437 2076 Decidens
464 2048 599 2077 scabrum
628 2054 714 2077 cai-at
750 2049 835 2077 unda
865 2054 907 2077 to-

370 2095 475 2135 phum.

243 2144 393 2185 Sequenti
410 2155 498 2175 versu
521 2144 742 2181 Scriverianus,
766 2147 817 2185 qui
836 2147 908 2175 mihi

242 2199 322 2225 erat.
348 2199 380 2224 ut
395 2193 434 2224 de
450 2193 544 2236 topho
563 2194 716 2235 capiatur,
735 2194 788 2236 qui
813 2194 908 2225 instar

245 2242 405 2274 marmoris
433 2248 499 2273 erat
520 2242 656 2285 Sappho,
681 2249 805 2285 propter
831 2243 908 2274 ‹leli-

244 2291 320 2329 cias,
335 2291 448 2334 quibus
469 2292 501 2323 in
517 2293 624 2324 Anti-is
647 2292 709 2323 illis
732 2293 846 2335 perfrui
862 2305 908 2324 so*

245 2341 344 2372 lebat.
369 2342 488 2372 Bunm.

291 2392 366 2422 142.
406 2392 567 2422 Mar-moris
584 2391 776 2433 Mygdonii]
816 2393 910 2434 Myg-

248 2441 343 2472 donia
366 2441 534 2483 Phrygiam
557 2441 703 2472 terminat
724 2452 743 2472 a
766 2441 910 2473 meridio—

249 2491 314 2522 nali
342 2490 456 2521 latere:
495 2490 635 2522 Marmor
671 2491 746 2522 item
776 2492 913 2533 Mygdo-

249 2540 349 2576 nium,
379 2540 551 2582 Phrygium
585 2540 799 2582 intelligimus,
829 2540 912 2583 quod

252 2589 348 2632 precii
364 2589 468 2631 magni
485 2596 563 2621 erat.

298 2639 370 2669 153.
396 2639 466 2669 Non
491 2640 558 2669 ulta
582 2639 696 2680 prius]
724 2639 915 2670 Emendabis

255 2688 323 2718 Pie.
372 2688 462 2718 Prius
491 2688 573 2719 enim
599 2698 686 2720 cassa
710 2700 769 2720 vox
794 2700 915 2731 semper

253 2736 319 2768 visa
346 2743 403 2773 est,
427 2747 462 2768 ac
486 2737 588 2770 nihili.
618 2739 801 2771 EGNA'HL'S.
847 2739 915 2769 Sola

341 2791 440 2821 VOL.
465 2791 493 2821 I.

971 1655 1067 1683 virum
1084 1666 1143 1684 non
1159 1656 1224 1684 ulta
1239 1656 1324 1693 prius
1348 1654 1524 1683 111.1·slissL1›1a
1540 1656 1632 1680 muter

973 1702 1130 1734 Domitius
1155 1703 1242 1744 legit.
1279 1708 1314 1733 ut
1337 1701 1377 1732 sit
1402 1711 1525 1731 sensus:
1561 1699 1634 1730 Sola

972 1759 1080 1789 mater,
1115 1764 1184 1794 quse
1214 1753 1253 1783 ob
1282 1752 1314 1783 id
1351 1749 1550 1782 moestissima
1578 1754 1637 1786 est,

973 1802 1057 1843 quod
1073 1813 1134 1833 non
1149 1801 1234 1844 prius
1249 1799 1399 1832 occiderit
1413 1799 1524 1836 virum,
1541 1809 1636 1841 quam

973 1851 1082 1888 filium,
1098 1852 1157 1882 Sec.
1204 1851 1265 1882 Sed
1291 1850 1343 1881 alii
1368 1860 1422 1891 pro
1448 1850 1552 1884 Prius,
1580 1848 1635 1878 Pie

975 1901 1096 1942 legunt,
1128 1901 1186 1932 hac
1215 1899 1386 1932 sententia:
1425 1899 1497 1929 Sola
1524 1903 1636 1935 mater,

975 1961 1044 1991 quae
1061 1950 1153 1992 impie
1169 1950 1236 1981 ulta
1250 1954 1298 1980 est
1308 1948 1418 1980 virum.
1463 1947 1564 1990 Impie
1576 1947 1635 1978 sci-

974 1998 1062 2035 licet,
1080 1999 1164 2040 quod
1179 1999 1211 2029 in
1231 2009 1267 2030 eo
1282 1997 1462 2029 ulciscendo
1477 1997 1575 2028 filium
1589 1997 1636 2027 in—

975 2048 1139 2079 terfectum
1157 2047 1348 2091 epulandum
1371 2046 1526 2089 apposuit.
1569 2046 1636 2076 M1⁶

975 2108 1112 2129 curus.

1021 2148 1094 2178 156.
1133 2146 1306 2176 Hactenus:
1341 2152 1377 2176 ut
1413 2146 1510 2176 media
1539 2150 1638 2175 cetera

976 2203 1059 2227 nocte
1073 2196 1192 2236 Silena]
1220 2194 1333 2237 Scripti
1345 2194 1473 2236 quidam
1488 2201 1515 2225 et
1531 2195 1639 2225 media.

976 2256 1151 2288 perperam.
1176 2255 1247 2275 nam
1259 2250 1291 2275 et
1305 2243 1371 2286 pari
1387 2243 1477 2275 modo
1492 2250 1539 2275 est
1552 2243 1638 2274 locu-

978 2301 1026 2327 tus
1041 2295 1073 2326 in
1088 2294 1188 2326 Fastis
1202 2294 1258 2325 lib.
1275 2305 1308 2324 v.
1325 2294 1401 2325 661.

1021 2345 1193 2375 Hactenus:
1229 2350 1265 2374 ut
1293 2344 1357 2373 vivo
1384 2343 1473 2374 subiit
1501 2343 1639 2373 rorantia

1106 2404 1173 2424 SOEJO

1065 2443 1177 2473 Antra.
1475 2440 1596 2470 Hssrxs.

1027 2492 1099 2523 157.
1140 2491 1194 2522 Est
1223 2492 1350 2527 nitidus,
1375 2491 1523 2529 vitreoque
1547 2489 1641 2530 magis

976 2541 1152 2580 perlucidus
1188 2540 1304 2580 anina]
1354 2539 1409 2570 Est
1439 2539 1566 2574 nitidus,
1596 2539 1641 2567 vi-

982 2595 1082 2629 troque
1111 2591 1205 2631 magis
1232 2590 1408 2629 perlucidus
1435 2589 1540 2618 amnis.
1573 2587 1640 2617 haec

983 2639 1184 2679 Naugeriana
1209 2638 1315 2669 lectio.
1342 2638 1397 2669 sed
1419 2637 1549 2668 ridicule
1576 2636 1641 2666 fon-

982 2694 1044 2718 tem
1067 2694 1099 2719 et
1121 2698 1244 2719 amnem
1267 2687 1401 2719 eundem
1424 2686 1511 2718 facit.
1535 2685 1642 2727 prima>

983 2736 1134 2768 editiones
1149 2743 1181 2768 et
1201 2736 1305 2779 scripti
1328 2735 1479 2779 plerique,
1496 2737 1644 2775 vitreoque

1095 2792 1123 2821 Ο
