1849 3198
598 215 942 258 HEROIDES.
977 216 1070 257 ΕΡ.
1102 215 1266 258 XVII.

1558 221 1643 262 233

255 330 358 378 Aut
381 332 499 378 mihi
519 333 589 379 sic
615 333 774 379 visum
792 338 885 378 est.
914 347 1143 393 ego,cum
1163 332 1429 390 dubitaret,
1451 350 1513 381 an
1530 335 1638 391 iret,

322 409 716 474 Quamprimum,
743 409 864 464 dixi,
890 408 968 455 fac
993 408 1237 456 rediturus
1263 426 1364 458 eas.

256 486 436 534 Omine
460 488 656 534 laetatus
681 487 820 533 dedit
844 486 1017 532 oscula
1039 502 1048 532 :
1091 485 1313 549 Resque,
1341 488 1637 551 domusque,

321 563 386 611 Et
410 565 501 611 tibi
527 565 590 611 sit
614 580 745 611 curae
770 563 947 610 Troius
972 563 1172 626 hospes,
1200 563 1284 610 ait.

1548 569 1640 613 160

252 640 351 687 Vix
375 642 511 688 tenui
537 642 705 689 risum.
745 657 895 704 quem
920 641 1040 688 dum
1064 657 1383 704 compescere
1407 642 1582 699 luctor,

319 717 403 764 Nil
427 718 496 764 illi
522 719 660 782 potui
685 718 865 774 dicere,
892 724 1085 782 praeter,
1115 716 1239 765 Erit.

249 794 376 842 Vela
401 795 603 858 quidem
632 796 816 843 Creten
841 795 1000 843 ventis
1026 795 1164 842 dedit
1189 795 1269 842 ille
1296 796 1547 843 secundis.

320 872 421 919 Sed
445 881 499 919 tu
525 889 623 919 non
648 873 760 920 ideo
786 879 968 920 cuncta
991 871 1140 919 licere
1160 879 1297 936 puta.

253 948 337 996 Sic
362 965 501 997 meus
526 950 640 997 hinc
665 950 737 996 vir
761 950 920 1005 abest,
948 955 1004 995 ut
1027 965 1106 996 me
1131 950 1381 997 custodiat
1405 951 1602 998 absens.

315 1026 395 1073 An
421 1027 582 1074 nescis
606 1028 780 1089 longas
805 1025 1032 1088 Regibus
1058 1041 1168 1073 esse
1193 1028 1404 1074 manus?

1547 1032 1637 1077 166

251 1102 405 1151 Fama
429 1121 630 1167 quoque
656 1111 733 1152 est
757 1104 909 1151 oneri.
956 1119 1070 1150 nam
1096 1120 1195 1167 quo
1221 1105 1530 1153 constantius
1556 1123 1639 1154 ore

316 1179 599 1229 Laudamur
622 1189 801 1238 vestro,
824 1181 1008 1245 justius
1042 1182 1123 1228 ille
1148 1182 1305 1230 timet.

247 1289 378 1321 ditatem
407 1290 606 1321 cernendam.
633 1290 697 1322 vid.
728 1290 769 1321 ad
791 1290 908 1332 Vellej.

248 1339 374 1370 Patere.
394 1341 422 1376 1,
438 1341 471 1370 2.

293 1389 363 1419 157.
388 1390 429 1419 At
445 1390 515 1419 mihi
530 1391 700 1430 sicjussum
718 1389 789 1430 est.]
811 1389 911 1420 Visum

246 1437 278 1468 in
303 1438 458 1474 omnibus,
484 1449 545 1469 non
558 1441 680 1478 jussum
704 1439 831 1481 legitur.
856 1440 911 1470 sed

247 1498 312 1524 nos,
329 1498 400 1518 cum
424 1487 471 1518 his
491 1499 529 1518 ex
546 1488 668 1519 Paridis
684 1488 826 1530 Epistola
840 1500 908 1519 ver-

245 1537 331 1568 sibus
346 1537 533 1580 respondeat
545 1538 682 1574 Helena,

291 1587 375 1623 Exit,
392 1593 419 1617 et
430 1587 503 1618 Idaei
520 1589 626 1618 mando
637 1589 907 1623 tibi,dixititurns‚

335 1636 448 1667 Curam
473 1648 528 1676 pro
553 1638 644 1673 nobis,
671 1638 801 1676 hospitis,
826 1648 909 1673 uxor,

373 1697 457 1727 agas,
473 1685 534 1716 ἃς.

244 1735 368 1766 Jussum
381 1735 549 1776 legendum
571 1734 771 1767 credidimus.
816 1736 910 1766 ΝΑυ-

246 1795 380 1816 cizmus.
404 1785 445 1814 At
460 1786 531 1815 mihi
546 1786 587 1815 sic
603 1786 697 1815 visum
713 1791 755 1815 est
768 1784 909 1826 plerique

244 1832 363 1875 scripti.
409 1833 590 1864 Puteaneus
607 1838 639 1863 et
654 1832 827 1868 Leidensis,
846 1835 909 1864 Aac

244 1882 318 1912 mihi
331 1884 372 1912 sic
387 1884 482 1912 visum
505 1889 559 1912 est.
575 1892 658 1917 vere,
673 1882 758 1923 quod
773 1888 804 1912 et
819 1882 908 1913 Dou-

246 1942 289 1961 zae
306 1931 474 1962 arridebat.
513 1932 687 1962 Hemsms.
734 1932 846 1962 Douza
859 1931 910 1962 hic

245 1980 393 2011 decorum
433 1982 612 2012 observasse
651 1981 792 2012 notabat.
837 1981 912 2023 quia

246 2029 305 2060 hoc
322 2030 398 2061 dicit
420 2041 452 2061 se
470 2030 626 2071 corrigens
641 2031 775 2067 Helena,
792 2031 850 2061 sibi
866 2030 911 2062 vi-

246 2090 313 2110 sam
332 2079 426 2111 fuisse
452 2090 597 2121 magnam
622 2090 774 2116 caussam,
802 2091 840 2111 ne
866 2080 910 2111 vi-

245 2128 357 2159 deatur
381 2129 536 2170 regiorum
557 2129 756 2159 consiliorum
775 2130 910 2167 conscia,

245 2184 278 2209 et
298 2178 443 2208 maritum
466 2178 599 2215 futilem,
615 2178 669 2220 qui
684 2178 814 2210 consilia
839 2190 910 2210 cum

246 2238 341 2258 uxore
357 2227 576 2263 communicat,
592 2228 675 2269 quod
690 2228 828 2270 principe
844 2229 910 2260 viro

246 2275 419 2317 indignum.

291 2327 362 2357 159.
386 2326 510 2366 Resque,
540 2327 725 2368 domusque]
764 2327 908 2358 Formula

246 2374 416 2406 sollemnis.
441 2374 545 2405 Tibul.
562 2375 584 2406 i.
601 2375 693 2416 Eleg.
710 2387 743 2406 x,

290 2424 440 2454 Devoveat
460 2436 515 2464 pro
530 2436 585 2465 quo
601 2436 718 2466 remque
734 2427 908 2466 (Iommnque

334 2480 427 2504 luam.

247 2522 311 2554 Ubi
334 2523 455 2559 dubito,
480 2533 520 2554 an
549 2529 631 2555 recte
658 2523 716 2555 hoc
739 2524 908 2555 sollicitent

247 2572 304 2603 viri
318 2572 412 2604 docti.
459 2573 576 2603 Burin.

292 2623 366 2653 166.
390 2623 439 2652 An
467 2625 558 2654 nescis
579 2624 681 2664 longas
707 2625 825 2665 regibus
851 2634 908 2654 esse

247 2671 387 2711 nzanus?]
414 2672 601 2713 Expressum
618 2673 740 2703 videtur
755 2684 791 2703 ex
810 2673 906 2703 Ilcro-

248 2720 332 2756 doto,
357 2721 440 2763 apud
456 2732 548 2762 quem
574 2721 630 2752 lib.
651 2721 706 2752 xii.
724 2733 803 2763 pene
826 2728 905 2753 extr.

247 2770 446 2802 Alexander:
479 2772 543 2802 Καὶ
573 2772 634 2812 γὰρ
661 2771 800 2813 δύναμις
828 2772 906 2813 ὑπὲρ

979 1291 1160 1332 ἄνθρωπον
1176 1291 1196 1329 ἡ
1211 1291 1375 1331 βασιλῆος
1396 1291 1476 1327 ἐστὶ,
1493 1293 1547 1323 καὶ
1569 1294 1640 1335 χεὶρ

978 1339 1181 1382 ὑπερμήκης.
1220 1340 1402 1371 ΟΙΟι-ἈΝυὸ.
1449 1341 1641 1373 Paroemium

979 1389 1137 1426 Graecum,
1168 1391 1298 1433 Μακραὶ
1321 1390 1497 1432 τυράννων
1523 1393 1639 1433 χεῖρες.

979 1438 1050 1469 vide
1065 1438 1276 1480 Apostolium.
1301 1440 1477 1471 Hfflxsrus.
1515 1441 1585 1471 Hoc
1601 1441 1640 1472 de

978 1488 1126 1519 ministris
1152 1489 1245 1530 regiis
1267 1489 1417 1531 quosdam
1444 1489 1639 1532 interpretari

978 1537 1022 1568 ait
1042 1539 1197 1569 Brunner.
1223 1539 1263 1569 ad
1287 1539 1462 1581 Palaephat.
1485 1550 1557 1582 cap.
1583 1542 1638 1571 32.

978 1593 1009 1617 et
1037 1587 1081 1618 ita
1110 1590 1231 1619 dextera
1262 1588 1387 1619 Caesaris
1418 1589 1572 1631 capienda
1608 1590 1640 1621 in

978 1636 1089 1678 Elegia
1110 1637 1141 1668 in
1162 1638 1281 1669 obitum
1300 1639 1487 1669 Maecenatis
1510 1640 1562 1670 13.
1586 1640 1640 1670 ubi

978 1687 1071 1717 miser
1085 1693 1116 1718 et
1140 1687 1249 1718 lexicis
1268 1688 1331 1718 suis
1346 1688 1513 1719 destitutus
1529 1688 1639 1720 Goral-

978 1735 1038 1771 lus,
1055 1736 1152 1767 vellet
1172 1737 1300 1777 quidem
1323 1737 1367 1768 ita
1383 1737 1591 1779 interpretari,
1614 1739 1640 1769 si

978 1785 1155 1827 exemplum
1171 1797 1209 1817 ex
1225 1786 1413 1828 antiquitate
1428 1787 1555 1828 proferri
1570 1799 1639 1829 pos-

977 1840 1036 1864 set.
1060 1845 1275 1866 succurramus
1290 1835 1419 1877 pauperi
1435 1841 1466 1866 et
1480 1835 1572 1867 simul
1588 1848 1639 1868 su-

978 1884 1072 1924 perbo
1083 1883 1285 1925 Philosopho.
1303 1884 1419 1915 Claud.
1436 1883 1470 1915 ii.
1483 1885 1515 1915 in
1531 1885 1639 1917 Rufin.

978 1932 1054 1962 261.

1022 1981 1181 2020 Spernisne
1197 1988 1263 2012 tuas
1278 1984 1335 2012 clim
1351 1984 1458 2021 optime
1473 1984 1612 2014 deatras?

980 2029 1043 2061 Ubi
1059 2030 1207 2061 Barthius
1219 2031 1383 2067 videndus,
1395 2039 1427 2062 et
1443 2031 1496 2061 lib.
1510 2031 1554 2062 xi.
1567 2032 1639 2065 adv.

978 2080 1033 2110 28.
1050 2086 1082 2110 et
1103 2079 1148 2109 ita
1171 2091 1276 2110 manus
1293 2080 1387 2110 etiam
1412 2079 1568 2117 dicuntur,
1584 2082 1638 2123 qui

979 2128 1055 2159 alios
1089 2127 1249 2170 adjuvant,
1276 2129 1361 2170 apud
1391 2128 1545 2160 Comicos.
1583 2131 1638 2161 sed

979 2177 1045 2209 haec
1061 2177 1149 2209 alias·
1164 2178 1215 2209 hic
1227 2179 1265 2209 de
1281 2179 1311 2209 vi
1325 2184 1356 2210 et
1365 2184 1529 2221 potestate,
1544 2191 1638 2221 quam

979 2227 1084 2268 Reges
1111 2227 1206 2258 etiam
1235 2227 1368 2269 longius,
1393 2238 1487 2268 quam
1516 2227 1638 2270 imperii

978 2277 1055 2308 fines
1083 2277 1251 2318 pertinent,
1281 2276 1451 2308 extendere
1477 2277 1636 2310 dicuntur.

978 2326 1042 2357 vid.
1059 2327 1099 2358 ad
1123 2327 1277 2364 Quinctil.
1294 2327 1388 2358 Decl.
1406 2326 1473 2358 xiii.
1493 2328 1525 2358 6.
1551 2334 1581 2359 et
1596 2329 1639 2359 si-

976 2375 1041 2406 mili
1054 2376 1170 2407 ratione
1182 2375 1339 2407 Lucianus
1354 2375 1385 2406 in
1398 2376 1548 2407 Mercede
1564 2388 1636 2408 con-

976 2424 1078 2456 ductis
1093 2425 1180 2462 dicit,
1200 2426 1331 2467 Regibus
1346 2437 1403 2456 esse
1413 2427 1515 2465 plures
1527 2428 1637 2464 oculos,

976 2475 1050 2517 quia
1065 2481 1096 2506 et
1110 2485 1164 2517 per
1179 2475 1343 2511 ministros,
1358 2475 1411 2517 qui
1427 2476 1510 2517 apud
1526 2476 1637 2508 Persas

975 2525 1058 2556 oculi
1079 2530 1109 2555 et
1125 2535 1215 2555 aures
1237 2524 1319 2566 regis
1341 2525 1535 2561 dicebantur,
1552 2525 1634 2563 (vid.

976 2574 1112 2605 Brisson.
1127 2574 1166 2605 ed
1184 2575 1267 2615 Reg.
1279 2575 1368 2606 Pers.
1385 2575 1442 2605 lib.
1460 2575 1481 2605 i.
1494 2586 1523 2616 p.
1544 2577 1634 2615 125.)

975 2623 1079 2655 omnia
1094 2624 1154 2655 illis
1170 2624 1330 2666 explorata
1345 2630 1426 2655 sunt.
1473 2625 1590 2655 Bumr.

1020 2674 1090 2704 167.
1117 2673 1210 2703 Fama
1233 2685 1344 2714 quoquc
1359 2680 1399 2704 est
1418 2674 1531 2713 oneri]
1560 2673 1634 2702 luri<

977 2729 1056 2754 tatus
1070 2722 1263 2754 Claudianus
1278 2723 1369 2753 Bello
1385 2721 1509 2753 Getico.
1523 2723 1599 2752 225.

1018 2772 1142 2812 Jamque
1158 2774 1240 2802 oneri
1255 2774 1423 2803 creduntur
1439 2783 1514 2810 opes.
