1849 3198
601 203 945 246 HEROIDES.
980 203 1071 244 ΕΡ.
1106 202 1252 244 ΧΧΙ.

1533 203 1617 244 283

228 320 352 367 Mox
378 320 480 375 ubi,
509 320 684 367 secreti
711 319 844 381 longi
870 333 1049 365 caussa
1073 319 1276 380 optima,
1304 334 1508 364 somnus

296 397 562 444 Credibilis
587 396 728 443 tarda
752 395 934 442 desinit
957 410 1068 441 esse
1091 394 1245 449 mora,

228 471 445 536 Jamque
468 473 635 520 venire
670 472 820 527 videt,
856 487 982 534 quos
1016 486 1116 516 non
1153 469 1414 517 admittere
1440 471 1618 518 durum

297 548 569 607 Exscreat3
610 556 660 596 et
683 548 802 595 ficta
829 547 917 594 dat
940 546 1060 592 mihi
1087 546 1228 608 signa
1252 546 1384 592 nota.

1489 548 1615 608 [est3

232 625 374 672 Sicut
397 642 548 681 eram,
576 640 848 689 properans
874 624 1026 671 verba
1049 622 1340 686 imperfecta
1362 623 1588 686 relinquo
1608 640 1617 671 z

297 701 364 749 Et
387 702 570 765 tegitur
594 702 788 765 trepido
811 701 956 747 litera
979 705 1127 747 cauta
1151 699 1279 746 sinu.
1557 703 1620 746 26

232 779 357 825 Inde
382 795 519 826 meos
544 778 727 841 digitos
752 777 932 824 iterum
955 775 1168 839 repetita
1189 775 1380 838 fatigat.

298 855 526 909 Quantus
552 855 617 902 sit
639 854 799 910 nobiS,
827 853 1045 916 adspicis
1069 853 1194 916 ipse,
1219 853 1375 900 labor.

231 932 358 987 Qua,
386 948 604 996 peream,
632 932 673 978 si
699 932 878 994 dignus
904 946 1029 986 eras,
1057 937 1113 977 ut
1135 946 1252 977 vera
1274 930 1565 992 loquamur:

301 1009 403 1057 Sed
428 1010 600 1056 melior
619 1010 774 1072 justo,
802 1024 1055 1072 quamque
1079 1007 1299 1063 mereris,
1327 1024 1435 1070 ego.
1559 1010 1622 1053 30

233 1084 365 1149 Ergo
390 1093 439 1134 te
464 1094 666 1150 propter
690 1086 836 1133 toties
863 1086 1052 1132 incerta
1076 1084 1248 1131 salutis

301 1163 611 1211 Commentis
637 1179 809 1226 poenas
835 1163 1002 1225 doque
1026 1161 1244 1224 dedique
1268 1161 1400 1208 tuis?

234 1240 357 1287 Haec
383 1242 525 1288 nobis
551 1240 718 1287 formae
743 1248 792 1287 te
816 1240 1071 1286 laudatore
1097 1238 1325 1301 superbae

303 1318 562 1380 Contingit
586 1318 811 1365 merces?
850 1324 900 1364 et
922 1316 1171 1381 placuisse
1197 1316 1374 1362 nocet?

237 1396 290 1442 Si
318 1395 409 1442 tibi
434 1395 684 1450 deformis,
713 1396 850 1458 quod
875 1395 1089 1449 mallem,
1117 1393 1223 1440 visa
1246 1393 1478 1449 fuissem;
1562 1395 1626 1438 35

302 1472 573 1535 Culpatum
599 1472 736 1518 nulla
762 1488 941 1535 corpus
967 1478 1135 1534 egeret
1158 1486 1269 1533 ope.

238 1549 384 1596 Nunc
410 1550 614 1596 laudata
638 1565 810 1611 gemo:
851 1565 981 1595 nunc
1008 1564 1087 1594 me
1113 1547 1384 1595 certamine
1409 1555 1571 1594 vestro

302 1626 547 1683 Proditis3
589 1633 639 1673 et
662 1626 859 1689 proprio
885 1626 1112 1673 vulneror
1136 1625 1246 1688 ipsa
1269 1625 1415 1671 bono.

238 1703 371 1750 Dum
397 1719 561 1766 neque
585 1711 638 1750 tu
664 1703 818 1758 cedis,
846 1719 937 1749 nec
965 1719 1016 1749 se
1045 1709 1189 1766 putat
1213 1701 1294 1748 ille
1321 1701 1621 1755 secundum;

301 1779 377 1827 Tu
401 1781 527 1827 votis
553 1781 722 1827 obstas
749 1780 894 1835 illius,
924 1779 1004 1826 ille
1030 1778 1144 1825 tuis.
1564 1782 1629 1826 40

238 1856 372 1920 Ipsa,
399 1858 533 1904 velut
558 1857 712 1912 navis,
734 1858 923 1918 jactor;

965 1871 1116 1918 quam
1141 1862 1306 1901 certus
1333 1854 1381 1900 in
1408 1855 1561 1901 altum

305 1933 547 1997 Propellit
574 1934 777 1989 Boreas,
805 1941 954 1980 aestus
980 1940 1030 1981 et
1054 1933 1188 1979 unda
1212 1930 1374 1977 refert.

280 2109 333 2138 30.
358 2108 513 2147 Quamque
529 2109 648 2137 mereris
670 2107 746 2146 erm]
776 2107 896 2147 Legen-

236 2159 311 2188 dum
341 2156 480 2191 arbitror,
518 2168 660 2196 quamque
689 2158 808 2186 mereris
836 2167 897 2196 ego.

238 2208 452 2237 Nnrmzmrs.
474 2206 552 2241 lmo,
569 2216 630 2245 ego.
644 2211 738 2246 atque
750 2204 795 2235 ita
809 2205 897 2235 Nau-

237 2255 350 2297 geriuS.
366 2255 409 2285 sic
425 2254 535 2284 Amor.
552 2254 606 2284 lib.
621 2253 641 2284 i.
656 2254 704 2284 El.
717 2253 770 2284 vii.

282 2304 340 2335 It'le
357 2304 449 2334 Deam
462 2305 577 2344 primus
588 2304 732 2344 perculit,
747 2304 898 2344 allerego.

735 2353 855 2382 Hfflxs.

238 2404 313 2434 Mox
347 2414 425 2433 vers.
454 2403 505 2433 54.
537 2403 649 2441 plector
678 2413 742 2442 ego.
792 2402 900 2431 Melior

237 2464 310 2483 vero
324 2452 373 2482 hic
386 2458 432 2483 est
445 2451 558 2487 mitior,
575 2451 748 2492 benignior.
762 2462 819 2492 ego
832 2462 899 2481 sum

238 2501 340 2532 mitior
353 2504 450 2541 justo,
466 2500 498 2530 id
521 2505 568 2531 est
583 2510 677 2541 quam
700 2510 826 2541 aequum
842 2505 898 2535 est,

238 2556 270 2582 et
292 2557 326 2582 tu
351 2549 487 2580 mereris.
512 2549 555 2579 ita
580 2548 650 2579 infr.
673 2560 704 2579 v.
732 2549 803 2578 170.
825 2560 898 2589 gra-

240 2601 418 2639 riusjusw.
450 2598 513 2629 vid.
538 2598 577 2628 ad
600 2598 686 2628 Yell.
717 2598 839 2628 Patere.
865 2597 898 2628 ii.

238 2649 292 2679 25.
332 2649 443 2678 Douza
472 2647 659 2688 exponebat,
691 2647 782 2683 Qua),
813 2646 899 2687 (scil.

240 2697 461 2738 praecedentia,
479 2708 547 2737 quae
565 2707 583 2726 a
596 2706 643 2727 me
660 2696 797 2726 indicata
812 2699 900 2729 sunt)

241 2754 273 2777 ut
293 2757 362 2777 vere
386 2746 440 2777 tibi
459 2745 636 2787 praerliccm,
654 2755 776 2786 peream
793 2745 817 2775 si
834 2744 901 2784 ‹lig-

968 2116 1024 2136 nus
1049 2115 1145 2135 eram.
1194 2105 1258 2145 Ego
1283 2110 1400 2139 tamen,
1423 2114 1481 2133 non
1498 2103 1570 2144 quia
1596 2110 1628 2135 tu

966 2155 1090 2195 (lignus,
1107 2154 1161 2184 sed
1182 2155 1257 2195 quia
1281 2164 1339 2194 ego
1355 2163 1447 2183 verax
1464 2153 1518 2184 tibi
1542 2164 1626 2184 men-

967 2203 1058 2234 dacia
1071 2203 1236 2234 obtrudere
1252 2202 1353 2232 nolui:
1379 2212 1447 2243 quae
1465 2202 1556 2243 longe
1573 2204 1628 2234 ab-

966 2259 1038 2283 sunt
1054 2263 1069 2283 a
1085 2258 1188 2282 mente
1204 2252 1322 2282 Poe'tae.
1369 2252 1487 2282 Burni.

1010 2303 1064 2333 39.
1092 2302 1138 2331 Τιι
1161 2301 1266 2340 cedis]
1296 2300 1400 2330 Credis
1425 2311 1503 2331 unus
1524 2302 1628 2332 Medi-

966 2351 1053 2381 ceus.
1078 2351 1164 2385 forte,
1182 2356 1209 2380 te
1227 2351 1333 2380 credis.
1379 2349 1500 2380 mes.

1011 2401 1065 2431 42.
1090 2401 1193 2430 AEseus
1213 2406 1241 2429 et
1258 2399 1368 2438 undem]
1396 2398 1434 2429 ld
1455 2405 1511 2435 est,
1528 2410 1629 2429 recur-

968 2461 1019 2480 sus
1036 2448 1140 2480 undae.
1165 2448 1191 2478 is
1206 2447 1288 2478 enim
1303 2454 1389 2478 aestus
1402 2446 1527 2478 dicitur.
1576 2448 1629 2478 Υἱ-

967 2499 1119 2540 deturque
1154 2507 1226 2528 usus
1263 2497 1361 2537 figura
1398 2496 1506 2532 Poeta,
1536 2508 1629 2537 quam

969 2547 1071 2578 Graeci
1101 2552 1213 2577 vocant
1238 2548 1274 2578 ’ἐν
1299 2545 1349 2576 διὰ
1377 2544 1444 2576 δύο.
1490 2547 1561 2582 Qua
1591 2546 1629 2576 (le

969 2596 1093 2637 Virgilii
1120 2595 1198 2626 illud
1226 2605 1350 2636 quoque
1379 2601 1437 2629 cst,
1470 2594 1627 2634 Clmlybem

959 2646 1123 2686 ‘frenosque
1149 2646 1324 2675 momordit:
1349 2654 1402 2685 pro
1426 2643 1546 2673 frenum
1572 2644 1629 2674 ser-

970 2706 1067 2731 reum,
1094 2694 1157 2725 sive
1181 2705 1218 2725 ex
1243 2693 1385 2734 Clialybe
1411 2693 1538 2723 factum.
1564 2693 1629 2723 Μι-

971 2755 1107 2773 1WLLk'5.
