1849 3198
189 219 274 260 104

580 219 631 260 Ρ.
664 218 878 262 OVIDII
910 220 1190 263 NASONIS

194 334 391 383 Castori
415 333 674 399 Amyclaeo
698 341 749 382 et
772 334 1028 400 Amyclaeo
1054 335 1247 385 Polluci

260 410 480 459 Reddita
504 410 771 475 Mopsopia
795 411 1013 461 Taenaris
1038 414 1160 461 urbe
1185 430 1337 462 soror.

190 485 427 544 Taenaris,
456 487 591 535 Idaeo
614 495 749 536 trans
776 505 946 553 aequor
970 491 1033 538 ab
1058 490 1254 555 hospite
1278 498 1435 557 rapta,

257 564 515 628 Argolicas
541 582 630 630 pro
655 583 709 614 se
732 566 878 614 vertit
901 567 951 614 in
976 583 1112 615 arma
1134 584 1326 616 manus.
1515 571 1577 616 74

189 640 288 689 Vix
313 642 546 706 equidem
570 643 799 691 memini:
840 644 1041 691 memini
1065 651 1248 692 tamen.
1287 644 1452 692 omnia
1474 645 1577 692 luc-

260 719 443 767 Omnia
467 720 663 767 solliciti
688 721 837 785 plena
859 721 1047 768 timoris
1074 728 1228 769 erant.

1457 723 1576 784 [tus,

191 797 368 845 Flebat
392 814 526 854 avus,
555 797 848 861 Phoebeque
874 815 1024 854 soror,
1051 798 1325 862 fratresque
1350 799 1576 862 gemelli:

259 874 449 922 Orabat
472 892 678 939 superos
705 875 857 932 Leda,
884 893 1128 940 suumque
1152 876 1181 923 J
1187 893 1344 924 ovem.

191 950 310 1014 Ipsa
335 968 444 1015 ego,
472 969 571 1000 non
594 954 768 1016 longos
794 953 944 1001 etiam
970 970 1098 1001 nunc
1126 955 1282 1001 scissa
1304 954 1527 1019 capillos,

258 1028 567 1085 Clamabam,
598 1030 717 1078 Sine
742 1047 838 1087 me,
866 1047 945 1078 me
971 1032 1092 1086 sine,
1120 1038 1292 1087 mater,
1320 1032 1460 1079 abis?
1515 1035 1578 1078 80

190 1102 322 1152 Nam
347 1107 531 1168 conjux
557 1107 744 1154 aberat.
784 1124 845 1155 ne
872 1125 969 1155 non
994 1107 1234 1172 Pelopeia
1257 1109 1445 1166 credar,

257 1182 390 1230 Ecce
418 1182 750 1247 Neoptolemo
775 1187 945 1249 praeda
967 1193 1139 1250 parata
1162 1185 1247 1233 fui.

189 1258 390 1307 Pelides
416 1261 604 1308 utinam
629 1262 835 1310 vitasset
859 1263 1102 1327 Apollinis
1129 1264 1297 1310 arcus!

257 1335 530 1384 Damnaret
554 1338 655 1384 nati
681 1338 813 1386 facta
836 1347 1064 1403 proterva
1087 1347 1244 1404 pater.

186 1537 248 1569 Sed
264 1538 334 1569 vide
350 1550 388 1570 ne
403 1540 453 1570 hic
470 1540 637 1581 legendum
653 1542 692 1572 sit
708 1555 773 1582 quo,
787 1554 847 1574 non

185 1592 290 1618 autem
305 1600 373 1628 qua.
419 1589 513 1620 Cror.

229 1637 283 1667 70.
319 1638 407 1668 Vecta
443 1642 610 1681 peregrinis
647 1640 848 1680 Hippodamia

184 1686 286 1726 rotis]
312 1687 461 1718 Omnium
486 1688 602 1730 optime
631 1689 714 1721 hunc
744 1691 847 1721 locum

185 1734 322 1776 explicat
338 1736 521 1768 Parrhasius
543 1737 598 1769 lib.
613 1738 660 1769 iii.
684 1739 716 1769 in
731 1739 847 1770 Claud.

185 1782 224 1814 de
262 1784 367 1826 Raptu
406 1786 609 1828 Proserpinae.
663 1787 846 1820 CroFANus.

186 1832 326 1874 Propert.
353 1834 375 1864 i.
406 1834 440 1866 ii.
477 1836 529 1866 20.
575 1837 687 1868 Avecta
723 1841 850 1869 estrei-nis

187 1882 388 1923 Hippodamia
412 1887 494 1916 ⁷·0t1's.
518 1885 570 1916 ubi
596 1886 662 1917 vid.
685 1887 848 1918 Broukhu-

186 1931 279 1963 sium.

231 1982 285 2012 72.
312 1981 463 2023 Tyndaris
490 1985 563 2014 urbe
589 1986 697 2026 soron]
734 1986 848 2016 Putea-

186 2041 264 2062 neus
279 2031 420 2069 Taenaris,
435 2039 501 2064 tam
516 2033 579 2070 hic,
596 2045 690 2076 quam
706 2035 849 2076 sequenti

186 2091 287 2112 versu.
302 2083 410 2123 probe.
444 2083 632 2115 Delectatur
644 2084 725 2115 enim
736 2085 850 2116 Noster

186 2128 270 2160 hisce
287 2131 541 2172 oppositionibus.
565 2138 600 2163 ut
616 2144 708 2175 supra
723 2145 754 2164 v.
775 2135 825 2164 14.

232 2178 308 2208 Cum
332 2179 459 2210 Danaus
476 2181 627 2222 Phrygias
648 2189 749 2213 ureret
772 2185 850 2224 ignis

272 2238 347 2266 opes.

186 2275 227 2305 Et
240 2274 262 2305 i.
280 2275 350 2306 Art.
368 2277 443 2307 686.

230 2323 385 2366 Grqjaque
414 2328 445 2357 ιή
473 2326 576 2357 Iliacis
601 2330 742 2359 mamibus
773 2340 848 2360 uim·

272 2381 350 2404 erat.

187 2423 327 2459 Quorum
349 2423 418 2454 finis
444 2435 504 2455 non
528 2432 620 2456 esset.
649 2426 693 2458 sic
719 2427 849 2459 Taenaris

187 2477 270 2502 terra
286 2473 344 2514 Ep.
368 2473 489 2504 Paridis
514 2476 567 2505 31.
591 2480 621 2505 et
642 2476 773 2508 Taenaris
797 2490 848 2508 ora

187 2521 248 2562 Ep.
265 2521 406 2558 Helenae,
434 2523 600 2554 Taenariam
624 2528 760 2557 maritam
781 2527 846 2558 He-

187 2569 289 2600 lenam
315 2582 440 2612 quoque
464 2573 564 2614 Epist.
582 2573 650 2604 xiii.
675 2576 728 2606 45.
746 2582 848 2607 vocat.

187 2618 217 2648 in
255 2619 368 2660 quibus
396 2622 538 2653 omnibus
568 2622 644 2654 locis
673 2625 784 2656 eadem
818 2626 849 2656 iu

187 2667 281 2698 MSS.
299 2668 445 2700 varietas.
492 2671 611 2702 Ili-uns.

230 2716 283 2747 73.
324 2716 419 2748 Trans
454 2720 597 2761 [equora]
637 2722 731 2764 Lege,
764 2729 847 2754 trans

186 2775 294 2805 ‘equor-
340 2767 457 2799 Hsms.

960 1546 1011 1575 77.
1044 1545 1149 1575 Flebat
1177 1555 1260 1581 avus,
1280 1545 1432 1586 flebatque
1463 1543 1574 1584 sororu]

918 1595 1075 1634 Phoebiqice
1096 1606 1176 1624 sor-01·
1190 1594 1378 1629 Puteaneus,
1396 1593 1577 1624 Francofur-

915 1643 1010 1673 tensis
1035 1649 1065 1673 et
1088 1643 1254 1674 Junianus.
1301 1643 1384 1683 Lege
1402 1642 1576 1682 Phoebeque.

915 1692 1079 1734 Euripides
1094 1692 1260 1735 Iphigenia
1282 1702 1344 1723 non
1358 1692 1450 1733 longe
1465 1692 1503 1722 ab
1519 1691 1577 1722 ini-

917 1741 959 1772 tio
975 1740 1113 1783 apposite
1127 1754 1133 1771 :

959 1790 1134 1833 Ἐγένοντο
1173 1790 1267 1833 Λὴδᾳ
1305 1789 1455 1822 θεστεάδι
1492 1792 1580 1833 τρεῖς

1004 1839 1171 1881 παρθένοι,

961 1889 1077 1929 Φοίβη,
1108 1887 1415 1930 Κλυταιμνέστρ(ιτ’
1435 1888 1494 1930 ἐμὴ
1525 1889 1578 1924 ξυ-

1003 1938 1134 1981 νάορος,

959 1985 1127 2026 ‘EMvm-s.

917 2037 1038 2067 Phoebe
1065 2047 1137 2077 ergo
1162 2047 1243 2067 soror
1270 2036 1416 2067 Helenae.
1462 2035 1579 2067 Veram

917 2097 1039 2127 quoque
1082 2085 1250 2116 lectIOnem
1288 2085 1491 2116 subodoratus
1532 2092 1580 2117 est

916 2135 1124 2166 Mezeriacus.
1149 2135 1323 2165 HmNsms.
1360 2134 1493 2176 Egregie
1509 2134 1578 2176 qui-

916 2183 987 2214 dem
1011 2183 1171 2214 Heinsius.
1196 2183 1251 2214 sed
1277 2182 1331 2214 alii
1352 2194 1413 2214 non
1438 2184 1579 2215 Helenes

915 2243 1047 2263 sororem
1063 2233 1217 2269 Phoeben,
1233 2233 1287 2263 sed
1309 2232 1459 2275 Leucippi
1482 2233 1577 2264 filiam

916 2281 1045 2317 faciunt,
1069 2287 1100 2312 et
1123 2292 1251 2313 uxorem
1272 2282 1421 2313 Pollucis.
1446 2283 1511 2313 vid.
1538 2283 1578 2314 ad

916 2330 1057 2372 Propert.
1074 2330 1097 2361 i.
1114 2332 1206 2372 Eleg.
1223 2331 1255 2362 ii.
1273 2332 1322 2362 15.
1340 2337 1371 2363 et
1386 2331 1457 2363 infr.
1473 2333 1576 2374 Epist.

916 2380 979 2411 xvi.
997 2381 1070 2412 327.

959 2430 1013 2460 83.
1039 2430 1157 2460 Pelides
1180 2431 1297 2460 utinam.
1320 2432 1438 2461 vitasset
1458 2432 1575 2471 Apolli-

916 2479 962 2508 nis
976 2479 1093 2519 arcus]
1119 2478 1260 2510 Achilles
1278 2479 1459 2511 interfectus
1475 2487 1522 2512 est
1537 2482 1577 2512 ab

915 2526 1062 2569 Apolline
1086 2528 1125 2559 ad
1149 2534 1253 2570 portas
1268 2529 1381 2566 Scaeas,
1397 2530 1481 2571 quod
1496 2531 1575 2561 vati-

917 2575 1032 2608 cinium
1049 2588 1067 2608 a
1079 2583 1176 2608 matre
1188 2589 1244 2608 sua
1255 2578 1387 2610 Thetide
1398 2586 1574 2621 acceperat.

917 2627 960 2664 Q.
985 2627 1161 2668 Smyrnaeus
1186 2627 1239 2658 lib.
1264 2627 1309 2669 iii..
1327 2628 1464 2670 Paralip.
1510 2628 1575 2660 Alii

916 2675 1024 2706 volunt
1046 2686 1128 2711 eum,
1144 2675 1219 2707 dum
1240 2677 1441 2719 Polyxenam,
1457 2677 1574 2709 Priami

913 2734 951 2755 ex
968 2725 1100 2756 Hecuba
1124 2725 1229 2761 filiam,
1247 2726 1335 2768 cujus
1349 2726 1444 2757 forma
1465 2733 1575 2770 captus

915 2780 990 2811 erat,
1007 2785 1133 2806 uxorem
1155 2775 1213 2807 sibi
1236 2775 1433 2818 postulasset,
1448 2776 1481 2808 in
1496 2782 1573 2808 tem-
