1849 3198
547 202 756 233 BENTLEH
778 201 1147 234 EMENDATIONES.
1513 205 1550 234 13

155 287 213 318 157
236 287 304 318 Aut
319 286 393 318 mihi
409 287 452 319 sic
468 289 559 318 visam
576 293 641 326 est;
657 298 727 329 ego,
741 290 813 319 dum
827 287 998 325 dubitaret,

155 341 213 371 167
236 341 345 371 Forma
361 352 486 383 quoque

153 394 212 424 168
237 394 402 425 Laudatur
415 396 511 437 vulgi,
524 395 650 437 justius,
667 400 728 425 etc.
746 394 791 435 [v.
810 394 903 435 174.]

154 448 214 478 170
516 449 611 479 verba
624 448 829 488 dedissefiat.

155 501 214 531 185
241 501 327 535 Quod
341 503 411 532 bene
426 501 606 544 persuades,
622 501 742 532 utinam
756 501 838 531 bene
855 509 965 540 cogere
980 500 1091 538 posses!

155 554 216 584 186
239 554 288 585 Sic
303 565 374 585 mea
389 554 567 596 (Ms.,Re1.
582 554 633 584 vel
651 553 737 584 Tunc
753 563 835 589 mea,
853 552 927 584 MS.
944 552 1053 591 Dun.)

155 608 214 638 188
239 607 288 638 Sic
304 614 387 639 certe
403 608 476 639 felix
492 610 555 648 ipsa
570 607 658 649 (MS.
675 608 719 639 D.
734 607 782 638 vel
800 618 868 643 esse,
884 606 956 637 MS.
972 606 1064 648 Rel.)
1080 607 1309 647 coactasorem.
1356 608 1465 648 [MSS.
1482 609 1554 640 Rel.

282 660 387 702 Dun.]

157 715 216 744 190
690 715 799 744 residet
815 713 908 754 aqua.

157 767 217 797 193
522 766 609 798 testis
623 767 750 797 Mino'i'a
764 766 849 807 virgo
869 766 982 806 [deleto
996 778 1043 807 τῳ
1059 766 1123 807 est]

157 820 217 850 194
604 821 671 850 laesa
687 819 772 850 toris.
789 819 882 860 (237.
899 819 948 851 vel
961 826 1052 859 pacta
1067 820 1138 850 MS.
1154 819 1263 860 Dun.)

160 873 220 902 196
568 873 749 904 Disseruisse
762 872 850 913 (MS.
866 872 954 903 Dun.
967 872 1018 904 vel
1032 874 1198 904 destituisse
1212 874 1283 904 MS.
1299 873 1361 914 R.)
1378 879 1474 905 tuam.

160 926 219 957 197
245 927 314 957 Non
332 933 436 958 tamen
456 926 546 968 [MS.
564 926 670 967 Dun.]

156 981 220 1011 206
566 979 790 1012 Laomedontis
804 981 891 1010 eam?

156 1035 217 1065 211
521 1035 639 1066 Priami
654 1034 730 1076 quid
745 1036 854 1065 sentiat
871 1044 967 1071 uxor3
996 1033 1106 1074 [MSS.
1122 1033 1209 1064 Dun.
1225 1033 1318 1073 Re1.]

157 1088 220 1119 213
395 1088 449 1130 qui
465 1088 657 1131 poterisfore

157 1141 221 1172 226
478 1152 527 1172 me
545 1146 632 1172 tenet
647 1142 707 1181 ipso
723 1141 826 1172 modo.

157 1194 220 1224 227
524 1202 663 1226 succuret
679 1194 710 1225 in
726 1194 806 1226 oris'?

159 1247 222 1278 228
246 1247 340 1279 Unde
354 1253 457 1290 petam
462 1248 595 1290 fratres,

160 1301 223 1332 232
526 1301 735 1344 Chalciopeve
750 1312 844 1333 soror.

160 1354 223 1385 252
483 1354 614 1386 dissidet
630 1356 692 1395 ipsa
708 1357 779 1387 tuis.
799 1355 890 1396 [MS.
907 1352 1012 1395 Duri.]

159 1408 223 1438 253
483 1418 578 1450 quam
593 1415 664 1439 sunt
680 1414 735 1439 tua
750 1418 880 1451 corpora
894 1408 1005 1439 Marti.
1021 1407 1108 1448 [MS.
1124 1408 1229 1449 Dun.]

161 1461 225 1491 256
571 1462 665 1492 altera
684 1463 786 1492 (landa
802 1464 872 1493 tuis.

161 1514 225 1545 259
487 1516 599 1555 sapiam
616 1516 757 1552 fortasse,

161 1569 221 1599 261
484 1574 654 1611 praesentes
669 1571 726 1599 ista
739 1569 926 1610 loquamu13
954 1568 1043 1609 [MS.
1059 1568 1163 1608 Dun.]

162 1622 225 1653 264
251 1622 315 1654 Nec
332 1632 417 1654 mora
420 1624 464 1664 fit

163 1675 226 1707 265
487 1678 611 1716 captivae
626 1676 753 1707 conscia
768 1675 881 1707 mentis
901 1675 992 1715 [Am.
1007 1674 1028 1706 i.
1043 1676 1074 1705 2.
1089 1674 1159 1715 30.]

294 1728 366 1760 VV.
382 1729 454 1765 109,
469 1729 539 1761 110.
552 1729 782 1771 abjudicentur.
817 1730 842 1759 A
858 1729 951 1759 Msto
969 1728 1043 1759 Rel.
1059 1729 1148 1759 abest
1164 1728 1221 1758 hoc
1237 1727 1412 1766 distic-hom
1435 1727 1466 1758 in
1481 1728 1566 1758 Dun¹

336 1788 406 1823 post
420 1793 555 1824 sequens
568 1783 702 1824 ponitur.

681 1898 861 1936 EPIST.
892 1898 1055 1937 XVIII.

210 1997 230 2024 2
535 1995 609 2024 Sesti
624 1994 740 2036 puella,
759 1992 829 2024 tibi.

212 2050 231 2078 5
533 2058 587 2078 cur
601 2057 673 2077 mea
688 2051 760 2077 vota
774 2053 945 2082 morantur,

211 2102 231 2131 6
531 2111 588 2132 nec
603 2103 766 2141 patiuntur
781 2112 799 2130 a
815 2100 901 2141 quii?

194 2156 231 2185 17
256 2154 396 2186 Forsitan
412 2154 545 2185 admotis
559 2156 650 2185 etium
666 2155 793 2195 tangere
810 2155 916 2185 libellis
925 2166 936 2192 ;

190 2209 228 2239 31
620 2206 784 2247 vigilantia
797 2209 889 2243 turri,

192 2263 234 2292 42
622 2259 790 2291 incaluisse
806 2271 904 2301 neges.

193 2317 234 2346 43
258 2315 386 2347 Gaudia
400 2322 526 2355 capture

194 2370 235 2399 50
537 2378 632 2409 prope
648 2366 722 2398 litus
735 2368 823 2397 abest.

193 2423 234 2453 53
258 2422 392 2457 Interea,
408 2420 482 2452 dum
498 2432 569 2451 vera
586 2426 701 2461 negant

193 2476 235 2506 54
539 2474 662 2504 Gaudia
677 2472 776 2514 prima
792 2472 865 2503 mei.
891 2472 940 2512 [v.
962 2472 1049 2511 107.]

193 2529 235 2559 56
258 2528 339 2559 Cum
357 2529 469 2558 laribus
483 2527 592 2568 patriis
608 2526 691 2567 [xiii.
708 2527 762 2557 87.
809 2526 902 2556 Rem.
918 2526 1008 2565 232]

192 2583 234 2613 63
258 2582 330 2613 Non
344 2583 423 2612 sinat
439 2582 528 2622 (MS.
546 2582 632 2611 Dun.
649 2580 698 2611 vel
714 2591 775 2611 non
791 2583 863 2611 sinit
880 2581 948 2610 MS.
966 2579 1061 2618 Rei.)

198 2636 239 2665 70
584 2633 652 2675 ipsa
667 2636 744 2664 vide.
764 2633 876 2673 [MSS.
894 2634 982 2664 Dun.
1000 2632 1093 2671 Reh]

198 2689 238 2718 76
498 2687 606 2726 Sponte
620 2687 739 2718 ferebar
755 2696 865 2727 aquas.

198 2743 238 2772 70
262 2741 422 2782 Nullaque
439 2751 495 2772 vox
512 2752 634 2781 usquam
652 2746 773 2771 nostras
789 2740 932 2771 veniebat
950 2739 990 2769 ad
1008 2749 1107 2774 aureS,
