1849 3198
214 199 251 236 vi
632 197 677 235 P.
707 198 898 237 OVIDII
928 197 1182 238 NASONIS

275 304 375 347 Fuit
409 319 464 347 ex
495 307 684 361 equestri
714 314 838 349 natus
869 307 1040 358 familia,
1073 308 1168 363 ipso
1201 308 1370 350 dicente
1401 307 1443 348 in
1474 307 1527 347 iv.
1562 306 1617 347 de

217 372 350 415 Trist.
376 372 501 428 Eleg.
527 388 580 414 x:

320 509 364 546 Si
383 509 476 559 quid
493 509 533 547 id
551 516 621 553 est,
642 522 761 559 usque
780 522 802 546 a
820 509 968 559 proavis
988 516 1098 547 vetus
1116 509 1259 547 ordinis
1278 510 1402 553 heres,

370 571 413 608 N
414 585 463 610 on
477 571 588 610 modo
606 572 768 610 fortunae
787 584 946 609 munere
965 572 1088 610 faetus
1108 585 1235 622 eques.

216 713 277 756 Et
298 713 523 756 Fastorum
543 715 583 755 vi
600 731 609 755 :

320 848 461 887 Sancte
478 855 589 900 pater
607 849 753 900 patriae,
773 848 845 887 tibi
864 848 985 899 plebs,
1005 848 1078 886 tibi
1096 848 1201 886 curia
1219 860 1358 886 nomen

374 911 461 949 Hoc
479 911 611 949 dedit:
641 911 711 949 hoc
730 910 905 950 dedimus
924 925 990 949 nos
1009 912 1081 950 tibi
1100 924 1238 949 nomen
1257 924 1383 962 eques.

273 1050 580 1093 Patrimonium
607 1052 707 1093 satis
735 1051 922 1107 amplum
948 1052 1150 1094 habuisse
1178 1058 1367 1102 constan
1411 1051 1528 1106 quod
1559 1051 1614 1091 ab

215 1118 368 1159 eodem
388 1117 431 1158 in
453 1117 594 1159 Ponto
616 1119 675 1160 sic
696 1119 961 1160 ostenditur:

318 1263 362 1300 N
363 1276 411 1302 on
429 1276 537 1302 meus
556 1264 710 1302 amissos
729 1264 878 1302 animus
898 1263 1087 1302 desiderat
1107 1277 1214 1313 agros

371 1325 553 1377 Ruraque
574 1325 734 1376 Peligno
753 1325 1015 1376 conspicienda
1033 1325 1110 1363 solo
1123 1340 1135 1370 3

317 1387 360 1425 N
361 1402 404 1426 ec
422 1401 515 1438 quos
534 1388 728 1439 pomiferis
747 1388 888 1438 positos
907 1387 948 1424 in
967 1387 1128 1425 collibus
1147 1387 1275 1425 hortos

370 1450 529 1501 Spectat
550 1451 749 1489 Flaminiae
770 1451 933 1488 Claudia
946 1451 1083 1501 juncta
1102 1451 1186 1488 viae.

214 1590 323 1632 Item
357 1591 529 1632 domum
561 1606 646 1633 non
676 1591 804 1647 longe
835 1607 860 1633 a
896 1592 1136 1647 Capitolio:
1182 1593 1240 1633 ait
1277 1592 1388 1633 enim
1423 1593 1466 1633 in
1498 1593 1523 1633 i.
1558 1593 1613 1634 de

214 1658 348 1700 Trist.
374 1657 498 1713 Eleg.
523 1659 588 1700 iii:

318 1791 432 1830 Hanc
451 1805 520 1843 ego
537 1794 760 1844 suspiciens,
780 1801 819 1831 et
839 1793 887 1831 ad
905 1793 985 1831 haec
1006 1793 1194 1844 Capitolia
1214 1807 1384 1839 cernens,

370 1855 468 1901 Quae
483 1862 611 1894 nostro
628 1857 771 1894 frustra
785 1857 921 1906 juncta
940 1857 1047 1895 fuere
1066 1856 1147 1894 lari.

270 1994 464 2037 Fratrem
485 2003 696 2051 praeterea
715 1997 867 2038 habuit
895 2005 999 2039 natu
1026 1998 1230 2052 majorem
1251 1998 1478 2040 duodecim
1498 2013 1613 2040 men-

213 2062 356 2111 sibus;
388 2070 445 2112 et,
470 2064 587 2116 quod
614 2065 766 2105 mirum
793 2071 872 2114 est,
895 2064 1063 2114 eodem,
1092 2080 1178 2118 quo
1206 2065 1313 2119 ipse,
1343 2072 1489 2106 natum
1516 2066 1610 2106 die:

213 2135 399 2186 uterque⁴
410 2129 520 2170 enim
536 2131 859 2183 quartodecimo
876 2129 1064 2172 Kalend.
1084 2131 1247 2186 Aprilis
1264 2132 1473 2174 Minervae
1490 2133 1611 2186 quin-

212 2196 387 2248 quatriis
401 2203 524 2237 natus
540 2204 627 2247 est3
660 2197 776 2251 quod
792 2198 849 2238 sic
864 2198 955 2252 ipse
969 2198 1012 2238 in
1025 2205 1180 2252 quart-o
1196 2199 1250 2240 de
1268 2198 1402 2240 Trist.
1423 2199 1549 2253 Eleg.
1566 2214 1607 2240 x,

316 2360 357 2396 N
359 2373 401 2397 ec
420 2360 534 2410 stirps
553 2361 675 2410 prima
694 2361 750 2398 fui
766 2376 774 2398 :
804 2362 935 2411 genito
954 2376 1038 2399 sum
1057 2363 1177 2400 fratre
1198 2369 1361 2407 creatus,

369 2422 447 2467 Qui
468 2422 588 2460 tribus
606 2430 695 2460 ante
715 2431 850 2473 quater
869 2425 1063 2463 mensibus
1081 2433 1186 2463 ortus
1206 2433 1299 2463 erat.

316 2484 473 2522 Lucifer
491 2486 673 2523 ambobus
693 2486 884 2524 natalibus
903 2487 1030 2525 adfuit
1049 2487 1173 2525 idem:

371 2546 457 2583 Una
477 2547 665 2586 celebrata
685 2556 742 2586 est
761 2562 829 2599 per
845 2548 920 2586 duo
939 2549 1016 2587 liba
1035 2549 1126 2587 dies.

318 2608 414 2646 Haec
433 2616 490 2646 est
510 2611 694 2648 armiferae
715 2611 761 2649 de
782 2612 888 2650 festis
907 2613 1076 2662 quinque
1098 2612 1306 2649 Minervae·

370 2671 467 2716 Qum
487 2672 567 2709 fieri
588 2686 715 2722 pugna
734 2675 851 2724 prima
875 2682 1033 2712 cruenta
1053 2675 1159 2712 solet.
