1849 3198
612 236 1260 281 HEROIDES.EP.X1H.

1551 235 1636 276 169

248 354 454 403 Troasin
479 355 688 402 invideo.
728 370 840 418 quae
867 354 908 400 si
932 352 1193 400 lacrimosa
1217 368 1418 399 suorum

318 432 512 480 Funera
535 432 858 496 conspicient,
886 447 978 477 nec
997 431 1169 494 procul
1193 430 1348 476 hostis
1375 429 1493 487 erit3

250 509 367 573 Ipsa
392 510 492 557 suis
518 510 746 557 manibus
772 509 883 556 forti
908 525 1036 555 nova
1058 514 1214 571 nupta
1237 507 1412 554 marito

318 587 550 651 Imponet
573 587 782 650 galeam,
809 586 1120 648 barbaraque
1145 599 1282 631 arma
1305 583 1459 629 dabit.

1543 586 1635 629 140

249 664 402 711 Arma
425 665 585 712 dabit:
615 665 835 727 dumque
855 679 991 710 arma
1014 662 1168 717 dabit,
1190 661 1336 708 simul
1360 660 1530 707 oscula
1554 677 1633 706 su-

315 741 449 803 (Hoc
476 758 632 804 genus
658 741 802 788 officii
828 741 972 788 dulce
997 740 1191 787 duobus
1218 737 1350 798 erit.)

1496 737 1634 798 [met,

251 819 605 882 Producetque
629 820 786 866 virum
808 838 819 876 3
859 818 998 866 dabit
1023 825 1073 865 et
1103 817 1337 864 mandata
1360 815 1565 863 reverti:

317 895 383 942 Et
407 897 568 944 dicet:
610 896 819 944 Referas
845 897 956 952 ista,
984 896 1108 952 face,
1136 911 1272 942 arina
1294 893 1423 940 Jovi.

247 1010 414 1041 lectionem
429 1017 529 1042 mutat
541 1011 746 1048 Huberffinus,
757 1011 909 1053 legitque,
931 998 933 1000 Ι

247 1061 295 1089 sed
319 1061 390 1100 quid
415 1072 470 1101 ago
496 1071 643 1091 revocans.
667 1061 754 1091 nulla
776 1061 837 1091 alia
861 1071 910 1091 ra-

249 1108 342 1144 tione,
360 1121 454 1151 quam
470 1110 553 1151 quod
568 1110 652 1141 dicat
675 1121 843 1152 pronomen
859 1123 911 1152 ego

248 1159 447 1200 posteriorem
460 1160 622 1202 corripere.
637 1160 692 1190 sed
708 1171 764 1202 ego
777 1160 909 1201 priorem

249 1207 415 1239 lectionem
440 1215 474 1239 ut
495 1208 651 1250 puriorem
677 1209 805 1245 retineo,
831 1215 862 1240 et
885 1210 910 1240 si

249 1257 325 1298 quid
349 1257 380 1287 in
405 1257 528 1299 syllaba
549 1268 641 1288 morae
667 1258 717 1294 sit,
738 1258 770 1288 id
793 1269 911 1289 caesuia

249 1305 375 1336 defendi
389 1317 478 1348 posse
494 1317 615 1338 censeo.
639 1308 829 1338 M1CYLLvs.
855 1308 911 1338 Sed

249 1357 321 1395 qnid
347 1367 398 1397 ego
425 1367 523 1386 reroco
539 1357 622 1386 hac?
645 1368 727 1387 omen
750 1360 912 1388 revocantis

249 1405 355 1440 abesto,
369 1404 462 1445 vulgo
478 1404 590 1441 editur,
605 1405 660 1436 sed
674 1416 827 1447 nusquam
842 1417 911 1448 pro-

251 1453 337 1484 ducit
353 1454 495 1484 ultimam
519 1454 551 1484 in
567 1467 618 1496 ego
634 1456 765 1493 Noster;
789 1466 826 1485 ex
851 1455 912 1486 ele—

250 1501 303 1542 gia
328 1502 359 1532 in
382 1502 522 1533 Drusum
548 1514 580 1534 v.
608 1505 680 1534 193.
714 1504 781 1534 haec
800 1504 913 1546 produ-

252 1557 374 1587 cuntur,
390 1554 461 1592 qnid
486 1564 538 1594 ego
551 1555 618 1592 jam
645 1555 786 1584 credulus
802 1555 912 1594 inquit.

253 1601 307 1631 sed
331 1601 421 1632 aliter
440 1601 484 1633 ibi
506 1602 630 1645 scripti:
656 1603 777 1645 putavit
799 1603 830 1633 id
855 1604 913 1634 sibi

251 1650 345 1681 licere
368 1651 525 1682 Ausonius
550 1663 611 1682 non
631 1664 692 1683 uno
715 1652 794 1689 loco,
820 1658 914 1694 atque

251 1698 339 1730 illum
369 1700 480 1731 secuti.
511 1701 550 1732 de
580 1702 693 1742 quibus
722 1703 814 1733 Voss.
844 1702 914 1732 Art.

253 1749 363 1780 Gram.
382 1749 436 1780 lib.
451 1750 486 1781 ii.
502 1761 532 1781 c.
549 1751 602 1781 27.
622 1751 677 1782 sed
692 1757 723 1782 et
739 1751 789 1782 hic
805 1751 837 1782 in
853 1752 915 1782 alia

254 1798 358 1829 omnia
371 1798 537 1830 discedunt
552 1805 672 1831 veteres
684 1800 765 1837 libri,
782 1812 913 1842 quorum

254 1847 414 1878 nonnulli:

297 1897 354 1927 Sed
377 1899 448 1937 quid
464 1908 516 1939 ego
538 1899 656 1929 revoco?
681 1900 784 1930 laeuum
806 1901 914 1939 procul

341 1958 423 1977 omen
438 1948 547 1977 abesto.

257 1995 316 2026 Vel
344 2007 442 2026 revoco
463 1997 535 2026 hoec.
561 2002 592 2026 et
613 2007 719 2027 scevam
747 2009 840 2034 omen,
865 1998 915 2029 vel

256 2047 314 2076 haec
328 2056 441 2076 revoco.
466 2044 519 2076 alii
534 2057 540 2074 :

299 2095 357 2126 Sed
385 2097 456 2136 quid
476 2107 532 2137 ago
561 2096 722 2126 revocans?
753 2099 916 2128 revocantis

342 2156 446 2176 nomen
462 2147 568 2175 abesto.

256 2194 329 2230 Vel,
355 2206 448 2225 omen.
471 2194 534 2230 vel,
561 2205 643 2225 omen
663 2197 839 2226 revocantis.
864 2195 917 2227 alii

257 2244 359 2275 aliter.
406 2245 487 2276 Puto
502 2243 717 2275 scribendum:

302 2294 358 2325 Sed
373 2296 444 2335 quid
456 2306 507 2336 ego
522 2295 570 2324 hos
587 2305 686 2324 revoco
699 2295 710 2323 ?
725 2296 918 2325 revocaminis

345 2354 428 2373 omen
445 2345 552 2374 abesto.

260 2392 405 2424 Viderint
433 2393 595 2428 acutiores,
621 2392 646 2423 si
668 2403 700 2423 se
732 2392 854 2424 felicius
879 2403 917 2423 ex

260 2442 318 2473 hoc
334 2442 401 2473 loco
417 2442 598 2483 expediant.
646 2443 764 2473 mes.

307 2492 380 2522 137.
409 2491 539 2522 Troadas
567 2492 715 2532 invideo]
745 2491 919 2526 Σολοικίζει

261 2541 328 2572 haec
345 2541 472 2582 vulgata
487 2541 598 2571 lectio:
624 2552 695 2571 nam
708 2540 784 2570 nihil
801 2540 839 2570 ad
857 2550 919 2569 rem

261 2591 345 2627 facit,
358 2591 440 2632 quod
452 2601 489 2620 ex
505 2591 613 2621 Tacito
626 2590 757 2620 adduxit
773 2588 921 2620 Ciofanus

262 2641 316 2672 lib.
333 2641 354 2671 i.
382 2641 428 2670 Ne
444 2641 534 2670 hostes
544 2642 659 2680 quidem
674 2641 858 2679 sepulturam
875 2641 921 2668 ιἰι-

262 2692 374 2726 vident,
390 2689 444 2720 ubi
463 2691 590 2720 hostibus
612 2688 920 2729 subintelligendum.

263 2739 402 2771 Acciano
418 2745 473 2771 aut
496 2739 674 2770 Pacuviano
692 2750 758 2769 oevo
774 2738 921 2768 valuisset

266 2789 322 2820 hac
340 2789 467 2825 locutio,
483 2789 614 2820 Troadas
628 2790 761 2820 ini-ideo.-
778 2798 815 2818 ex
832 2787 922 2818 Accii

979 1010 1062 1041 enim
1089 1008 1273 1050 Menalippe
1303 1008 1379 1038 citat
1407 1007 1490 1037 hunc
1515 1016 1638 1036 versum

979 1059 1088 1090 Cicero
1101 1059 1170 1089 libri
1186 1058 1231 1089 iii.
1248 1058 1472 1093 Tusc.Quaest.
1489 1057 1521 1086 9.
1550 1055 1638 1089 Quis-

978 1121 1044 1139 nam
1060 1110 1169 1150 florem
1186 1108 1311 1138 liberum
1327 1107 1436 1136 inridit
1452 1106 1559 1135 merim.
1584 1105 1639 1135 sed

979 1157 1088 1188 addit:
1116 1158 1199 1187 Male
1222 1157 1333 1187 Latine
1357 1157 1486 1190 ridetur,
1501 1156 1550 1184 sed
1564 1165 1639 1194 prcc-

978 1208 1059 1238 clare
1076 1208 1201 1237 Accius:
1227 1213 1259 1236 ut
1283 1207 1360 1236 enim
1378 1206 1485 1239 ridere,
1502 1205 1541 1233 sic
1563 1205 1640 1233 invi-

979 1258 1048 1288 dere
1064 1258 1174 1297 florem
1206 1257 1326 1291 rectius,
1354 1266 1440 1295 quam
1459 1254 1560 1295 flori,·
1593 1265 1641 1283 nos

979 1307 1192 1336 consuetudine
1217 1305 1418 1344 prohibemur.
1472 1302 1565 1332 Po'e'ta
1585 1304 1642 1341 jus

980 1367 1063 1385 suum
1084 1358 1192 1391 tenuit,
1209 1361 1236 1385 et
1251 1356 1327 1384 diiii
1343 1354 1499 1383 audacias.
1529 1351 1642 1382 frustra

980 1416 1053 1446 ergo
1079 1403 1283 1435 Grammatici
1305 1402 1492 1434 recentiores
1516 1407 1641 1431 tuentur

981 1454 1061 1484 hanc
1086 1454 1282 1496 scripturam.
1308 1462 1388 1483 nunc
1404 1451 1566 1481 videamus
1589 1460 1639 1480 co-

981 1503 1067 1534 dices
1079 1503 1317 1544 manuscriptos.
1344 1501 1434 1530 Troas
1447 1502 1475 1530 in
1484 1502 1563 1530 rideo
1577 1499 1640 1530 Pu-

981 1558 1120 1583 teaneus.
1165 1552 1257 1583 Unde
1273 1549 1454 1585 Salmasius,
1471 1550 1517 1590 τῴ
1538 1551 1569 1579 in
1585 1560 1639 1590 ge-

982 1602 1109 1638 minato,
1141 1601 1283 1637 feliciter,
1314 1605 1393 1630 teste
1417 1598 1573 1629 Gronovio
1610 1599 1641 1628 in

983 1650 1261 1681 Observationibus
1275 1650 1332 1680 lib.
1349 1648 1392 1678 iii.
1409 1660 1437 1679 c.
1453 1650 1485 1678 3.
1511 1658 1640 1689 repone-

982 1702 1046 1735 bat,
1066 1700 1188 1730 Troasin
1204 1701 1332 1730 invideo.
1357 1698 1447 1728 tertio
1463 1708 1536 1727 casu
1553 1697 1642 1727 Grae-

982 1761 1019 1780 co
1045 1749 1170 1791 plurali.
1194 1748 1237 1779 sic
1261 1754 1292 1779 et
1321 1748 1353 1778 in
1380 1746 1532 1777 Tristibus
1559 1745 1642 1777 idem

981 1799 1039 1829 lib.
1056 1810 1086 1828 v.
1103 1798 1154 1827 El.
1169 1810 1200 1828 v.

1026 1847 1133 1878 Edidit
1162 1847 1220 1877 ha’c
1244 1856 1337 1875 mores
1362 1845 1424 1874 illis
1448 1845 1578 1874 heroisin
1602 1855 1641 1874 ιε-

1067 1907 1145 1936 quos.

982 1945 1180 1976 Emendabat
1193 1943 1287 1974 etiam
1299 1953 1382 1973 vere.
1398 1952 1470 1972 nam
1482 1951 1643 1983 perperam

983 1993 1078 2035 vulgo
1094 1995 1228 2024 heroibus
1250 1991 1375 2033 legitur.
1400 1991 1444 2021 sic
1460 1995 1490 2020 et
1505 1990 1645 2032 Epistola

983 2043 1151 2074 Ariadnes.
1168 2053 1196 2074 c.
1212 2043 1263 2073 37.
1281 2052 1318 2071 ex
1336 2039 1473 2081 vestigiis
1489 2039 1643 2070 veterrimi

984 2092 1101 2124 codicis
1116 2093 1191 2123 forte
1207 2090 1419 2134 reponendum
1432 2102 1438 2118 z

1030 2143 1103 2177 Quis
1130 2144 1185 2173 scit
1208 2154 1247 2172 an
1268 2147 1297 2172 et
1332 2142 1411 2171 saevis
1434 2140 1554 2181 tigrisin
1590 2140 1645 2169 illa

1071 2193 1172 2222 vacet?
1483 2189 1602 2219 Hunis.

1031 2242 1102 2272 143.
1126 2239 1363 2280 Producetque]
1400 2238 1574 2278 Educetque
1600 2242 1648 2268 est

984 2291 1017 2322 in
1031 2291 1166 2322 editione
1187 2289 1297 2332 prima.
1322 2287 1376 2319 sed
1391 2298 1564 2329 perperam.
1590 2298 1644 2317 ne-

986 2351 1045 2382 que
1062 2340 1156 2371 etiam
1181 2345 1263 2370 recte
1285 2337 1364 2368 Ant.
1390 2337 1534 2373 Volscus,
1558 2343 1589 2368 et
1612 2341 1647 2367 ut

985 2391 1076 2425 solet,
1108 2389 1256 2431 pessimas
1285 2388 1348 2419 fere
1377 2385 1647 2428 interpretationes

984 2450 1133 2481 sequenS.
1193 2438 1354 2480 Crispinus
1380 2435 1527 2478 explicat,
1558 2437 1646 2477 longa

988 2501 1067 2520 mora
1081 2489 1245 2525 detinebit5
1271 2488 1447 2518 retardabit.
1472 2485 1555 2527 quod
1571 2486 1646 2526 quin

985 2540 1149 2578 producere
1162 2536 1331 2578 aliquando
1355 2541 1451 2570 notet,
1467 2534 1586 2564 nullum
1603 2540 1649 2564 est

989 2586 1139 2623 dubium3
1163 2585 1218 2615 sed
1243 2590 1316 2615 tunc
1342 2583 1458 2613 fraudis
1473 2582 1535 2612 fere
1553 2582 1647 2622 signi-

989 2635 1164 2665 ficationem
1196 2634 1309 2664 habet:
1346 2632 1406 2667 hic,
1437 2638 1496 2667 est,
1526 2631 1649 2660 honoris

989 2695 1098 2715 caussa
1111 2683 1319 2719 comitabitur,
1331 2689 1362 2713 et
1377 2687 1579 2723 prosequetur
1594 2690 1646 2709 ex-

990 2740 1035 2765 tra
1050 2733 1192 2771 domum;
1216 2738 1251 2763 ut
1265 2738 1348 2763 recte
1365 2730 1569 2762 Hubertinus.
1583 2729 1646 2758 Ya-

990 2784 1045 2815 ler.
1063 2783 1149 2814 Flac.
1163 2794 1194 2813 v.
1211 2783 1291 2812 382:
