1849 3198
213 177 299 219 458
604 175 655 215 P.
689 171 903 214 OVIDII
937 169 1216 212 NASONIS

218 292 407 340 Parvus
433 297 554 346 erat,
581 288 912 350 manibusque
936 286 1062 332 duos
1089 284 1379 348 Tirynthius
1406 299 1592 345 angues

286 368 500 430 Pressit3
541 374 592 414 et
614 367 664 412 in
689 365 830 412 cunis
851 366 954 427 jam
979 363 1103 410 Jove
1127 362 1307 424 dignus
1333 368 1452 407 erat.

220 445 369 492 Nunc
396 438 597 507 quoque
624 443 710 505 qui
745 456 869 505 puer
894 456 964 495 es,
993 444 1209 501 quantus
1234 443 1357 491 tum,
1388 436 1606 490 Bacche,

288 521 417 568 Cum
442 519 608 566 timuit
630 519 829 582 thyrsos
856 516 1002 563 India
1024 515 1156 561 victa
1179 513 1316 560 tuos!
1434 513 1607 574 [fuisti,

220 597 472 661 Auspiciis
498 595 777 657 animisque
802 592 974 656 patris,
1001 606 1140 654 puer,
1169 605 1305 636 arma
1328 589 1549 636 movebis
1574 606 1583 635 z

289 673 356 720 Et
377 673 546 720 vinces
573 671 748 719 animis
775 668 1112 732 auspiciisque
1137 666 1308 729 patris.
1518 669 1608 712 192

222 750 343 798 Tale
368 749 704 796 rudimentum
729 753 868 794 tanto
894 746 987 792 sub
1013 744 1211 791 nomine
1237 744 1419 798 debes;

292 826 440 873 Nunc
460 827 699 889 juvenum
724 823 975 887 princeps,
1002 821 1183 868 deinde
1208 819 1371 867 future
1396 835 1586 866 senum.

225 903 356 950 Cum
382 903 471 949 tibi
498 902 596 948 sint
618 901 808 955 fratres,
836 899 1010 946 fratres
1036 898 1275 945 ulciscere
1301 897 1474 943 laesos:
1523 899 1612 942 195

293 979 525 1041 Cumque
550 985 691 1041 pater
715 976 805 1024 tibi
831 976 910 1031 sit,
933 977 1047 1038 jura
1070 982 1209 1022 tuere
1234 974 1405 1037 patris,

226 1056 396 1102 Induit
422 1071 558 1102 arma
581 1054 672 1101 tibi
698 1053 891 1115 genitor
915 1052 1189 1115 patriaeque
1215 1058 1461 1112 tuusque:

294 1131 468 1179 Hostis
500 1132 561 1178 ab
587 1130 738 1177 invito
764 1144 917 1190 regna
940 1135 1145 1192 parente
1170 1127 1314 1190 rapit.

227 1209 303 1256 Tu
328 1209 412 1272 pia
435 1209 535 1255 tela
558 1207 702 1262 feres,
731 1206 998 1253 sceleratas
1024 1205 1105 1251 ille
1131 1204 1366 1266 sagittas:

297 1286 513 1332 Stabunt
536 1300 625 1347 pro
651 1283 804 1345 signis
825 1283 1011 1345 jusque
1036 1281 1274 1344 piumque
1299 1280 1414 1327 tuis.

228 1362 508 1408 Vincuntur
532 1361 713 1407 caussa
741 1358 943 1414 Parthi3
984 1358 1243 1405 vincantur
1268 1363 1319 1404 et
1343 1356 1506 1403 armiS.

297 1438 428 1485 Eo'as
456 1437 596 1484 Latio
622 1437 726 1484 dux
752 1452 892 1483 meus
919 1435 1071 1482 addat
1094 1451 1232 1498 opes.

231 1515 472 1578 Marsque
487 1522 645 1578 pater,
666 1514 939 1576 Caesarque
958 1519 1115 1576 pater,
1133 1512 1248 1558 date
1264 1526 1448 1557 numen
1464 1510 1616 1557 eunti.

300 1592 430 1639 Nam
459 1592 596 1638 Deus
624 1608 651 1638 e
675 1591 816 1637 vobis
843 1591 966 1637 alter
991 1606 1060 1643 es,
1089 1589 1212 1636 alter
1237 1588 1348 1634 eris.

1519 1283 1617 1326 200

278 1768 350 1798 191.
369 1769 518 1807 Auspiciis
533 1769 676 1806 annisque
688 1767 796 1805 patris,
808 1776 893 1805 puer,

232 1829 316 1848 arma
332 1818 464 1852 movebis,
492 1816 531 1846 Et
553 1818 650 1846 finces
673 1816 772 1851 annis,
795 1816 895 1853 auspi-

962 1765 1128 1799 scessisset,
1154 1763 1268 1794 occidit
1296 1763 1413 1794 scelere
1437 1768 1468 1793 et
1493 1762 1623 1805 perfidia

963 1813 1146 1843 Parthorum
1162 1811 1251 1843 ducis
1266 1812 1417 1847 Domnes‚
1428 1812 1621 1842 interemtus.

233 1869 342 1907 viisque
365 1866 491 1906 patris]
519 1865 620 1895 Iidem
640 1864 698 1895 lib.
723 1874 805 1899 vere,
828 1865 894 1893 ani-

233 1918 306 1946 mis.-
330 1916 386 1946 Est
410 1922 516 1945 autem
539 1913 735 1955 Apostrophe
762 1913 801 1943 ad
818 1913 896 1943 Ger-

235 1964 404 2000 manicum,
435 1964 485 1995 vel
515 1962 617 2005 potius
653 1962 693 1993 ad
718 1961 897 1999 Tiberium;

236 2014 290 2055 qui
328 2013 493 2054 adoptione
532 2017 599 2043 erat
630 2011 765 2052 Augusti
803 2010 896 2041 filius.

236 2062 319 2093 Vide
333 2072 403 2103 quae
425 2060 530 2092 notavi
547 2060 579 2090 in
602 2059 733 2090 Scholiis
749 2059 781 2090 in
802 2059 860 2089 lib.
878 2060 899 2089 i.

237 2111 321 2141 Fast.
337 2121 406 2151 qua:
418 2110 484 2151 jam
499 2109 585 2140 edita
598 2114 683 2139 sunt.
715 2108 897 2138 CiorANUS.

238 2160 288 2190 Ita
305 2159 518 2200 castigatiores
541 2158 622 2188 libri.
646 2163 717 2188 ante
739 2167 899 2198 perperam

236 2210 326 2238 annis
362 2207 394 2238 in
430 2214 560 2248 utroque
599 2218 686 2237 versu
727 2206 901 2247 legebatur.

238 2256 358 2287 mes.

286 2306 357 2336 194.
383 2304 473 2334 Nunc
486 2306 639 2344 juvenum
663 2305 801 2343 princeps
822 2303 898 2344 &ej

242 2354 569 2393 Princepsjuvennatis
580 2353 754 2388 dicebatur,
768 2352 821 2393 qui
838 2352 900 2394 pri-

240 2412 309 2433 mus
331 2403 363 2432 in
379 2402 626 2443 recognoscendo
645 2401 750 2432 ordine
766 2401 901 2442 equestri

240 2451 440 2482 recitabatur.
485 2450 618 2481 Perinde
636 2461 671 2481 ac
686 2450 739 2481 ille
758 2450 904 2489 Princeps

240 2507 370 2536 senatus,
387 2499 452 2530 sive
468 2511 580 2535 senum,
593 2500 646 2540 qui
669 2499 786 2540 primus
809 2499 840 2529 in
855 2509 902 2529 se-

242 2554 334 2579 natus
351 2549 528 2580 recensione
552 2555 684 2590 augusto
700 2548 791 2579 titulo
806 2548 903 2579 nomi-

241 2598 387 2628 nabatur.
432 2597 526 2634 Quod
545 2597 670 2638 quidem
694 2596 770 2627 Caio
787 2596 903 2627 Caesari

243 2656 303 2677 uon
333 2646 473 2687 contigit,
498 2646 551 2687 qui
575 2646 700 2687 juvenis
724 2646 903 2681 admodum,

243 2695 369 2727 biennio
397 2696 516 2727 scilicet
539 2701 703 2737 postquam
728 2695 829 2726 Roma
857 2695 904 2725 di-

964 1862 1084 1897 Florus,
1102 1862 1145 1892 iv.
1166 1862 1215 1891 12.
1259 1861 1377 1891 Amn.

1011 1913 1083 1942 195.
1111 1912 1209 1945 Quum
1238 1912 1291 1940 tibi
1321 1912 1381 1940 sint
1397 1909 1517 1951 fratres
1543 1909 1620 1949 &c.]

966 1961 1081 1992 Lucius
1097 1961 1203 1991 Caesar
1219 1966 1249 1991 et
1266 1959 1315 1989 M.
1330 1959 1472 2000 Agrippa
1488 1957 1622 1988 Postliu-

965 2010 1067 2047 mius3
1091 2019 1168 2050 quos
1185 2010 1261 2039 Iassos
1272 2007 1360 2043 dicit,
1373 2012 1495 2049 propter
1505 2006 1557 2047 jus
1573 2016 1624 2037 ac-

966 2059 1104 2100 cipiendi
1129 2063 1261 2088 rectores
1276 2057 1446 2092 Romanos,
1470 2066 1488 2086 a
1503 2055 1626 2086 Parthis

966 2108 1194 2139 intermissum:
1228 2107 1312 2148 quod
1336 2117 1433 2136 unum
1456 2105 1623 2141 Armeniis,

967 2156 1093 2187 devicto
1117 2167 1188 2196 rege
1213 2156 1359 2196 Tigrane,
1387 2153 1501 2185 servitii
1528 2164 1627 2195 genus

968 2204 1135 2246 Pompeius
1147 2204 1314 2235 indiderat.
1357 2203 1476 2233 Ama.

1011 2254 1085 2284 204.
1112 2253 1163 2283 Est
1178 2253 1259 2283 Deus
1272 2253 1302 2282 in
1317 2253 1393 2282 vobis
1403 2253 1495 2286 alter,
1510 2257 1537 2280 et
1550 2251 1628 2280 alter

968 2303 1057 2343 erit]
1085 2303 1122 2333 In
1138 2301 1264 2332 Aldinis
1287 2301 1419 2342 legitur:
1446 2300 1526 2330 Nam
1548 2300 1630 2330 Deus

968 2364 983 2383 e
1007 2354 1082 2382 robis
1105 2353 1184 2382 alter
1198 2362 1238 2386 es,
1256 2351 1334 2380 ulter
1360 2351 1429 2380 eris.
1475 2347 1629 2389 Intelligit

969 2406 1074 2431 autem
1096 2401 1233 2431 Martem
1255 2405 1287 2429 et
1301 2398 1490 2439 Augustum,
1506 2396 1544 2427 de
1561 2396 1628 2437 qui-

969 2450 1028 2480 bus
1042 2447 1231 2491 praecedenti
1247 2458 1335 2478 versu
1350 2445 1465 2477 mentio
1480 2445 1513 2475 fit
1528 2457 1534 2474 :
1553 2455 1629 2486 quo-

971 2508 1037 2528 rum
1064 2497 1152 2533 alter,
1176 2496 1236 2527 hoc
1258 2502 1304 2526 est
1329 2496 1430 2530 Mars,
1454 2494 1520 2536 jam
1540 2494 1630 2525 Deus

971 2552 1054 2577 erat:
1081 2546 1159 2576 alter
1182 2552 1298 2580 autem,
1319 2545 1481 2585 Augustus
1499 2542 1630 2578 scilicet,

972 2596 1093 2626 futurus
1114 2599 1191 2625 erat.
1238 2593 1273 2623 Id
1290 2593 1372 2635 quod
1390 2604 1426 2623 ex
1449 2602 1486 2623 eo
1503 2591 1629 2630 collige-

971 2646 1026 2675 bat
1040 2645 1141 2686 pocta,
1157 2643 1239 2684 quod
1255 2642 1349 2673 etiam
1364 2648 1429 2672 tum
1447 2641 1517 2671 vivo
1532 2639 1628 2670 divini

973 2694 1101 2724 honores
1124 2692 1381 2722 decernebantur.
1429 2690 1500 2720 Non
1527 2694 1628 2719 autem
