1849 3198
690 241 1035 284 HEROIDES.
1068 241 1160 283 ΕΡ.
1192 241 1276 284 VI.
1617 244 1674 285 71

287 358 381 406 Illa
403 357 616 406 refrenat
639 372 811 420 aquas,
838 356 1141 419 obliquaque
1166 357 1371 406 fiumina
1394 358 1550 407 sistit:

353 436 445 483 Illa
467 437 576 483 loco
601 434 763 491 silvas,
788 433 999 497 vivaque
1024 449 1146 481 saxa
1169 443 1349 482 movet.

285 512 384 561 Per
407 513 622 560 tumulos
647 520 777 559 errat
800 510 961 574 passis
986 510 1229 558 discincta
1252 512 1461 575 capillis,

352 591 603 654 Certaque
628 591 691 637 de
715 589 897 654 tepidis
922 588 1110 651 colligit
1134 605 1248 636 ossa
1270 590 1417 652 rogis.
1608 592 1672 637 90

286 668 507 716 Devovet
532 669 791 726 absentes3
833 667 1196 730 simulacraque
1221 682 1366 714 cerea
1389 666 1511 729 figit,

351 745 418 792 Et
442 746 675 795 miserum
700 752 875 793 tenues
900 744 950 791 in
968 745 1113 807 jecur
1137 750 1280 807 urget
1303 759 1438 791 acus.

281 868 361 899 Solis
376 879 412 899 ac
431 869 527 899 Lunae
551 868 634 910 apud
658 868 772 898 Poetas
789 867 855 909 jam
871 879 941 910 pro-

282 918 354 948 trita
375 924 447 948 sunt
468 917 582 948 omnia.
628 917 784 953 Tibullus,
803 918 825 948 i.
848 918 940 959 Eleg.

284 965 348 997 viii.

327 1015 444 1046 Cantus
457 1022 484 1046 Εἰ
505 1027 520 1046 e
542 1027 637 1047 Curru
658 1015 780 1047 Lunam
799 1017 943 1046 deducere

368 1071 477 1096 tentat.

282 1114 333 1144 Sic
358 1118 390 1145 et
420 1115 557 1145 Lunares
585 1126 695 1145 currus
723 1114 857 1146 Metam.
887 1125 941 1146 xv.

282 1165 358 1195 790.

282 1213 373 1254 Virg.
390 1225 423 1244 x.
439 1212 568 1244 AEneid.
586 1214 662 1244 215.

562 1263 706 1303 Almaqae
719 1274 815 1293 carra

326 1312 493 1354 Noctiuago
509 1312 615 1344 Phoebe
628 1313 754 1342 medium
768 1313 906 1352 pulsabat

369 1361 541 1402 Olympum.

281 1411 333 1442 Ita
355 1410 514 1442 Theocrit.
539 1409 623 1453 Idyl.
648 1410 724 1441 xxii.
750 1416 781 1441 et
810 1422 883 1441 xxv.
910 1416 942 1440 et

281 1459 435 1491 Pindarus
450 1460 580 1502 Olymp.
602 1459 667 1491 Od.
683 1458 729 1490 iii.
754 1460 850 1490 Lunae
866 1459 943 1490 dant

280 1519 418 1540 currum.
466 1510 586 1541 Hssms.

329 1560 382 1590 87.
422 1559 605 1600 Obliquaqae
646 1559 785 1600 flumina
833 1557 940 1598 sistit]

282 1608 423 1639 Broukh.
440 1609 480 1639 ad
494 1608 601 1639 Tibul.
617 1608 639 1638 i.
652 1607 687 1639 ii.
704 1609 758 1638 44.
798 1608 941 1638 Fulmina

280 1659 402 1700 probat,
432 1658 487 1689 sed
519 1669 578 1699 ego
606 1657 683 1689 nihil
708 1663 814 1689 muto:
839 1657 943 1688 aliena

280 1708 364 1740 enim
386 1708 435 1739 hic
451 1709 568 1740 mentio
583 1707 721 1739 fulminis
738 1707 818 1739 inter
832 1718 940 1749 aquas,

279 1758 375 1789 silvas
399 1764 431 1789 et
449 1768 536 1789 saxa.
566 1758 693 1798 Obliqua
718 1768 790 1788 vero
804 1758 941 1799 flamina

279 1813 353 1838 sunt
381 1806 578 1838 decurrentia
602 1818 641 1837 ex
664 1813 769 1837 monte
795 1806 844 1838 vel
871 1806 942 1837 altis

280 1857 368 1893 locis,
391 1863 519 1888 curvato
541 1867 644 1893 cursu,
660 1867 730 1898 quae
746 1857 852 1887 sistere
868 1856 942 1887 artis

280 1905 411 1947 magicae
426 1916 516 1947 opus.
540 1906 563 1937 i.
579 1907 714 1936 Metam.
728 1906 782 1936 39.

326 1955 526 1995 Fluminaque
550 1956 672 1996 obliquis
695 1957 790 1985 cinxit
814 1957 942 1986 declivia

366 2006 452 2044 ripis.

281 2054 322 2085 Et
336 2054 380 2085 ix.
400 2054 451 2084 17.

504 2102 614 2145 Regem
628 2115 673 2134 me
687 2106 783 2134 cernis
796 2115 940 2144 aquarum

327 2154 470 2184 Cursibus
506 2154 627 2194 obliquis
655 2155 736 2184 inter
765 2161 818 2184 tua
846 2165 941 2195 ‘regna

357 2204 520 2244 fluentem.

282 2253 450 2284 Claudian.
468 2252 490 2283 i.
515 2252 548 2283 in
568 2251 647 2282 Rus.
667 2253 739 2282 160.
763 2252 843 2283 inter
861 2259 941 2284 artes

282 2301 419 2342 magicas
428 2302 485 2332 hoc
498 2312 622 2343 quoque
633 2308 785 2332 recenset.
807 2303 941 2332 Pronum

282 2354 396 2391 lapsum
411 2351 533 2382 dicens:

331 2401 474 2441 Ver-saque
490 2412 548 2431 noa
567 2411 660 2440 prono
675 2401 939 2442 curvaviflumina

370 2451 468 2489 lapsu,

328 2498 476 2541 Infantes
490 2500 627 2528 reditura
640 2510 718 2529 suos.

285 2548 349 2580 Ubi
364 2554 562 2590 praecesserat
577 2554 608 2579 et
616 2548 741 2590 fidmen
756 2555 835 2579 stare
850 2549 940 2589 coegi,

284 2604 316 2629 et
327 2597 358 2628 in
370 2597 530 2629 codicibus
539 2597 645 2628 multis
656 2604 703 2628 est
713 2598 941 2639 etiamflarnen.

284 2646 350 2679 vid.
366 2646 409 2677 ibi
424 2646 601 2677 Ileinsium.
626 2647 745 2677 Lucan.
761 2646 804 2677 vi.
822 2647 897 2677 473.

534 2697 693 2737 Amnisque
708 2698 856 2731 cucurrit,

330 2745 400 2775 Nan
414 2757 472 2786 qua
483 2756 594 2785 pronus
608 2752 685 2775 erat.

287 2793 363 2825 Vid.
380 2794 400 2825 i.
416 2794 524 2825 Amor.
537 2794 603 2825 viii.
619 2795 651 2825 6.
677 2793 794 2825 Eadem
812 2794 942 2825 varietas

1010 865 1094 908 apud
1109 866 1194 897 Plin.
1211 866 1331 897 xxxvii.
1350 867 1402 897 10.
1434 866 1473 896 1η
1490 866 1589 897 Persis
1604 879 1674 899 vero

1008 914 1113 956 saffita
1128 926 1230 946 earum
1243 921 1422 955 tempestates
1434 917 1541 951 averti,
1554 922 1581 946 et
1593 928 1671 956 pra-

1009 972 1090 996 terea
1100 966 1254 1006 fulmina,
1270 965 1343 1007 (ubi
1359 965 1412 996 alii
1425 966 1580 1007 flumina)
1594 968 1672 997 sisti.

1008 1014 1118 1057 Apoll.
1134 1015 1242 1045 Rhod.
1258 1014 1305 1045 iii.
1322 1016 1398 1046 532.

1053 1064 1120 1095 Καὶ
1135 1065 1307 1106 ποταμοὺς
1325 1062 1460 1103 ἰ’στησιν
1475 1064 1563 1107 ἄφαρ
1578 1065 1672 1096 κελα-

1096 1112 1185 1145 δεινὰ
1200 1112 1350 1155 ῥέοντας.
1551 1115 1669 1145 ΒυΒΜ.

1051 1161 1106 1192 90.
1133 1162 1279 1203 Certaque
1294 1164 1330 1193 cle
1346 1163 1452 1202 tepidis
1474 1164 1590 1204 colligit
1614 1175 1675 1194 ossa

1009 1212 1119 1253 rogis]
1139 1212 1318 1243 Puteaneus
1333 1213 1469 1254 colligat.
1499 1212 1674 1253 Cunctaque

1009 1272 1070 1292 ossa
1085 1261 1296 1292 Scriverianus
1311 1267 1343 1292 et
1358 1261 1552 1292 Hafniensis.
1593 1262 1672 1292 Cur-

1010 1317 1097 1351 taque
1120 1311 1294 1354 suspicatur
1317 1310 1525 1342 Doctissimus
1550 1312 1672 1342 Grono-

1009 1360 1078 1391 vius
1122 1361 1402 1392 observationibus
1444 1360 1674 1392 Ecclesiasticis

1009 1419 1080 1451 cap.
1111 1412 1144 1441 5.
1182 1410 1358 1441 Hsmsms.
1404 1409 1494 1440 Nihil
1523 1409 1672 1452 equidem

1009 1459 1206 1490 mutandum.
1252 1470 1314 1490 non
1343 1460 1425 1490 enim
1459 1459 1564 1490 omnia
1592 1470 1673 1497 ossa,

1009 1507 1084 1539 licet
1099 1508 1230 1545 minuta,
1246 1508 1336 1540 utilia
1351 1514 1440 1539 erant
1453 1508 1584 1550 magicis
1598 1509 1671 1539 arti-

1008 1558 1077 1594 bus,
1093 1558 1148 1588 sed
1162 1557 1319 1600 praecipue
1335 1558 1431 1589 calvae
1448 1564 1480 1588 et
1490 1559 1671 1599 praesegmi-

1009 1617 1050 1637 na
1065 1606 1220 1648 quaedam,
1236 1612 1271 1638 ut
1282 1607 1348 1649 jam
1363 1605 1558 1638 Hubertinus
1578 1607 1669 1639 vidit.

1009 1662 1041 1687 et
1055 1656 1221 1688 Reinesius
1236 1657 1337 1698 Epist.
1354 1668 1430 1687 xxx.
1443 1656 1483 1687 ad
1499 1657 1670 1687 Daumium

1009 1705 1088 1737 hanc
1118 1706 1284 1737 lectionem
1311 1705 1507 1737 retinendam
1544 1717 1609 1737 esse
1640 1718 1672 1738 se

1008 1756 1196 1797 persuasisse
1217 1756 1376 1787 Gronovio
1400 1756 1519 1787 scribit.
1544 1756 1614 1787 vide
1631 1756 1671 1787 de

1009 1805 1067 1836 hoc
1093 1807 1261 1847 Magarum
1284 1805 1427 1836 instituto
1450 1805 1608 1836 Lindenb.
1631 1806 1671 1837 ad

1008 1855 1169 1886 Ammian.
1184 1855 1240 1886 lib.
1259 1855 1322 1886 xix·
1344 1856 1376 1886 in
1391 1856 1452 1886 fine
1467 1856 1584 1897 colligit
1600 1866 1673 1886 vero

1009 1916 1070 1935 non
1086 1911 1132 1935 est
1147 1905 1335 1936 movendum
1352 1906 1464 1936 Horat.
1481 1906 1503 1935 i.
1522 1905 1589 1936 Sat.
1603 1905 1670 1936 viii.

1009 1955 1062 1985 22.

1055 2003 1138 2038 Quin
1152 2014 1212 2034 ossa
1225 2005 1338 2046 legant,
1351 2005 1509 2044 herbasque
1524 2011 1671 2036 nocentes.

1507 2054 1627 2084 Euam.

1051 2103 1106 2133 91.
1123 2102 1350 2143 Simulacraque
1362 2103 1582 2144 cereafingz't.]
1610 2104 1672 2134 Pu-

1008 2153 1231 2193 teaneusfigit.
1261 2152 1389 2194 optime,
1405 2157 1439 2182 ut
1454 2152 1493 2182 de
1510 2152 1673 2183 defixioni-

1007 2202 1065 2233 bus
1079 2202 1208 2243 magicis
1222 2208 1344 2243 agatur.
1376 2201 1467 2232 Vidit
1480 2201 1511 2232 id
1523 2202 1589 2244 jam
1605 2204 1672 2234 Sal-

1008 2251 1134 2282 masius.
1175 2252 1295 2282 Seneca
1310 2251 1447 2282 Hercule
1463 2251 1581 2281 OEtaeo:

1267 2301 1342 2336 Hoc,
1359 2302 1469 2340 inquil,
1485 2312 1577 2342 magae

1054 2350 1163 2380 Diiere
1177 2361 1299 2380 amorem
1315 2361 1393 2389 posse
1407 2351 1498 2391 defigi
1512 2350 1599 2380 mala.

1008 2400 1107 2430 Paulo
1123 2400 1211 2430 aliter
1227 2399 1351 2430 Persius
1366 2400 1432 2429 Sat.
1450 2410 1481 2429 v.
1503 2399 1552 2429 16.
1581 2398 1670 2437 Inge-

1008 2461 1068 2479 nuo
1096 2450 1213 2487 culpam
1246 2450 1372 2489 defigere
1410 2450 1490 2484 ludo,
1520 2452 1668 2488 tanquam

1009 2499 1117 2529 aculeo
1141 2504 1265 2538 tangere
1288 2497 1436 2539 Satyricis
1458 2497 1669 2539 reprehensio-

1008 2547 1112 2578 nibus.
1137 2546 1264 2577 Plenius
1279 2546 1354 2588 quid
1370 2547 1420 2577 hic
1434 2546 1518 2582 velit,
1531 2546 1670 2588 explicat

1009 2597 1123 2627 Noster
1137 2595 1246 2626 Amor.
1262 2596 1307 2626 iii.
1325 2596 1376 2626 El.
1389 2595 1432 2626 vi.

1053 2646 1166 2687 Sagave
1174 2647 1303 2685 punicea
1317 2646 1420 2686 defixit
1434 2646 1553 2676 nomina
1568 2655 1647 2679 cera,

1097 2696 1137 2726 Et
1162 2696 1299 2726 miserum
1323 2703 1424 2727 tenues
1450 2698 1481 2726 ἱη
1496 2696 1588 2735 jecur
1609 2696 1669 2733 egit

1136 2755 1219 2775 acus.

1012 2793 1073 2826 Ubi
1090 2793 1190 2835 plura.
1237 2794 1355 2824 Hfflxs.

1097 2849 1119 2877 F
1134 2850 1151 2877 4
