1849 3198
624 242 969 286 HEROIDES.
1003 243 1095 284 ΕΡ.
1129 237 1227 286 IV.'
1556 249 1611 290 41

225 360 488 424 Quemque
502 366 682 407 vocant
705 359 812 406 aliae
836 359 1026 406 vultum
1051 359 1368 424 rigidumque
1394 354 1610 411 trucem-

289 437 388 484 Pro
412 437 586 500 rigido,
614 436 829 482 Phaedra
847 435 1033 498 judice,
1060 435 1198 483 fortis
1225 445 1346 485 erat.

1468 441 1609 504 [que‚

225 514 336 561 Sint
359 515 531 578 procul
557 530 586 561 a
608 513 750 561 nobis
770 514 996 576 juvenes,
1024 520 1079 560 ut
1102 513 1300 572 femina,
1328 518 1495 566 comti.
1547 523 1608 567 75

290 592 409 640 Fine
435 593 528 640 coli
554 592 748 639 modico
773 591 929 638 forma
952 590 1102 638 virilis
1128 599 1276 639 amat.

221 670 292 717 Te
316 677 430 716 tuus
456 670 549 717 iste
574 670 719 732 rigor,
746 669 997 733 positique
1023 669 1128 717 sine
1155 676 1259 718 arte
1284 671 1466 735 capilli,

289 746 356 794 Et
378 747 498 794 levis
524 747 723 810 egregio
749 747 907 811 pulvis
933 747 983 794 in
1009 764 1091 795 ore
1116 748 1278 796 decet.

207 824 336 872 'Sive
361 824 536 872 ferocis
562 825 678 888 equi
702 825 943 873 luctantia
967 826 1097 873 colla
1122 843 1376 884 recurvas3

286 901 484 965 Exiguo
508 902 664 949 flexos
689 902 837 949 miror
856 902 905 948 in
930 903 1049 950 orbe
1073 904 1245 967 pedes.
1545 911 1608 954 80

223 979 324 1027 Seu
348 986 542 1027 vastum
566 980 727 1027 valido
752 987 954 1044 torques
980 981 1158 1029 hastile
1182 983 1393 1031 lacerto:

286 1057 389 1104 Ora
412 1057 549 1104 ferox
575 1057 625 1103 in
651 1074 704 1105 se
727 1074 870 1105 versa
893 1059 1106 1107 lacertus
1131 1061 1298 1108 habet.

220 1135 334 1182 Sive
360 1142 501 1183 tenes
526 1136 626 1182 lato
649 1137 895 1184 venabula
919 1154 1099 1185 cornea
1123 1137 1266 1185 ferro.

285 1213 531 1276 Denique,
558 1220 728 1261 nostra
744 1215 886 1278 juvat
903 1215 1105 1271 lumina,
1133 1216 1378 1279 quidquid
1404 1233 1538 1280 agas.

215 1289 291 1337 Tu
316 1291 462 1338 modo
487 1291 719 1339 duritiem
745 1292 877 1339 silvis
903 1292 1097 1356 depone
1117 1293 1337 1356 jugosis:
1543 1299 1604 1343 85

281 1367 397 1416 Non
421 1385 530 1415 sum
555 1370 762 1417 materia
784 1370 935 1433 digna
958 1370 1119 1434 perire
1144 1377 1244 1417 tua.

211 1518 310 1555 φορος
321 1512 558 1544 inscribebatur.
582 1513 796 1545 Menimerunt
805 1514 872 1556 ejus

211 1571 272 1592 non
295 1573 355 1593 uno
379 1562 445 1593 loeo
469 1563 609 1593 Stobaeus
627 1569 658 1593 et
680 1563 870 1604 Hesychius.

211 1613 332 1643 mes.
356 1612 413 1643 hoc
429 1612 551 1643 nomine
568 1613 647 1643 inter
658 1613 794 1654 integras
809 1624 873 1644 una

209 1668 256 1692 est
278 1661 444 1704 Euripidis,
460 1662 515 1693 sed
537 1662 668 1704 perdita,
685 1663 774 1705 cujus
789 1662 870 1704 frag-

209 1716 314 1742 menta
335 1718 510 1753 supersunt,
526 1717 654 1742 vocatur
668 1711 872 1750 Ἱππόλυτος

208 1761 468 1802 καλυπτόμενος,
481 1772 611 1802 quarum
624 1761 690 1792 haec
706 1761 765 1791 fuit
775 1761 869 1803 prior.

208 1821 304 1852 quare
327 1810 372 1840 ita
396 1810 500 1846 dictae,
524 1815 556 1841 et
577 1821 617 1841 an
641 1810 754 1841 diversi
779 1822 870 1852 argu-

207 1859 304 1890 menti
321 1859 435 1890 fuerint
455 1859 578 1901 egregie
597 1860 737 1902 Bentlej.
767 1860 869 1902 Epist.

208 1909 247 1940 ad
263 1909 401 1940 Minium
416 1921 449 1951 p.
464 1911 517 1940 31.
531 1909 682 1951 disputat.
696 1915 780 1940 certe
793 1909 870 1939 nihil

206 1959 257 1990 hic
274 1959 380 1990 Ovidii
396 1959 483 1990 locus
499 1959 538 1990 ad
557 1959 683 1989 titulum
704 1970 810 1990 earum
826 1960 871 1990 fa-

207 2020 276 2041 cere
289 2009 364 2039 mihi
375 2008 510 2040 videtur.
523 2020 594 2039 nam
604 2019 747 2040 coronam
757 2009 870 2040 Dianae

206 2059 296 2089 offert
312 2059 503 2101 Hippolytus
521 2058 605 2100 apud
623 2058 766 2100 Euripid.
785 2069 866 2089 vers.

206 2110 260 2139 73.
290 2108 343 2140 ubi
372 2108 437 2139 vid.
470 2109 603 2139 Barnes.
634 2108 666 2138 in
696 2108 868 2139 Eleusiniis

206 2158 303 2189 Ceres
319 2157 491 2193 colebatur,
503 2158 591 2199 cujus
610 2157 766 2199 mysteriis
781 2157 867 2187 initi-

205 2207 305 2237 andus
321 2206 369 2237 vel
388 2212 571 2248 operaturus
594 2206 645 2237 hic
665 2206 867 2248 Hippolytus,

205 2257 412 2287 conveniente
429 2256 524 2287 sacris
543 2256 652 2287 habitu
668 2256 803 2287 describi
825 2256 868 2286 vi-

205 2305 308 2336 detur.
355 2306 472 2336 Burin.

248 2356 300 2385 72.
330 2355 501 2396 Tinremt]
517 2355 629 2386 Senec.
646 2354 777 2396 Hippol.
788 2355 864 2385 376.

206 2405 273 2435 Non
289 2416 340 2435 ora
353 2407 469 2446 tingens
479 2406 574 2435 nitida
586 2415 753 2444 purpureus
761 2406 863 2434 rubor.

203 2454 261 2485 nisi
273 2454 370 2485 mavis
383 2456 531 2494 pinxerat.
542 2454 599 2484 hoc
613 2454 695 2484 enim
708 2453 863 2484 distichon

203 2503 353 2546 expressit
368 2504 479 2534 Senec.
499 2502 597 2544 Hipp.
615 2503 690 2534 650.

335 2554 504 2583 Presserunt
520 2555 598 2582 1:1¹2!oe
613 2564 733 2587 comum,

246 2602 287 2632 Et
301 2603 463 2644 oraflavus
479 2608 578 2632 tenera
600 2603 740 2643 pingebat
754 2602 862 2640 pudor.

702 2651 820 2680 Ecum.

245 2699 298 2730 76.
324 2699 544 2740 Μο(1ι’(·ο]ἱη,ε.]
564 2699 727 2740 Apparatu
740 2709 801 2728 non
818 2698 863 2728 ni-

202 2747 274 2784 mio,
304 2755 338 2779 ut
363 2749 526 2780 mulieres:
552 2748 623 2779 ideo
648 2748 678 2778 in
701 2748 800 2789 primo
824 2747 864 2778 dc

201 2797 277 2828 Arte
295 2797 384 2834 dixit,
397 2798 506 2829 «Forma
523 2799 597 2828 viros
607 2798 739 2839 neglecta
757 2799 850 2832 decet.

984 1516 1038 1546 80.
1063 1514 1102 1546 In.
1114 1515 1210 1556 orba]
1223 1514 1358 1546 Volscus
1371 1514 1421 1545 hic
1434 1514 1603 1547 admodum

941 1564 1063 1606 ineptit,
1078 1565 1131 1606 qui
1155 1565 1279 1607 cyclum
1299 1565 1431 1595 ferreum
1452 1565 1604 1607 interpre-

941 1619 1033 1650 tatur,
1061 1613 1093 1644 in
1123 1625 1185 1655 quo
1214 1614 1311 1656 pedes
1340 1615 1440 1655 figunt
1469 1614 1603 1655 equites,

940 1674 1017 1704 quos
1040 1662 1162 1703 ignotos
1178 1663 1274 1693 fuisse
1298 1663 1356 1694 hoc
1378 1668 1516 1704 tempore
1537 1674 1603 1695 cer-

939 1717 1005 1742 tum
1035 1718 1093 1742 est.
1125 1711 1196 1742 vide
1225 1712 1368 1742 Torrent.
1399 1711 1439 1742 ad
1472 1713 1602 1744 Sueton.

939 1761 1042 1802 Calig.
1057 1762 1089 1791 3.
1102 1760 1211 1802 Ampl.
1226 1761 1330 1803 Cuper
1347 1760 1386 1791 ad
1400 1761 1545 1792 Lactant.
1563 1762 1603 1793 de

938 1810 1036 1841 Mort.
1051 1811 1176 1841 Perseo.
1191 1821 1221 1840 c.
1234 1813 1267 1841 5.
1284 1816 1316 1841 et
1331 1811 1464 1841 Dresem
1479 1811 1517 1842 ad
1533 1813 1601 1843 Jos.

939 1859 1042 1890 Iscan.
1060 1859 1099 1890 de
1122 1859 1198 1890 bell.
1214 1860 1298 1901 Troj.
1316 1872 1347 1890 v.
1364 1861 1439 1890 261.
1466 1860 1504 1891 In
1526 1863 1602 1898 orbe,

940 1914 986 1939 est
1003 1911 1033 1939 in
1048 1921 1140 1951 gyro.-
1164 1909 1278 1939 Varius
1294 1910 1393 1940 Poeta
1408 1916 1497 1941 vetus
1518 1912 1601 1952 apud

939 1958 1082 1989 Macrob.
1097 1958 1139 1989 vi.
1154 1959 1257 1989 Satur.
1275 1960 1306 1988 2.
1321 1964 1355 1989 ut
1365 1959 1512 1990 emendat
1526 1961 1601 1991 'l’or-

938 2012 1019 2038 rent.
1037 2007 1076 2038 ad
1092 2008 1203 2038 Horat.
1222 2007 1243 2037 i.
1258 2007 1322 2038 Od.
1337 2009 1368 2037 8.

979 2057 1036 2087 Sed
1051 2063 1178 2098 angusto
1190 2059 1276 2097 prius
1291 2059 1355 2087 orbe
1371 2059 1495 2088 co'c‘rces.

936 2106 1013 2138 Vid.
1030 2106 1144 2148 virgil.
1166 2106 1212 2137 iii.
1233 2107 1351 2148 Georg.
1370 2108 1443 2138 115.
1462 2112 1493 2138 et
1509 2108 1599 2139 alios.

1438 2158 1556 2189 Burin.

979 2206 1033 2236 86.
1060 2206 1127 2236 Non
1153 2218 1216 2236 sum
1241 2208 1366 2236 materia
1390 2209 1482 2249 [ligna
1504 2210 1602 2247 perire

936 2256 1020 2296 tum]
1041 2256 1113 2286 Non
1129 2267 1196 2286 sum
1213 2255 1318 2297 digna,
1335 2267 1404 2296 quae
1426 2268 1552 2298 peream
1569 2264 1599 2289 te

936 2305 1096 2346 praebente
1113 2315 1148 2335 ac
1169 2304 1390 2346 suppeditante
1407 2316 1547 2336 caussam
1569 2313 1600 2337 et

934 2354 1096 2384 materiam
1111 2354 1231 2384 mortis.
1258 2355 1419 2395 eleganter
1435 2361 1465 2385 et
1489 2356 1599 2387 Latine

933 2402 1065 2433 dictum.
1093 2414 1150 2433 nec
1180 2402 1383 2433 credidissem
1415 2403 1598 2446 interpreta-

932 2451 1174 2493 tionisindigere
1190 2452 1272 2482 hunc
1285 2452 1399 2487 locum,
1411 2453 1467 2483 nisi
1483 2454 1599 2485 invitus

932 2501 1199 2543 deprehenderem
1214 2501 1402 2542 Tanaquillo
1419 2503 1529 2539 Fabro,
1544 2503 1598 2533 lio-

932 2551 1006 2581 mini
1038 2550 1169 2587 erudito,
1200 2551 1327 2593 nuperis
1356 2551 1387 2582 in
1418 2552 1597 2583 Lucretium

932 2599 1254 2631 animadversionibus
1283 2611 1356 2642 pag.
1382 2601 1457 2631 480.
1485 2612 1596 2643 perpe-

931 2660 995 2680 ram
1026 2649 1124 2680 visum
1155 2660 1223 2680 esse
1253 2649 1398 2690 castigari
1436 2657 1576 2692 oportere
1590 2664 1596 2681 2

934 2699 1002 2730 Non
1025 2710 1089 2729 sum
1110 2701 1224 2729 duritia
1240 2701 1334 2741 digna
1348 2702 1445 2741 perz're
1470 2705 1532 2735 tua,
1551 2699 1597 2729 id-

932 2760 993 2790 que
1010 2748 1222 2779 obnitentibus
1235 2749 1433 2784 membranis,
1444 2754 1598 2790 quotquot

933 2810 951 2830 a
973 2810 1021 2830 me
1051 2804 1123 2830 sunt
1152 2798 1315 2840 inspectae.
1346 2804 1497 2840 praeterea
1526 2808 1596 2829 cum
