1849 3198
238 219 294 260 54
616 219 666 261 Ρ.
700 219 912 262 OVIDII
944 220 1222 263 NASONIS

242 332 482 380 Consului
507 333 691 398 (neque
716 336 847 383 enim
872 337 1064 385 modice
1088 335 1328 397 terrebar)
1354 351 1594 399 anusque,

309 409 679 475 Longaevosque
705 429 877 462 senes:
917 415 1138 461 constitit
1162 430 1272 461 esse
1296 412 1449 460 nefas.

1553 415 1618 459 40

241 485 387 534 Caesa
410 488 562 544 abieS‚
590 488 840 553 sectaeque
865 491 1046 546 trabes,
1074 497 1139 545 et,
1166 491 1325 537 classe
1351 495 1567 553 peracta,

308 563 505 611 Caerula
529 573 718 613 ceratas
745 567 927 630 accipit
951 567 1083 613 unda
1106 574 1253 613 rates,

241 639 392 687 Flesti
418 642 709 689 discedens:
749 643 841 688 hoc
869 643 1044 689 saltem
1070 659 1217 705 parce
1241 658 1449 704 negare3

306 715 563 764 Praeterito
589 717 744 779 magis
772 724 848 764 est
871 718 964 765 iste
989 719 1250 781 pudendus
1277 734 1426 765 amor.

240 792 306 839 Et
329 794 471 851 flesti,
500 802 549 842 et
574 802 766 843 nostros
790 796 954 842 vidisti
979 796 1142 842 flentis
1168 796 1377 853 ocellos;

1554 796 1617 840 45

304 870 599 918 Miscuimus
624 872 850 918 lacrimas
876 880 1080 918 moestus
1106 879 1314 934 uterque
1340 887 1470 918 suas.

239 945 354 994 Non
378 948 448 995 sic
475 949 711 1012 adpositis
736 949 945 995 vincitur
968 948 1148 995 vitibus
1174 950 1351 1004 ulmus,

308 1024 378 1071 Ut
400 1032 486 1072 tua
510 1033 625 1073 sunt
649 1027 775 1073 collo
799 1025 1001 1073 brachia
1025 1041 1155 1073 nexa
1180 1042 1305 1072 meo.

236 1100 316 1148 Ah
341 1103 552 1165 quoties,
579 1120 692 1151 cum
716 1111 765 1151 te
789 1110 934 1151 vento
960 1118 1220 1166 quererere
1244 1102 1415 1158 teneri,

304 1178 541 1228 Riserunt
564 1182 795 1229 comites!
833 1182 913 1230 ille
939 1181 1185 1229 secundus
1211 1187 1330 1228 erat.

279 1331 332 1361 41.
358 1331 503 1374 Parata]
531 1334 680 1365 Gronovii
704 1340 735 1365 et
758 1339 819 1365 tres
840 1334 893 1365 alii

232 1386 366 1418 peracta,
382 1381 464 1422 quod
484 1392 590 1413 verum
607 1389 695 1424 puto.
712 1384 786 1425 quia
800 1383 893 1424 vulgo

236 1428 337 1459 minus
356 1429 512 1470 frequens.
557 1432 684 1463 Sueton.
708 1432 812 1474 Calig.
837 1434 892 1463 21.

238 1476 372 1510 Quorum
383 1489 502 1517 operum
515 1492 534 1510 a
546 1491 705 1512 successore
721 1483 783 1521 ejus
800 1482 891 1512 Clan-

235 1526 284 1555 dio
299 1527 428 1557 alterum
441 1535 608 1566 peractum.
649 1530 725 1560 Oth.
741 1531 771 1561 6.
816 1531 891 1561 Per-

235 1585 324 1615 agere
346 1577 464 1606 donnum
492 1589 625 1609 auream.
659 1585 689 1609 et
717 1579 772 1609 has
801 1590 893 1610 voces

235 1633 317 1664 saepe
346 1625 550 1657 confuderunt
584 1626 711 1658 librarii.
748 1627 812 1659 vid.
848 1629 891 1659 vi.

235 1672 318 1703 Fast.
334 1674 410 1704 587.
426 1679 457 1704 et
473 1676 545 1706 629.
590 1676 706 1708 Bonm.

279 1723 330 1753 45.
355 1722 477 1754 Nostros
506 1727 608 1755 vidisti
627 1726 767 1768 flentes]
805 1727 892 1758 Non-

235 1770 313 1801 nulli
336 1777 367 1802 et
392 1771 517 1804 fortasse
542 1775 673 1805 rectius:
700 1776 741 1806 Et
762 1778 894 1807 madidos

235 1820 574 1860 vidistifleuzz'socellos.
599 1824 758 1855 NAUGER.
804 1826 892 1856 Nau-

234 1868 337 1908 gerius
350 1871 482 1900 madidos
496 1872 594 1908 malit,
611 1873 693 1913 quod
713 1879 759 1904 est
774 1873 805 1904 in
818 1886 891 1905 non-

234 1916 328 1948 nullis
342 1918 473 1960 scriptis,
487 1920 541 1951 sed
557 1921 678 1952 frustra.
713 1922 819 1954 Amor.
833 1923 889 1954 lib.

234 1964 254 1996 i.
270 1966 319 1997 El.
336 1967 402 1997 viii.
423 1969 495 2000 108.

274 2014 389 2049 Utmea
397 2016 546 2058 defunctae
558 2019 687 2049 molliter
701 2031 760 2050 ossa
773 2023 890 2053 cubent.

235 2063 298 2094 Ubi
321 2069 426 2096 tamen
449 2066 521 2097 MS.
548 2074 583 2098 ut
610 2070 693 2099 mihi.
712 2075 743 2100 et
765 2069 821 2101 lib.
843 2070 888 2102 iii.

236 2113 286 2144 El.
302 2113 336 2144 ii.

277 2163 327 2193 An
352 2166 446 2205 magis
466 2166 513 2196 hic
537 2168 631 2197 animi
653 2179 733 2198 meus
756 2175 808 2205 est,
833 2181 891 2200 non

320 2214 399 2243 a'e'ris
412 2215 519 2245 testas?

235 2259 354 2291 Seneca
367 2261 555 2304 Hippolyto:

492 2314 555 2352 quis
569 2324 645 2343 meas
660 2316 769 2345 misera*
785 2316 876 2352 Deus,

279 2359 342 2388 Aut
369 2362 433 2399 quis
448 2362 562 2400 juvare
593 2362 735 2393 Da‘dalus
750 2365 892 2405 flavimus

321 2416 421 2447 queat.

236 2455 392 2487 Ausonius
407 2457 507 2498 Epist.
524 2459 612 2489 xxiii.

451 2518 507 2538 non
523 2509 579 2538 ista
594 2510 721 2539 [luorum

281 2555 388 2593 Culpa,
404 2557 451 2585 sed
465 2559 553 2587 unius
571 2564 687 2588 tantum
706 2566 768 2590 tun.

238 2601 384 2642 Virgilius
397 2604 474 2635 Ciri:

281 2651 366 2685 Quod
383 2659 409 2682 te
428 2665 482 2692 per
496 2654 607 2685 Diuum
630 2658 743 2687 crebros
767 2660 890 2689 obtestor

319 2713 440 2738 amores,

279 2749 394 2791 Perque
418 2758 499 2783 enum
515 2756 645 2784 memoris
661 2756 796 2786 haustum
818 2758 890 2787 mihi

1551 1181 1615 1226 50

1041 1341 1144 1373 pectus
1158 1336 1296 1364 alumnae.

960 1382 1024 1419 Qui
1052 1383 1138 1414 locus
1164 1393 1183 1414 a
1208 1383 1273 1413 viro
1297 1380 1432 1412 maximo
1458 1377 1614 1410 sollicitari

960 1443 1020 1463 non
1035 1432 1153 1463 debuit.
1197 1432 1354 1467 Horatius,
1370 1430 1425 1461 lib.
1437 1429 1460 1460 i.
1477 1429 1541 1459 Sat.
1551 1427 1593 1458 iv.

1215 1492 1282 1511 cum
1297 1492 1359 1511 mea
1373 1490 1455 1510 nemo

1002 1530 1119 1570 Scripta
1145 1532 1224 1571 legat
1244 1531 1333 1571 vulgo
1357 1530 1484 1560 recitare
1507 1528 1613 1558 timen-

1045 1587 1093 1610 ns.

960 1627 1069 1659 Cicero
1088 1628 1202 1670 Philip.
1217 1629 1251 1658 ii.
1300 1627 1397 1658 Tuum
1411 1628 1534 1657 hominis
1546 1627 1614 1656 sim-

956 1678 1153 1717 plicispectus
1166 1679 1301 1708 vidimus.
1317 1676 1399 1718 apud
1411 1675 1551 1706 Livium:
1573 1674 1614 1704 Ut

960 1733 1057 1757 noster
1068 1728 1194 1757 duorum
1204 1732 1323 1757 eventus
1335 1726 1471 1756 ostendit.
1486 1723 1614 1765 Apulej.

959 1775 1091 1806 Metam.
1106 1776 1147 1806 ix.
1176 1777 1223 1806 De
1239 1778 1292 1806 isto
1307 1777 1433 1816 quidem,
1448 1776 1488 1804 mi
1501 1774 1614 1809 herilis,

960 1830 1055 1854 tecum
1068 1827 1129 1864 ipsa
1144 1826 1262 1860 videris,
1273 1836 1333 1865 quie
1345 1825 1407 1854 siue
1421 1834 1481 1853 meo
1494 1823 1615 1853 consilio

955 1875 1078 1914 pigrum
1115 1880 1143 1904 et
1168 1875 1399 1915 formidolosum
1424 1871 1614 1913 familiarem

957 1924 1047 1953 istum
1070 1925 1172 1954 sortita
1197 1935 1244 1960 es5
1268 1925 1318 1963 qui
1338 1923 1469 1952 insuavis
1482 1927 1510 1952 et
1525 1921 1616 1951 odiosi

957 1974 1061 2003 mariti
1076 1975 1122 2003 tui
1134 1979 1305 2013 mperatum
1320 1972 1511 2012 supercilium
1526 1972 1613 2012 igna-

957 2023 1034 2052 viter
1060 2023 1266 2062 perhorrescit,
1295 2033 1328 2051 ac
1347 2031 1402 2060 per
1430 2021 1482 2050 hoc
1507 2021 1614 2051 amoris

959 2072 1098 2113 languidi
1112 2073 1224 2102 desidia
1240 2079 1303 2101 tuos
1318 2071 1441 2101 volentis
1464 2071 1614 2108 ‹imples-ns

957 2120 1132 2150 discruciat.
1158 2120 1208 2150 lta
1221 2119 1314 2154 enim,
1330 2129 1390 2149 non
1407 2119 1542 2153 volentes,
1557 2128 1612 2159 op-

959 2167 1032 2198 time
1058 2168 1090 2198 in
1103 2168 1287 2209 quibusdam
1315 2166 1473 2198 codicibus
1497 2172 1611 2198 exstat.

958 2216 1096 2247 Martial.
1110 2217 1163 2248 lib.
1178 2216 1229 2247 vii.
1254 2217 1312 2257 Ep.
1327 2217 1380 2246 50.

1001 2265 1032 2295 Si
1048 2272 1125 2296 tenet
1139 2267 1263 2295 absentis
1278 2271 1387 2295 nostros
1402 2271 1559 2305 cantatque
1573 2265 1610 2294 li-

1043 2316 1138 2345 bellos.

958 2363 1098 2394 Adeatiu·
1121 2364 1257 2404 Scaliger
1272 2364 1326 2394 lib.
1342 2364 1374 2394 i1.
1419 2363 1610 2394 Ausoniaua-

959 2423 1026 2443 rum
1056 2413 1143 2444 Lect.
1169 2424 1237 2454 cap.
1267 2413 1322 2444 xii.
1352 2419 1382 2444 et
1410 2414 1543 2444 Taubm.
1571 2413 1610 2444 ad

959 2461 1063 2492 Plaut.
1084 2463 1174 2494 Men.
1191 2475 1219 2493 v.
1236 2462 1270 2492 ii.
1297 2464 1369 2493 118.
1393 2470 1424 2493 et
1447 2463 1562 2493 Pseud.
1586 2462 1609 2492 i.

959 2510 980 2540 i.
1002 2511 1031 2541 4.
1053 2512 1117 2553 pari
1138 2511 1227 2542 modo
1251 2518 1282 2542 et
1307 2512 1422 2542 Graeci.
1449 2512 1530 2554 apud
1553 2513 1609 2542 So-

958 2558 1060 2600 phocl.
1086 2560 1133 2591 Τὰ
1141 2573 1187 2602 μα
1198 2559 1362 2598 δυστήνου
1371 2560 1463 2591 κακά.
1486 2561 1613 2592 Homer.

1001 2612 1093 2652 Δαὴρ
1123 2609 1193 2641 αὖτ’
1217 2610 1291 2651 ἐμὸς
1318 2611 1387 2643 ἔσκε
1416 2611 1611 2649 κυνώπιδος.

1282 2664 1287 2670 ⁴
1451 2661 1568 2692 HmNs.

999 2709 1050 2739 50.
1074 2709 1253 2749 Secundum]
1272 2709 1397 2740 Scilicet
1414 2710 1488 2740 mihi
1505 2721 1609 2742 aman-

957 2757 989 2792 ti,
1007 2758 1079 2799 quia
1093 2764 1122 2789 te
1138 2759 1299 2795 retinebat,
1310 2770 1366 2791 nec
1381 2759 1434 2790 illo
1449 2760 1541 2791 flante
1556 2761 1610 2791 ab-
