1849 3198
563 348 628 396 Ρ.
658 348 892 396 OVIDII
929 349 1232 400 NASONIS

345 502 1453 586 HEROIDES.

482 681 941 737 EPISTOLA
996 691 1308 740 PRIMA.

757 872 1024 879 ———.

604 1009 942 1054 PENELOPE
974 1013 1182 1057 ULIXI.

198 1102 411 1159 HANG
437 1118 523 1158 tua
546 1110 800 1176 Penelope
825 1114 957 1162 lento
981 1116 1070 1163 tibi
1095 1116 1261 1173 mittit,
1290 1116 1458 1166 Ulixe.

264 1188 348 1235 Nil
372 1189 491 1236 mihi
516 1189 758 1237 rescribas
783 1198 838 1238 ut
861 1199 1044 1250 tamen,
1071 1193 1179 1259 ipse
1202 1195 1329 1243 veni.

248 1343 286 1373 P.
309 1343 426 1374 Ovmu
456 1343 632 1384 NAsoxrs]
669 1344 705 1379 Q.
733 1344 858 1376 Ovidius

195 1393 278 1435 apud
293 1393 474 1423 Martialem
500 1394 642 1430 occurrit,
657 1393 712 1425 lib.
727 1394 771 1425 ix.
794 1395 855 1437 Ep.

195 1444 247 1479 53,
260 1443 314 1474 54.
341 1454 401 1484 quo
417 1443 470 1473 ille
486 1443 688 1480 familiariter,
704 1450 856 1485 quantum

194 1498 333 1533 apparet,
348 1498 395 1522 est
409 1503 494 1523 usus.
533 1492 692 1534 Ejusdem,
709 1493 739 1523 ni
755 1493 854 1530 fallor,

193 1547 225 1571 et
250 1541 327 1572 libro
351 1541 449 1583 primo
474 1541 615 1572 meminit
636 1542 728 1583 Epig.
746 1542 807 1573 cvi.
824 1549 856 1573 et

193 1589 250 1621 lib.
267 1590 311 1621 ix.
330 1590 422 1632 Epig.
437 1601 467 1621 c.
505 1591 536 1621 Is
550 1590 616 1632 ipse
632 1591 787 1627 nimirum,
800 1592 854 1633 qui

195 1639 372 1671 Caesonium
387 1639 564 1670 Maximum
587 1650 606 1670 a
627 1640 751 1671 Nerone
766 1640 854 1671 dam-

194 1695 301 1719 natum
317 1689 349 1719 in
364 1688 471 1719 exsilio
493 1695 540 1719 est
557 1688 732 1725 comitatus,
745 1700 852 1731 quem-

194 1749 255 1780 que
271 1738 353 1769 idem
366 1738 522 1769 Martialis
534 1738 771 1779 elegantissimis
785 1750 853 1770 ver-

193 1787 278 1818 sibus
296 1787 375 1818 libro
390 1787 444 1818 vii.
461 1787 554 1829 Epig.
572 1788 623 1823 43,
637 1789 691 1818 44.
718 1794 752 1818 ut
774 1799 854 1830 prae·

193 1837 311 1868 clarum
327 1837 399 1868 fidei
417 1837 518 1867 unicae
541 1838 728 1879 exemplum,
744 1837 853 1869 merito

192 1886 401 1918 commendat.
441 1887 479 1917 In
494 1887 597 1928 Opere
613 1887 853 1928 Inscriptionum

193 1935 319 1966 Gmteri
335 1946 409 1977 pag.
422 1937 498 1966 881.
511 1941 650 1966 vetustus
664 1934 756 1977 lapis.

235 1985 377 2016 Mnssm.
392 1985 431 2016 C.
444 1985 479 2016 F.
490 1985 638 2016 Momm.
652 1985 762 2015 Fsscrr.
775 1996 851 2017 smr.

194 2046 246 2065 ET.
273 2046 355 2066 sms.
380 2034 418 2065 C.
436 2035 573 2066 Ovmlo.
588 2034 626 2065 T.
644 2034 680 2065 F.
697 2035 852 2066 TUMULO.

194 2095 246 2115 ΕΤ.
273 2084 310 2115 C.
327 2085 462 2115 Ov1n1o.
483 2084 521 2114 T.
550 2084 585 2115 F.
612 2084 780 2115 Lupssnco.
803 2096 852 2117 ΕΤ.

192 2133 230 2164 Τ.
246 2134 382 2165 Ovmro.
398 2133 435 2164 C.
451 2134 486 2164 F.
502 2133 659 2164 TUMULO.

234 2183 437 2224 Hnnomns]
477 2183 515 2213 In
544 2182 660 2214 Codice
695 2193 750 2213 suo
786 2182 853 2214 haec

191 2232 286 2262 verba
301 2238 464 2263 annotarat
473 2242 606 2272 magnus
617 2231 765 2272 Scaliger,
781 2232 853 2266 Qnae

194 2281 331 2320 Epistolae
352 2292 411 2311 non
431 2287 502 2311 sunt
520 2281 630 2312 Ovidii.
668 2281 730 2311 Eas
749 2288 854 2312 autem

192 2330 250 2360 hoc
274 2329 381 2361 ordine
402 2329 580 2366 collocarat,
602 2329 690 2360 Paris
710 2329 852 2366 Helenae,

192 2379 316 2410 Helena
331 2378 448 2415 Paridi,
464 2378 604 2410 Leander
624 2379 752 2415 Heroni,
768 2379 852 2411 Hero

192 2427 344 2464 Leandro,
359 2427 512 2458 Acontius
527 2427 691 2469 Cydippae,
708 2427 851 2470 Cydippe

191 2476 338 2508 Acontio.
394 2477 441 2507 Ex
471 2476 634 2507 Ovidianis
663 2476 851 2507 Heroidibus

190 2526 319 2568 periere,
335 2525 459 2557 Helena
478 2525 593 2561 Paridi,
617 2525 750 2556 Phaedra
768 2525 850 2556 The-

191 2586 256 2606 seo.
311 2575 499 2612 Quindecim
528 2574 705 2606 Ovidianae.
762 2575 850 2606 Bene

192 2624 286 2665 igitur
301 2624 473 2655 Ovidianas
495 2624 550 2654 has
570 2623 748 2665 quindecim
769 2623 849 2654 exis-

191 2673 324 2709 timavit,
338 2673 510 2715 Penelopes
525 2673 564 2704 ad
582 2673 737 2714 Ulyssem,
753 2672 848 2714 Phyl-

191 2722 271 2753 lidos
285 2722 324 2753 ad
341 2723 620 2764 Demophoontem,
637 2721 794 2753 Briseidos
809 2722 849 2752 ad

191 2772 359 2809 Achillem,
389 2772 529 2803 Phaedrae
561 2772 601 2802 ad
631 2771 848 2813 Hippolytum,

203 2821 329 2852 Enones
354 2821 394 2852 ad
419 2821 574 2858 Paridem,
595 2819 786 2863 Hypsipyles
811 2820 850 2851 ad

925 1347 1084 1385 Jasonem,
1112 1349 1244 1380 Didonis
1274 1349 1313 1380 ad
1334 1351 1480 1386 AEneam,
1507 1351 1586 1381 Her-

924 1391 1041 1421 miones
1056 1392 1094 1422 ad
1111 1393 1263 1429 Orestem,
1280 1393 1437 1424 Deianirae
1453 1394 1492 1424 ad
1507 1394 1587 1425 Her-

923 1434 1038 1470 culem,
1051 1434 1205 1466 Ariadnes
1218 1436 1257 1466 ad
1268 1436 1434 1472 Theseum,
1446 1437 1587 1468 Canaces

923 1483 963 1513 ad
991 1484 1186 1521 Macareum,
1210 1486 1335 1516 Medeae
1362 1485 1401 1516 ad
1428 1486 1588 1523 Jasonem,

921 1532 1099 1565 Laodamiae
1123 1535 1163 1565 ad
1187 1535 1401 1571 Protesilaum,
1432 1536 1588 1578 Hyperm—

922 1588 1032 1613 nestrae
1049 1583 1088 1613 ad
1104 1584 1227 1620 Linum,
1243 1584 1416 1626 Sapphonis
1431 1585 1470 1615 ad
1486 1585 1587 1615 Phao-

922 1642 1006 1663 nem.
1052 1633 1132 1664 Cum
1161 1634 1285 1675 quibus,
1308 1633 1362 1675 (si,
1384 1644 1477 1675 quam
1500 1634 1588 1666 Paris

922 1681 960 1711 ad
974 1682 1139 1719 Helenam,
1152 1683 1275 1714 Helena
1286 1683 1325 1714 ad
1336 1683 1480 1713 Paridem
1492 1683 1586 1726 scrip-

920 1731 970 1767 sit,
992 1732 1158 1774 excipias,)
1174 1740 1294 1764 caeterae
1310 1743 1348 1763 ne
1372 1732 1502 1764 conferri
1518 1733 1587 1774 qui-

920 1781 993 1812 dem
1030 1789 1198 1813 merentur.
1248 1782 1381 1819 Paridis,
1416 1788 1451 1813 ut
1479 1782 1586 1813 Ovidii

921 1840 981 1861 non
1010 1836 1067 1867 est,
1091 1831 1136 1862 ita
1172 1831 1310 1873 proxime
1336 1831 1375 1862 ad
1405 1831 1512 1862 Ovidii
1534 1842 1586 1862 ac-

920 1879 1004 1910 cedit
1046 1881 1244 1912 suavitatem.
1291 1880 1427 1922 Longius
1469 1881 1588 1912 recedit

920 1929 1077 1960 Helenes:
1112 1941 1180 1971 quae
1204 1930 1310 1961 divina
1337 1936 1454 1961 tamen.
1500 1931 1586 1962 Nam

920 1979 1034 2010 Sabino
1063 1990 1133 2021 quae
1169 1979 1397 2016 adscribuntur,
1435 1979 1480 2010 ita
1517 1979 1584 2011 lan-

921 2036 1027 2070 guent,
1043 2036 1078 2061 ut
1100 2041 1139 2061 ne
1154 2029 1212 2060 hac
1228 2035 1320 2060 aetate
1341 2029 1468 2071 quidem
1488 2030 1585 2072 scrip-

921 2085 968 2109 tas
993 2079 1070 2109 ferre
1095 2090 1229 2121 possem.
1275 2078 1313 2109 In
1339 2078 1452 2119 quibus
1476 2084 1507 2109 et
1529 2080 1584 2110 ob-

921 2128 1063 2165 scuritas,
1091 2133 1122 2159 et
1147 2127 1328 2158 manifestus
1360 2127 1392 2158 in
1420 2127 1584 2158 scribendo

921 2177 1073 2214 defectus,
1089 2177 1164 2213 sive,
1180 2182 1214 2207 ut
1230 2176 1334 2208 Graeci
1357 2175 1584 2218 significantius

922 2226 1100 2268 loquuntur,
1127 2227 1162 2258 έν
1188 2228 1229 2268 τῇ
1253 2224 1406 2268 ἑρμηνέιᾳ
1431 2225 1583 2257 ἀσθένεια

921 2277 1036 2307 elucet.
1092 2276 1181 2307 Idem
1210 2275 1349 2316 Scaliger
1372 2275 1487 2306 Sabino
1522 2275 1582 2306 Pa-

921 2324 996 2356 ridis
1020 2326 1059 2357 ad
1085 2326 1251 2361 Helenam,
1272 2324 1403 2355 Helenae
1429 2324 1469 2355 ad
1495 2324 1582 2356 Pari-

920 2373 1002 2411 dem,
1020 2374 1153 2406 Leandri
1173 2374 1212 2405 ad
1232 2375 1399 2409 Heronem,
1415 2373 1518 2405 Herus
1539 2373 1580 2404 ad

921 2423 1107 2460 Leandrum,
1123 2423 1248 2454 Acontii
1268 2423 1307 2454 ad
1324 2422 1500 2464 Cydippen,
1517 2422 1580 2464 Cy-

919 2472 1028 2514 dippes
1039 2473 1078 2503 ad
1088 2472 1268 2508 Acontium,
1279 2471 1437 2502 adscribit.
1470 2471 1497 2501 E
1510 2471 1579 2513 qui-

918 2523 976 2553 bus
998 2533 1065 2563 ega,
1087 2528 1122 2553 ut
1143 2521 1307 2552 nonnullas
1328 2520 1502 2552 adscribere
1524 2521 1580 2551 Sa-

917 2571 990 2601 bino
1005 2571 1055 2602 vix
1077 2570 1228 2607 dubitem,
1244 2570 1288 2601 ita
1311 2580 1417 2600 omnes
1437 2580 1489 2600 eas
1513 2580 1580 2600 esse

917 2620 1067 2662 ejusdem,
1092 2620 1124 2650 in
1149 2626 1237 2650 tanta
1261 2618 1345 2660 genii
1368 2617 1516 2649 varietate
1542 2628 1579 2648 ac

917 2669 1114 2705 characteris,
1135 2669 1204 2711 quis
1227 2668 1356 2700 credat?
1385 2666 1478 2704 Quod
1501 2667 1580 2698 duas

917 2718 1043 2760 periisse
1053 2718 1192 2759 Scaliger
1207 2716 1374 2752 existimat,
1390 2715 1520 2746 Helenae
1537 2715 1577 2745 ad

917 2767 1073 2804 Paridem,
1087 2766 1226 2798 Phaedrae
1242 2766 1282 2797 ad
1292 2766 1457 2800 Theseum,
1469 2763 1577 2795 viden-

918 2817 1003 2853 dum,
1017 2827 1056 2848 an
1077 2828 1138 2849 non
1160 2827 1240 2848 error
1256 2816 1296 2846 sit
1318 2826 1355 2846 ex
1377 2814 1443 2845 loco
1459 2812 1579 2850 Ovidii,
