<?xml version="1.0" encoding="UTF-8"?>
<!DOCTYPE html PUBLIC "-//W3C//DTD XHTML 1.0 Transitional//EN"
    "http://www.w3.org/TR/xhtml1/DTD/xhtml1-transitional.dtd">
<html xmlns="http://www.w3.org/1999/xhtml" xml:lang="en" lang="en">
 <head>
  <title>
</title>
<meta http-equiv="Content-Type" content="text/html;charset=utf-8" />
  <meta name='ocr-system' content='tesseract 3.04.00' />
  <meta name='ocr-capabilities' content='ocr_page ocr_carea ocr_par ocr_line ocrx_word'/>
</head>
<body>
  <div class='ocr_page' id='page_1' title='image "./povidiinasonisop01oviduoft_0144.png"; bbox 0 0 1849 3198; ppageno 0'>
   <div class='ocr_carea' id='block_1_1' title="bbox 192 205 1188 250">
    <p class='ocr_par' dir='ltr' id='par_1_1' title="bbox 192 205 1188 250">
     <span class='ocr_line' id='line_1_1' title="bbox 192 205 1188 250; baseline 0 0"><span class='ocrx_word' id='word_1_1' title='bbox 192 208 250 250; x_wconf 89' lang='grc'>60</span> <span class='ocrx_word' id='word_1_2' title='bbox 578 208 629 249; x_wconf 87' lang='lat' dir='ltr'>P.</span> <span class='ocrx_word' id='word_1_3' title='bbox 662 205 875 249; x_wconf 93' lang='lat' dir='ltr'>OVIDII</span> <span class='ocrx_word' id='word_1_4' title='bbox 907 206 1188 250; x_wconf 90' lang='lat' dir='ltr'>NASONIS</span> 
     </span>
    </p>
   </div>
   <div class='ocr_carea' id='block_1_2' title="bbox 190 316 1573 773">
    <p class='ocr_par' dir='ltr' id='par_1_2' title="bbox 193 316 1573 465">
     <span class='ocr_line' id='line_1_2' title="bbox 193 316 1570 390; baseline 0.001 -19"><span class='ocrx_word' id='word_1_5' title='bbox 193 323 326 371; x_wconf 90' lang='lat' dir='ltr'>Dum</span> <span class='ocrx_word' id='word_1_6' title='bbox 351 323 482 378; x_wconf 89' lang='lat' dir='ltr'>licet,</span> <span class='ocrx_word' id='word_1_7' title='bbox 502 316 784 371; x_wconf 79' lang='lat' dir='ltr'>obscaenam</span> <span class='ocrx_word' id='word_1_8' title='bbox 808 330 976 388; x_wconf 86' lang='lat' dir='ltr'>ponto,</span> <span class='ocrx_word' id='word_1_9' title='bbox 1005 323 1086 380; x_wconf 73' lang='lat' dir='ltr'>Di,</span> <span class='ocrx_word' id='word_1_10' title='bbox 1113 325 1321 389; x_wconf 82' lang='lat' dir='ltr'>mergite</span> <span class='ocrx_word' id='word_1_11' title='bbox 1344 324 1570 390; x_wconf 89' lang='lat' dir='ltr'><strong>puppim.</strong></span> 
     </span>
     <span class='ocr_line' id='line_1_3' title="bbox 257 399 1573 465; baseline 0.003 -18"><span class='ocrx_word' id='word_1_12' title='bbox 257 399 372 449; x_wconf 85' lang='lat' dir='ltr'>Heu</span> <span class='ocrx_word' id='word_1_13' title='bbox 397 406 637 464; x_wconf 90' lang='lat' dir='ltr'>quantum</span> <span class='ocrx_word' id='word_1_14' title='bbox 661 399 868 465; x_wconf 83' lang='lat' dir='ltr'>Phrygii</span> <span class='ocrx_word' id='word_1_15' title='bbox 893 402 1146 465; x_wconf 81' lang='lat' dir='ltr'>sanguinis</span> <span class='ocrx_word' id='word_1_16' title='bbox 1171 403 1256 451; x_wconf 86' lang='lat' dir='ltr'>illa</span> <span class='ocrx_word' id='word_1_17' title='bbox 1276 403 1437 451; x_wconf 88' lang='lat' dir='ltr'>vehit!</span> <span class='ocrx_word' id='word_1_18' title='bbox 1480 407 1573 451; x_wconf 87' lang='lat'>120</span> 
     </span>
    </p>

    <p class='ocr_par' dir='ltr' id='par_1_3' title="bbox 193 478 1421 618">
     <span class='ocr_line' id='line_1_4' title="bbox 193 478 1421 544; baseline 0.003 -19"><span class='ocrx_word' id='word_1_19' title='bbox 193 478 417 526; x_wconf 82' lang='lat' dir='ltr'>Dixerat.</span> <span class='ocrx_word' id='word_1_20' title='bbox 453 478 503 525; x_wconf 90' lang='lat' dir='ltr'>in</span> <span class='ocrx_word' id='word_1_21' title='bbox 527 494 674 525; x_wconf 87' lang='lat' dir='ltr'>cursu</span> <span class='ocrx_word' id='word_1_22' title='bbox 698 478 892 526; x_wconf 80' lang='lat' dir='ltr'>famulae</span> <span class='ocrx_word' id='word_1_23' title='bbox 918 495 1125 544; x_wconf 84' lang='lat' dir='ltr'>rapuere</span> <span class='ocrx_word' id='word_1_24' title='bbox 1148 478 1421 538; x_wconf 79' lang='lat' dir='ltr'>furentem3</span> 
     </span>
     <span class='ocr_line' id='line_1_5' title="bbox 256 555 1191 618; baseline 0.002 -16"><span class='ocrx_word' id='word_1_25' title='bbox 256 555 325 603; x_wconf 82' lang='lat' dir='ltr'>At</span> <span class='ocrx_word' id='word_1_26' title='bbox 347 555 466 602; x_wconf 91' lang='lat' dir='ltr'>mihi</span> <span class='ocrx_word' id='word_1_27' title='bbox 490 555 726 603; x_wconf 87' lang='lat' dir='ltr'>flaventes</span> <span class='ocrx_word' id='word_1_28' title='bbox 751 556 996 618; x_wconf 84' lang='lat' dir='ltr'>diriguere</span> <span class='ocrx_word' id='word_1_29' title='bbox 1020 572 1191 604; x_wconf 79' lang='lat' dir='ltr'>comae.</span> 
     </span>
    </p>

    <p class='ocr_par' dir='ltr' id='par_1_4' title="bbox 190 632 1337 773">
     <span class='ocr_line' id='line_1_6' title="bbox 190 632 1337 682; baseline 0.001 -2"><span class='ocrx_word' id='word_1_30' title='bbox 190 632 271 680; x_wconf 96' lang='lat' dir='ltr'>Ah</span> <span class='ocrx_word' id='word_1_31' title='bbox 295 633 498 680; x_wconf 89' lang='lat' dir='ltr'>nimium</span> <span class='ocrx_word' id='word_1_32' title='bbox 521 640 657 680; x_wconf 88' lang='lat' dir='ltr'>vates</span> <span class='ocrx_word' id='word_1_33' title='bbox 682 633 873 680; x_wconf 66' lang='lat' dir='ltr'>miserae</span> <span class='ocrx_word' id='word_1_34' title='bbox 898 633 1017 680; x_wconf 89' lang='lat' dir='ltr'>mihi</span> <span class='ocrx_word' id='word_1_35' title='bbox 1040 650 1155 681; x_wconf 82' lang='lat' dir='ltr'>vera</span> <span class='ocrx_word' id='word_1_36' title='bbox 1177 633 1337 682; x_wconf 88' lang='lat' dir='ltr'>fuisti!</span> 
     </span>
     <span class='ocr_line' id='line_1_7' title="bbox 260 709 1274 773; baseline 0.001 -16"><span class='ocrx_word' id='word_1_37' title='bbox 260 709 493 758; x_wconf 81' lang='lat' dir='ltr'>Possidet</span> <span class='ocrx_word' id='word_1_38' title='bbox 515 726 578 758; x_wconf 85' lang='lat' dir='ltr'>en</span> <span class='ocrx_word' id='word_1_39' title='bbox 603 711 756 757; x_wconf 88' lang='lat' dir='ltr'>saltus</span> <span class='ocrx_word' id='word_1_40' title='bbox 782 710 864 757; x_wconf 90' lang='lat' dir='ltr'>illa</span> <span class='ocrx_word' id='word_1_41' title='bbox 881 711 1097 773; x_wconf 88' lang='lat' dir='ltr'>juvenca</span> <span class='ocrx_word' id='word_1_42' title='bbox 1119 727 1274 759; x_wconf 89' lang='lat' dir='ltr'>meos.</span> 
     </span>
    </p>
   </div>
   <div class='ocr_carea' id='block_1_3' title="bbox 190 885 851 1810">
    <p class='ocr_par' dir='ltr' id='par_1_5' title="bbox 190 885 851 1810">
     <span class='ocr_line' id='line_1_8' title="bbox 191 885 849 927; baseline 0 -11"><span class='ocrx_word' id='word_1_43' title='bbox 191 885 378 917; x_wconf 76' lang='lat' dir='ltr'>amatoribus</span> <span class='ocrx_word' id='word_1_44' title='bbox 393 885 531 927; x_wconf 87' lang='lat' dir='ltr'>obsequi,</span> <span class='ocrx_word' id='word_1_45' title='bbox 547 885 653 927; x_wconf 86' lang='lat' dir='ltr'>itaque</span> <span class='ocrx_word' id='word_1_46' title='bbox 668 896 783 917; x_wconf 84' lang='lat' dir='ltr'>morem</span> <span class='ocrx_word' id='word_1_47' title='bbox 796 896 849 927; x_wconf 82' lang='lat' dir='ltr'>ge-</span> 
     </span>
     <span class='ocr_line' id='line_1_9' title="bbox 191 934 849 978; baseline -0.002 -12"><span class='ocrx_word' id='word_1_48' title='bbox 191 946 268 972; x_wconf 86' lang='lat' dir='ltr'>rere,</span> <span class='ocrx_word' id='word_1_49' title='bbox 284 940 318 967; x_wconf 89' lang='lat' dir='ltr'>ut</span> <span class='ocrx_word' id='word_1_50' title='bbox 338 935 406 978; x_wconf 89' lang='lat' dir='ltr'>ipsa</span> <span class='ocrx_word' id='word_1_51' title='bbox 420 936 454 966; x_wconf 91' lang='lat' dir='ltr'>Io</span> <span class='ocrx_word' id='word_1_52' title='bbox 474 935 546 966; x_wconf 88' lang='lat' dir='ltr'>olim</span> <span class='ocrx_word' id='word_1_53' title='bbox 561 934 646 966; x_wconf 87' lang='lat' dir='ltr'>Jovi.</span> <span class='ocrx_word' id='word_1_54' title='bbox 687 936 849 965; x_wconf 71' lang='lat' dir='ltr'>PARRHA-</span> 
     </span>
     <span class='ocr_line' id='line_1_10' title="bbox 192 983 851 1026; baseline 0.002 -11"><span class='ocrx_word' id='word_1_55' title='bbox 192 996 274 1016; x_wconf 81' lang='lat' dir='ltr'>sms.</span> <span class='ocrx_word' id='word_1_56' title='bbox 320 985 469 1016; x_wconf 88' lang='lat' dir='ltr'>Probrosa</span> <span class='ocrx_word' id='word_1_57' title='bbox 484 983 649 1015; x_wconf 85' lang='lat' dir='ltr'>admodum</span> <span class='ocrx_word' id='word_1_58' title='bbox 664 985 851 1026; x_wconf 83' lang='lat' dir='ltr'>Metaphora</span> 
     </span>
     <span class='ocr_line' id='line_1_11' title="bbox 191 1034 850 1076; baseline 0 -11"><span class='ocrx_word' id='word_1_59' title='bbox 191 1035 223 1065; x_wconf 91' lang='lat' dir='ltr'>in</span> <span class='ocrx_word' id='word_1_60' title='bbox 238 1034 406 1065; x_wconf 84' lang='lat' dir='ltr'>Helenam.</span> <span class='ocrx_word' id='word_1_61' title='bbox 452 1034 546 1065; x_wconf 68' lang='lat' dir='ltr'>C10r.</span> <span class='ocrx_word' id='word_1_62' title='bbox 596 1034 682 1064; x_wconf 82' lang='lat' dir='ltr'>Venit</span> <span class='ocrx_word' id='word_1_63' title='bbox 706 1045 775 1065; x_wconf 85' lang='lat' dir='ltr'>vero</span> <span class='ocrx_word' id='word_1_64' title='bbox 795 1045 850 1076; x_wconf 90' lang='lat' dir='ltr'>po-</span> 
     </span>
     <span class='ocr_line' id='line_1_12' title="bbox 191 1083 849 1126; baseline 0 -12"><span class='ocrx_word' id='word_1_65' title='bbox 191 1083 285 1114; x_wconf 90' lang='lat' dir='ltr'>situm</span> <span class='ocrx_word' id='word_1_66' title='bbox 305 1095 359 1126; x_wconf 91' lang='lat' dir='ltr'>pro</span> <span class='ocrx_word' id='word_1_67' title='bbox 381 1086 477 1115; x_wconf 81' lang='lat' dir='ltr'>veniet</span> <span class='ocrx_word' id='word_1_68' title='bbox 488 1095 499 1121; x_wconf 88' lang='lat'>,·</span> <span class='ocrx_word' id='word_1_69' title='bbox 522 1084 567 1113; x_wconf 88' lang='lat' dir='ltr'>ita</span> <span class='ocrx_word' id='word_1_70' title='bbox 587 1083 727 1114; x_wconf 86' lang='lat' dir='ltr'>solebant</span> <span class='ocrx_word' id='word_1_71' title='bbox 741 1083 849 1114; x_wconf 85' lang='lat' dir='ltr'>vatici-</span> 
     </span>
     <span class='ocr_line' id='line_1_13' title="bbox 193 1132 848 1174; baseline -0.002 -10"><span class='ocrx_word' id='word_1_72' title='bbox 193 1139 315 1164; x_wconf 85' lang='lat' dir='ltr'>nantes.</span> <span class='ocrx_word' id='word_1_73' title='bbox 360 1133 451 1174; x_wconf 88' lang='lat' dir='ltr'>Virg.</span> <span class='ocrx_word' id='word_1_74' title='bbox 476 1132 531 1163; x_wconf 87' lang='lat' dir='ltr'>vii.</span> <span class='ocrx_word' id='word_1_75' title='bbox 551 1133 606 1163; x_wconf 84' lang='lat'>98.</span> <span class='ocrx_word' id='word_1_76' title='bbox 654 1132 782 1163; x_wconf 66' lang='lat' dir='ltr'>Exterm&#39;</span> <span class='ocrx_word' id='word_1_77' title='bbox 801 1144 848 1163; x_wconf 79' lang='lat' dir='ltr'>ve-</span> 
     </span>
     <span class='ocr_line' id='line_1_14' title="bbox 191 1181 848 1223; baseline 0 -11"><span class='ocrx_word' id='word_1_78' title='bbox 191 1184 294 1219; x_wconf 74' lang='lat' dir='ltr'>niunt,</span> <span class='ocrx_word' id='word_1_79' title='bbox 308 1187 344 1213; x_wconf 88' lang='lat' dir='ltr'>ut</span> <span class='ocrx_word' id='word_1_80' title='bbox 357 1182 480 1213; x_wconf 87' lang='lat' dir='ltr'>Servius</span> <span class='ocrx_word' id='word_1_81' title='bbox 495 1188 526 1213; x_wconf 87' lang='lat' dir='ltr'>et</span> <span class='ocrx_word' id='word_1_82' title='bbox 545 1181 669 1223; x_wconf 84' lang='lat' dir='ltr'>plurimi</span> <span class='ocrx_word' id='word_1_83' title='bbox 684 1182 778 1212; x_wconf 82' lang='lat' dir='ltr'>MSS.</span> <span class='ocrx_word' id='word_1_84' title='bbox 791 1184 848 1222; x_wconf 78' lang='lat' dir='ltr'>ju-</span> 
     </span>
     <span class='ocr_line' id='line_1_15' title="bbox 191 1231 848 1272; baseline 0 -10"><span class='ocrx_word' id='word_1_85' title='bbox 191 1243 312 1262; x_wconf 75' lang='lat' dir='ltr'>vencam</span> <span class='ocrx_word' id='word_1_86' title='bbox 352 1242 424 1262; x_wconf 87' lang='lat' dir='ltr'>vero</span> <span class='ocrx_word' id='word_1_87' title='bbox 458 1236 548 1262; x_wconf 85' lang='lat' dir='ltr'>vocat</span> <span class='ocrx_word' id='word_1_88' title='bbox 584 1231 726 1272; x_wconf 85' lang='lat' dir='ltr'>exemplo</span> <span class='ocrx_word' id='word_1_89' title='bbox 760 1231 848 1262; x_wconf 84' lang='lat' dir='ltr'>Grae-</span> 
     </span>
     <span class='ocr_line' id='line_1_16' title="bbox 192 1279 850 1322; baseline 0 -11"><span class='ocrx_word' id='word_1_90' title='bbox 192 1291 309 1311; x_wconf 86' lang='lat' dir='ltr'>corum.</span> <span class='ocrx_word' id='word_1_91' title='bbox 338 1279 384 1311; x_wconf 84' lang='lat' dir='ltr'>ita</span> <span class='ocrx_word' id='word_1_92' title='bbox 411 1279 567 1322; x_wconf 91' lang='lat' dir='ltr'>Lycophr.</span> <span class='ocrx_word' id='word_1_93' title='bbox 596 1290 629 1310; x_wconf 86' lang='lat' dir='ltr'>v.</span> <span class='ocrx_word' id='word_1_94' title='bbox 660 1280 730 1310; x_wconf 83' lang='lat'>102.</span> <span class='ocrx_word' id='word_1_95' title='bbox 758 1286 850 1311; x_wconf 86' lang='lat' dir='ltr'>vocat</span> 
     </span>
     <span class='ocr_line' id='line_1_17' title="bbox 193 1328 851 1370; baseline 0 -10"><span class='ocrx_word' id='word_1_96' title='bbox 193 1329 323 1370; x_wconf 83' lang='grc' dir='ltr'>πόρτιν,</span> <span class='ocrx_word' id='word_1_97' title='bbox 346 1339 439 1370; x_wconf 89' lang='lat' dir='ltr'>quam</span> <span class='ocrx_word' id='word_1_98' title='bbox 455 1339 561 1359; x_wconf 86' lang='lat' dir='ltr'>vocem</span> <span class='ocrx_word' id='word_1_99' title='bbox 575 1328 702 1359; x_wconf 79' lang='lat' dir='ltr'>Tzetzes</span> <span class='ocrx_word' id='word_1_100' title='bbox 724 1328 851 1370; x_wconf 82' lang='lat' dir='ltr'>exponit</span> 
     </span>
     <span class='ocr_line' id='line_1_18' title="bbox 194 1377 849 1420; baseline 0 -11"><span class='ocrx_word' id='word_1_101' title='bbox 194 1377 412 1420; x_wconf 81' lang='grc' dir='ltr'>Πολὺανδρον</span> <span class='ocrx_word' id='word_1_102' title='bbox 427 1377 580 1420; x_wconf 81' lang='grc' dir='ltr'>ὂαμὰλιν,</span> <span class='ocrx_word' id='word_1_103' title='bbox 597 1378 679 1419; x_wconf 91' lang='lat' dir='ltr'>quod</span> <span class='ocrx_word' id='word_1_104' title='bbox 698 1378 740 1409; x_wconf 87' lang='lat' dir='ltr'>ibi</span> <span class='ocrx_word' id='word_1_105' title='bbox 757 1379 796 1409; x_wconf 89' lang='lat' dir='ltr'>de</span> <span class='ocrx_word' id='word_1_106' title='bbox 811 1378 849 1409; x_wconf 91' lang='lat' dir='ltr'>li-</span> 
     </span>
     <span class='ocr_line' id='line_1_19' title="bbox 190 1426 850 1470; baseline 0.002 -12"><span class='ocrx_word' id='word_1_107' title='bbox 190 1428 297 1458; x_wconf 92' lang='lat' dir='ltr'>bidine</span> <span class='ocrx_word' id='word_1_108' title='bbox 312 1428 381 1470; x_wconf 89' lang='lat' dir='ltr'>capi</span> <span class='ocrx_word' id='word_1_109' title='bbox 397 1428 503 1459; x_wconf 86' lang='lat' dir='ltr'>debet.</span> <span class='ocrx_word' id='word_1_110' title='bbox 526 1426 569 1457; x_wconf 87' lang='lat' dir='ltr'>sic</span> <span class='ocrx_word' id='word_1_111' title='bbox 585 1438 708 1469; x_wconf 84' lang='lat' dir='ltr'>quoque</span> <span class='ocrx_word' id='word_1_112' title='bbox 724 1428 850 1469; x_wconf 88' lang='lat' dir='ltr'>quidam</span> 
     </span>
     <span class='ocr_line' id='line_1_20' title="bbox 192 1476 702 1508; baseline 0 -1"><span class='ocrx_word' id='word_1_113' title='bbox 192 1477 315 1508; x_wconf 86' lang='lat' dir='ltr'>codices</span> <span class='ocrx_word' id='word_1_114' title='bbox 328 1476 386 1507; x_wconf 89' lang='lat' dir='ltr'>lib.</span> <span class='ocrx_word' id='word_1_115' title='bbox 404 1476 458 1507; x_wconf 84' lang='lat' dir='ltr'>xii.</span> <span class='ocrx_word' id='word_1_116' title='bbox 474 1477 608 1506; x_wconf 88' lang='lat' dir='ltr'>Metam.</span> <span class='ocrx_word' id='word_1_117' title='bbox 626 1477 702 1507; x_wconf 89' lang='lat'><strong>609.</strong></span> 
     </span>
     <span class='ocr_line' id='line_1_21' title="bbox 241 1525 850 1566; baseline 0.002 -10"><span class='ocrx_word' id='word_1_118' title='bbox 241 1526 373 1557; x_wconf 72' lang='lat' dir='ltr'>Vinceris</span> <span class='ocrx_word' id='word_1_119' title='bbox 390 1539 409 1557; x_wconf 85' lang='lat' dir='ltr'>a</span> <span class='ocrx_word' id='word_1_120' title='bbox 424 1527 527 1556; x_wconf 78' lang='lat' dir='ltr'>timido</span> <span class='ocrx_word' id='word_1_121' title='bbox 545 1525 646 1565; x_wconf 79' lang='lat' dir='ltr'>Grajae</span> <span class='ocrx_word' id='word_1_122' title='bbox 668 1532 787 1566; x_wconf 75' lang='lat' dir='ltr'>raptore</span> <span class='ocrx_word' id='word_1_123' title='bbox 792 1529 850 1566; x_wconf 85' lang='lat' dir='ltr'>ju-</span> 
     </span>
     <span class='ocr_line' id='line_1_22' title="bbox 276 1585 386 1605; baseline -0.009 0"><span class='ocrx_word' id='word_1_124' title='bbox 276 1585 386 1605; x_wconf 70' lang='lat' dir='ltr'>venece.</span> 
     </span>
     <span class='ocr_line' id='line_1_23' title="bbox 194 1622 851 1664; baseline -0.002 -9"><span class='ocrx_word' id='word_1_125' title='bbox 194 1624 258 1655; x_wconf 86' lang='lat' dir='ltr'>Ubi</span> <span class='ocrx_word' id='word_1_126' title='bbox 273 1623 366 1664; x_wconf 86' lang='lat' dir='ltr'>vulgo</span> <span class='ocrx_word' id='word_1_127' title='bbox 380 1625 507 1653; x_wconf 68' lang='lat' dir='ltr'>marine.</span> <span class='ocrx_word' id='word_1_128' title='bbox 552 1623 603 1653; x_wconf 85' lang='lat' dir='ltr'>Jo.</span> <span class='ocrx_word' id='word_1_129' title='bbox 621 1622 772 1660; x_wconf 86' lang='lat' dir='ltr'>Iscanius,</span> <span class='ocrx_word' id='word_1_130' title='bbox 789 1634 851 1654; x_wconf 90' lang='lat' dir='ltr'>non</span> 
     </span>
     <span class='ocr_line' id='line_1_24' title="bbox 193 1671 848 1714; baseline 0 -11"><span class='ocrx_word' id='word_1_131' title='bbox 193 1673 317 1714; x_wconf 86' lang='lat' dir='ltr'>ineptus</span> <span class='ocrx_word' id='word_1_132' title='bbox 341 1673 447 1707; x_wconf 86' lang='lat' dir='ltr'>Poeta,</span> <span class='ocrx_word' id='word_1_133' title='bbox 470 1671 508 1701; x_wconf 91' lang='lat' dir='ltr'>de</span> <span class='ocrx_word' id='word_1_134' title='bbox 534 1671 617 1701; x_wconf 89' lang='lat' dir='ltr'>bello</span> <span class='ocrx_word' id='word_1_135' title='bbox 640 1672 771 1713; x_wconf 82' lang='lat' dir='ltr'>Trojano</span> <span class='ocrx_word' id='word_1_136' title='bbox 791 1672 848 1703; x_wconf 90' lang='lat' dir='ltr'>lib.</span> 
     </span>
     <span class='ocr_line' id='line_1_25' title="bbox 193 1720 834 1753; baseline -0.002 0"><span class='ocrx_word' id='word_1_137' title='bbox 193 1722 240 1753; x_wconf 88' lang='lat' dir='ltr'>iii.</span> <span class='ocrx_word' id='word_1_138' title='bbox 258 1722 333 1752; x_wconf 85' lang='lat'>374.</span> <span class='ocrx_word' id='word_1_139' title='bbox 349 1721 513 1752; x_wconf 84' lang='lat' dir='ltr'>manifesta</span> <span class='ocrx_word' id='word_1_140' title='bbox 525 1720 695 1751; x_wconf 83' lang='lat' dir='ltr'>imitatione</span> <span class='ocrx_word' id='word_1_141' title='bbox 712 1722 834 1752; x_wconf 89' lang='lat' dir='ltr'>Ovidii:</span> 
     </span>
     <span class='ocr_line' id='line_1_26' title="bbox 459 1770 764 1810; baseline 0.003 -10"><span class='ocrx_word' id='word_1_142' title='bbox 459 1770 543 1800; x_wconf 73' lang='lat' dir='ltr'>Tunc</span> <span class='ocrx_word' id='word_1_143' title='bbox 558 1771 764 1810; x_wconf 76' lang='lat' dir='ltr'>illajnvenca,</span> 
     </span>
    </p>
   </div>
   <div class='ocr_carea' id='block_1_4' title="bbox 278 1789 448 1794">
    <p class='ocr_par' dir='ltr' id='par_1_6' title="bbox 278 1789 448 1794">
     <span class='ocr_line' id='line_1_27' title="bbox 278 1789 448 1794; baseline 0 0"><span class='ocrx_word' id='word_1_144' title='bbox 278 1789 448 1794; x_wconf 95' lang='lat' dir='ltr'> </span> 
     </span>
    </p>
   </div>
   <div class='ocr_carea' id='block_1_5' title="bbox 238 1820 852 1861">
    <p class='ocr_par' dir='ltr' id='par_1_7' title="bbox 238 1820 852 1861">
     <span class='ocr_line' id='line_1_28' title="bbox 238 1820 852 1861; baseline 0.002 -11"><span class='ocrx_word' id='word_1_145' title='bbox 238 1820 311 1855; x_wconf 74' lang='lat' dir='ltr'>Quae</span> <span class='ocrx_word' id='word_1_146' title='bbox 337 1821 432 1850; x_wconf 75' lang='lat' dir='ltr'>saltus</span> <span class='ocrx_word' id='word_1_147' title='bbox 455 1821 587 1861; x_wconf 75' lang='lat' dir='ltr'>ingressa</span> <span class='ocrx_word' id='word_1_148' title='bbox 610 1831 705 1856; x_wconf 68' lang='lat' dir='ltr'>novos,</span> <span class='ocrx_word' id='word_1_149' title='bbox 725 1831 852 1860; x_wconf 76' lang='lat' dir='ltr'>praesepe</span> 
     </span>
    </p>
   </div>
   <div class='ocr_carea' id='block_1_6' title="bbox 237 1875 851 2048">
    <p class='ocr_par' dir='ltr' id='par_1_8' title="bbox 276 1875 436 1909">
     <span class='ocr_line' id='line_1_29' title="bbox 276 1875 436 1909; baseline -0.013 -9"><span class='ocrx_word' id='word_1_150' title='bbox 276 1875 436 1909; x_wconf 70' lang='lat' dir='ltr'>paternum</span> 
     </span>
    </p>

    <p class='ocr_par' dir='ltr' id='par_1_9' title="bbox 237 1917 851 2009">
     <span class='ocr_line' id='line_1_30' title="bbox 237 1917 851 1960; baseline 0.002 -11"><span class='ocrx_word' id='word_1_151' title='bbox 237 1918 355 1949; x_wconf 74' lang='lat' dir='ltr'>Incesta</span> <span class='ocrx_word' id='word_1_152' title='bbox 376 1920 490 1959; x_wconf 70' lang='lat' dir='ltr'>liquisse</span> <span class='ocrx_word' id='word_1_153' title='bbox 495 1917 592 1960; x_wconf 68' lang='lat' dir='ltr'>fugit,</span> <span class='ocrx_word' id='word_1_154' title='bbox 610 1925 788 1960; x_wconf 68' lang='lat' dir='ltr'>taurumque</span> <span class='ocrx_word' id='word_1_155' title='bbox 794 1921 851 1960; x_wconf 80' lang='lat' dir='ltr'>ju-</span> 
     </span>
     <span class='ocr_line' id='line_1_31' title="bbox 277 1969 375 2009; baseline 0 -12"><span class='ocrx_word' id='word_1_156' title='bbox 277 1969 375 2009; x_wconf 76' lang='lat' dir='ltr'>galem</span> 
     </span>
    </p>

    <p class='ocr_par' dir='ltr' id='par_1_10' title="bbox 239 2017 789 2048">
     <span class='ocr_line' id='line_1_32' title="bbox 239 2017 789 2048; baseline 0 -1"><span class='ocrx_word' id='word_1_157' title='bbox 239 2017 368 2047; x_wconf 80' lang='lat' dir='ltr'>Diceris.</span> <span class='ocrx_word' id='word_1_158' title='bbox 670 2017 789 2048; x_wconf 79' lang='lat' dir='ltr'>BunM.</span> 
     </span>
    </p>
   </div>
   <div class='ocr_carea' id='block_1_7' title="bbox 193 2064 850 2792">
    <p class='ocr_par' dir='ltr' id='par_1_11' title="bbox 193 2064 850 2195">
     <span class='ocr_line' id='line_1_33' title="bbox 240 2064 849 2106; baseline 0 -9"><span class='ocrx_word' id='word_1_159' title='bbox 240 2068 313 2097; x_wconf 81' lang='lat'>118.</span> <span class='ocrx_word' id='word_1_160' title='bbox 338 2065 402 2106; x_wconf 59' lang='lat' dir='ltr'>Ia]</span> <span class='ocrx_word' id='word_1_161' title='bbox 430 2064 535 2095; x_wconf 76' lang='lat' dir='ltr'>Dictio</span> <span class='ocrx_word' id='word_1_162' title='bbox 552 2065 609 2095; x_wconf 87' lang='lat' dir='ltr'>hoc</span> <span class='ocrx_word' id='word_1_163' title='bbox 633 2065 701 2097; x_wconf 88' lang='lat' dir='ltr'>Ioco</span> <span class='ocrx_word' id='word_1_164' title='bbox 723 2066 849 2097; x_wconf 90' lang='lat' dir='ltr'>commi-</span> 
     </span>
     <span class='ocr_line' id='line_1_34' title="bbox 193 2113 850 2156; baseline 0 -10"><span class='ocrx_word' id='word_1_165' title='bbox 193 2114 352 2147; x_wconf 78' lang='lat' dir='ltr'>serationis</span> <span class='ocrx_word' id='word_1_166' title='bbox 368 2120 399 2144; x_wconf 86' lang='lat' dir='ltr'>et</span> <span class='ocrx_word' id='word_1_167' title='bbox 421 2113 533 2144; x_wconf 89' lang='lat' dir='ltr'>doloris</span> <span class='ocrx_word' id='word_1_168' title='bbox 553 2114 656 2156; x_wconf 89' lang='lat' dir='ltr'>plena,</span> <span class='ocrx_word' id='word_1_169' title='bbox 673 2114 746 2145; x_wconf 85' lang='lat' dir='ltr'>alibi</span> <span class='ocrx_word' id='word_1_170' title='bbox 771 2115 850 2146; x_wconf 76' lang='lat' dir='ltr'>laeti-</span> 
     </span>
     <span class='ocr_line' id='line_1_35' title="bbox 194 2164 398 2195; baseline -0.015 0"><span class='ocrx_word' id='word_1_171' title='bbox 194 2166 258 2195; x_wconf 85' lang='lat' dir='ltr'>tiae.</span> <span class='ocrx_word' id='word_1_172' title='bbox 305 2164 398 2194; x_wconf 73' lang='lat' dir='ltr'>C1or.</span> 
     </span>
    </p>

    <p class='ocr_par' dir='ltr' id='par_1_12' title="bbox 193 2211 850 2792">
     <span class='ocr_line' id='line_1_36' title="bbox 240 2211 850 2255; baseline 0 -12"><span class='ocrx_word' id='word_1_173' title='bbox 240 2213 312 2243; x_wconf 81' lang='lat'>121.</span> <span class='ocrx_word' id='word_1_174' title='bbox 338 2212 465 2242; x_wconf 57' lang='lat' dir='ltr'>Dixerat</span> <span class='ocrx_word' id='word_1_175' title='bbox 487 2212 640 2251; x_wconf 61' lang='lat' dir='ltr'>incnrsu]</span> <span class='ocrx_word' id='word_1_176' title='bbox 668 2211 733 2242; x_wconf 89' lang='lat' dir='ltr'>Alii</span> <span class='ocrx_word' id='word_1_177' title='bbox 757 2213 850 2255; x_wconf 83' lang='lat' dir='ltr'>pleri-</span> 
     </span>
     <span class='ocr_line' id='line_1_37' title="bbox 194 2260 850 2304; baseline 0 -11"><span class='ocrx_word' id='word_1_178' title='bbox 194 2273 254 2304; x_wconf 86' lang='lat' dir='ltr'>que</span> <span class='ocrx_word' id='word_1_179' title='bbox 267 2261 373 2292; x_wconf 84' lang='lat' dir='ltr'>divisis</span> <span class='ocrx_word' id='word_1_180' title='bbox 387 2260 574 2291; x_wconf 84' lang='lat' dir='ltr'>dictionibus</span> <span class='ocrx_word' id='word_1_181' title='bbox 585 2263 616 2291; x_wconf 76' lang='lat' dir='ltr'>in</span> <span class='ocrx_word' id='word_1_182' title='bbox 627 2272 716 2291; x_wconf 72' lang='lat' dir='ltr'>cursu</span> <span class='ocrx_word' id='word_1_183' title='bbox 731 2262 850 2302; x_wconf 79' lang='lat' dir='ltr'>legunt,</span> 
     </span>
     <span class='ocr_line' id='line_1_38' title="bbox 193 2309 850 2352; baseline 0.002 -11"><span class='ocrx_word' id='word_1_184' title='bbox 193 2310 282 2352; x_wconf 82' lang='lat' dir='ltr'>quasi</span> <span class='ocrx_word' id='word_1_185' title='bbox 297 2310 381 2339; x_wconf 83' lang='lat' dir='ltr'>dicat</span> <span class='ocrx_word' id='word_1_186' title='bbox 395 2309 424 2339; x_wconf 87' lang='lat' dir='ltr'>in</span> <span class='ocrx_word' id='word_1_187' title='bbox 440 2309 541 2339; x_wconf 85' lang='lat' dir='ltr'>medio</span> <span class='ocrx_word' id='word_1_188' title='bbox 555 2309 744 2340; x_wconf 82' lang='lat' dir='ltr'>vaticinandi</span> <span class='ocrx_word' id='word_1_189' title='bbox 759 2321 850 2342; x_wconf 89' lang='lat' dir='ltr'>cursu</span> 
     </span>
     <span class='ocr_line' id='line_1_39' title="bbox 193 2358 848 2398; baseline 0.002 -9"><span class='ocrx_word' id='word_1_190' title='bbox 193 2359 258 2389; x_wconf 86' lang='lat' dir='ltr'>sive</span> <span class='ocrx_word' id='word_1_191' title='bbox 275 2358 388 2389; x_wconf 82' lang='lat' dir='ltr'>calore.</span> <span class='ocrx_word' id='word_1_192' title='bbox 434 2358 500 2398; x_wconf 84' lang='lat' dir='ltr'>Ego</span> <span class='ocrx_word' id='word_1_193' title='bbox 515 2368 586 2388; x_wconf 82' lang='lat' dir='ltr'>vero</span> <span class='ocrx_word' id='word_1_194' title='bbox 601 2358 695 2388; x_wconf 82' lang='lat' dir='ltr'>etiam</span> <span class='ocrx_word' id='word_1_195' title='bbox 708 2370 769 2389; x_wconf 82' lang='lat' dir='ltr'>una</span> <span class='ocrx_word' id='word_1_196' title='bbox 784 2359 848 2390; x_wconf 89' lang='lat' dir='ltr'>dic-</span> 
     </span>
     <span class='ocr_line' id='line_1_40' title="bbox 193 2408 850 2448; baseline -0.002 -9"><span class='ocrx_word' id='word_1_197' title='bbox 193 2408 276 2439; x_wconf 84' lang='lat' dir='ltr'>tione</span> <span class='ocrx_word' id='word_1_198' title='bbox 306 2409 440 2442; x_wconf 73' lang='lat' dir='ltr'>incursu,</span> <span class='ocrx_word' id='word_1_199' title='bbox 463 2418 516 2448; x_wconf 92' lang='lat' dir='ltr'>pro</span> <span class='ocrx_word' id='word_1_200' title='bbox 539 2417 678 2442; x_wconf 88' lang='lat' dir='ltr'>accursu,</span> <span class='ocrx_word' id='word_1_201' title='bbox 699 2413 731 2438; x_wconf 82' lang='lat' dir='ltr'>et</span> <span class='ocrx_word' id='word_1_202' title='bbox 757 2408 850 2439; x_wconf 84' lang='lat' dir='ltr'>inter-</span> 
     </span>
     <span class='ocr_line' id='line_1_41' title="bbox 194 2455 850 2498; baseline 0.002 -11"><span class='ocrx_word' id='word_1_203' title='bbox 194 2462 288 2488; x_wconf 79' lang='lat' dir='ltr'>ventu</span> <span class='ocrx_word' id='word_1_204' title='bbox 304 2462 385 2487; x_wconf 86' lang='lat' dir='ltr'>recte</span> <span class='ocrx_word' id='word_1_205' title='bbox 401 2456 463 2496; x_wconf 82' lang='lat' dir='ltr'>legi</span> <span class='ocrx_word' id='word_1_206' title='bbox 480 2455 630 2492; x_wconf 78' lang='lat' dir='ltr'>existimo,</span> <span class='ocrx_word' id='word_1_207' title='bbox 646 2462 681 2486; x_wconf 85' lang='lat' dir='ltr'>ut</span> <span class='ocrx_word' id='word_1_208' title='bbox 696 2456 850 2498; x_wconf 86' lang='lat' dir='ltr'>intelliga-</span> 
     </span>
     <span class='ocr_line' id='line_1_42' title="bbox 193 2504 850 2537; baseline 0 0"><span class='ocrx_word' id='word_1_209' title='bbox 193 2517 262 2537; x_wconf 90' lang='lat' dir='ltr'>mus</span> <span class='ocrx_word' id='word_1_210' title='bbox 274 2505 403 2536; x_wconf 78' lang='lat' dir='ltr'>famulos</span> <span class='ocrx_word' id='word_1_211' title='bbox 417 2504 541 2535; x_wconf 85' lang='lat' dir='ltr'>incursu</span> <span class='ocrx_word' id='word_1_212' title='bbox 556 2510 587 2535; x_wconf 87' lang='lat' dir='ltr'>et</span> <span class='ocrx_word' id='word_1_213' title='bbox 606 2505 780 2537; x_wconf 86' lang='lat' dir='ltr'>interventu</span> <span class='ocrx_word' id='word_1_214' title='bbox 795 2518 850 2537; x_wconf 89' lang='lat' dir='ltr'>suo</span> 
     </span>
     <span class='ocr_line' id='line_1_43' title="bbox 194 2554 850 2596; baseline 0.002 -11"><span class='ocrx_word' id='word_1_215' title='bbox 194 2554 413 2585; x_wconf 83' lang='lat' dir='ltr'>vaticinantem</span> <span class='ocrx_word' id='word_1_216' title='bbox 437 2554 557 2594; x_wconf 79' lang='lat' dir='ltr'>longius</span> <span class='ocrx_word' id='word_1_217' title='bbox 581 2554 723 2595; x_wconf 78' lang='lat' dir='ltr'>progredi</span> <span class='ocrx_word' id='word_1_218' title='bbox 748 2556 850 2596; x_wconf 88' lang='lat' dir='ltr'>prohi-</span> 
     </span>
     <span class='ocr_line' id='line_1_44' title="bbox 194 2603 849 2645; baseline 0.002 -11"><span class='ocrx_word' id='word_1_219' title='bbox 194 2604 310 2634; x_wconf 84' lang='lat' dir='ltr'>buisse.</span> <span class='ocrx_word' id='word_1_220' title='bbox 334 2603 461 2633; x_wconf 63' lang='grc' dir='ltr'><strong>Μγςιι.</strong></span> <span class='ocrx_word' id='word_1_221' title='bbox 491 2604 584 2643; x_wconf 79' lang='lat' dir='ltr'>Lege,</span> <span class='ocrx_word' id='word_1_222' title='bbox 600 2605 632 2633; x_wconf 51' lang='lat' dir='ltr'>¹in</span> <span class='ocrx_word' id='word_1_223' title='bbox 647 2604 849 2645; x_wconf 72' lang='lat' dir='ltr'>cursusamu-</span> 
     </span>
     <span class='ocr_line' id='line_1_45' title="bbox 195 2652 850 2695; baseline 0.003 -13"><span class='ocrx_word' id='word_1_224' title='bbox 195 2653 229 2682; x_wconf 79' lang='lat' dir='ltr'>lae</span> <span class='ocrx_word' id='word_1_225' title='bbox 244 2663 369 2691; x_wconf 77' lang='lat' dir='ltr'>rapuere</span> <span class='ocrx_word' id='word_1_226' title='bbox 383 2652 552 2693; x_wconf 61' lang='lat' dir='ltr'>furentem.</span> <span class='ocrx_word' id='word_1_227' title='bbox 575 2652 632 2682; x_wconf 88' lang='lat' dir='ltr'>hoc</span> <span class='ocrx_word' id='word_1_228' title='bbox 651 2658 708 2689; x_wconf 84' lang='lat' dir='ltr'>est,</span> <span class='ocrx_word' id='word_1_229' title='bbox 730 2652 761 2683; x_wconf 90' lang='lat' dir='ltr'>in</span> <span class='ocrx_word' id='word_1_230' title='bbox 784 2653 850 2695; x_wconf 85' lang='lat' dir='ltr'>ipso</span> 
     </span>
     <span class='ocr_line' id='line_1_46' title="bbox 195 2700 850 2742; baseline 0.002 -11"><span class='ocrx_word' id='word_1_231' title='bbox 195 2700 302 2731; x_wconf 84' lang='lat' dir='ltr'>furoris</span> <span class='ocrx_word' id='word_1_232' title='bbox 317 2711 421 2731; x_wconf 87' lang='lat' dir='ltr'>cursu.</span> <span class='ocrx_word' id='word_1_233' title='bbox 467 2701 517 2731; x_wconf 81' lang='lat' dir='ltr'>De</span> <span class='ocrx_word' id='word_1_234' title='bbox 528 2711 589 2742; x_wconf 89' lang='lat' dir='ltr'>quo</span> <span class='ocrx_word' id='word_1_235' title='bbox 604 2701 751 2742; x_wconf 90' lang='lat' dir='ltr'>loquendi</span> <span class='ocrx_word' id='word_1_236' title='bbox 766 2712 850 2733; x_wconf 82' lang='lat' dir='ltr'>more</span> 
     </span>
     <span class='ocr_line' id='line_1_47' title="bbox 196 2749 848 2792; baseline 0.002 -12"><span class='ocrx_word' id='word_1_237' title='bbox 196 2750 284 2792; x_wconf 86' lang='lat' dir='ltr'>plura</span> <span class='ocrx_word' id='word_1_238' title='bbox 308 2749 364 2781; x_wconf 83' lang='lat' dir='ltr'>lib.</span> <span class='ocrx_word' id='word_1_239' title='bbox 389 2761 421 2781; x_wconf 90' lang='lat' dir='ltr'>x.</span> <span class='ocrx_word' id='word_1_240' title='bbox 445 2750 527 2781; x_wconf 81' lang='lat' dir='ltr'>Met.</span> <span class='ocrx_word' id='word_1_241' title='bbox 552 2749 583 2781; x_wconf 91' lang='lat' dir='ltr'>in</span> <span class='ocrx_word' id='word_1_242' title='bbox 607 2750 685 2782; x_wconf 82' lang='lat' dir='ltr'>Fab.</span> <span class='ocrx_word' id='word_1_243' title='bbox 712 2750 848 2792; x_wconf 82' lang='lat' dir='ltr'>Myrrliae</span> 
     </span>
    </p>
   </div>
   <div class='ocr_carea' id='block_1_8' title="bbox 915 885 1578 2341">
    <p class='ocr_par' dir='ltr' id='par_1_13' title="bbox 915 885 1578 2341">
     <span class='ocr_line' id='line_1_48' title="bbox 916 885 1576 923; baseline -0.002 -7"><span class='ocrx_word' id='word_1_244' title='bbox 916 885 992 917; x_wconf 88' lang='lat' dir='ltr'>dixi.</span> <span class='ocrx_word' id='word_1_245' title='bbox 1009 885 1112 917; x_wconf 77' lang='lat' dir='ltr'>Cicer.</span> <span class='ocrx_word' id='word_1_246' title='bbox 1136 887 1231 918; x_wconf 86' lang='lat' dir='ltr'>Tusc.</span> <span class='ocrx_word' id='word_1_247' title='bbox 1256 887 1376 923; x_wconf 80' lang='lat' dir='ltr'>Quaest.</span> <span class='ocrx_word' id='word_1_248' title='bbox 1399 886 1422 916; x_wconf 89' lang='lat' dir='ltr'>i.</span> <span class='ocrx_word' id='word_1_249' title='bbox 1470 885 1576 916; x_wconf 78' lang='lat' dir='ltr'>Nonne</span> 
     </span>
     <span class='ocr_line' id='line_1_49' title="bbox 915 937 1576 975; baseline -0.002 -10"><span class='ocrx_word' id='word_1_250' title='bbox 915 937 997 965; x_wconf 78' lang='lat' dir='ltr'>modo</span> <span class='ocrx_word' id='word_1_251' title='bbox 1010 947 1125 975; x_wconf 71' lang='lat' dir='ltr'>pueros,</span> <span class='ocrx_word' id='word_1_252' title='bbox 1136 937 1217 966; x_wconf 84' lang='lat' dir='ltr'>modo</span> <span class='ocrx_word' id='word_1_253' title='bbox 1231 937 1425 966; x_wconf 70' lang='lat' dir='ltr'>adolescentes</span> <span class='ocrx_word' id='word_1_254' title='bbox 1439 937 1471 965; x_wconf 85' lang='lat' dir='ltr'>in</span> <span class='ocrx_word' id='word_1_255' title='bbox 1486 946 1576 965; x_wconf 69' lang='lat' dir='ltr'>cursu,</span> 
     </span>
     <span class='ocr_line' id='line_1_50' title="bbox 916 988 1573 1026; baseline 0 -12"><span class='ocrx_word' id='word_1_256' title='bbox 916 997 935 1014; x_wconf 86' lang='lat' dir='ltr'>a</span> <span class='ocrx_word' id='word_1_257' title='bbox 951 991 1032 1026; x_wconf 79' lang='lat' dir='ltr'>tergo</span> <span class='ocrx_word' id='word_1_258' title='bbox 1049 988 1210 1025; x_wconf 76' lang='lat' dir='ltr'>insequens,</span> <span class='ocrx_word' id='word_1_259' title='bbox 1225 997 1278 1016; x_wconf 77' lang='lat' dir='ltr'>nec</span> <span class='ocrx_word' id='word_1_260' title='bbox 1293 988 1445 1025; x_wconf 72' lang='lat' dir='ltr'>opinantes</span> <span class='ocrx_word' id='word_1_261' title='bbox 1459 995 1573 1015; x_wconf 77' lang='lat' dir='ltr'>assecu—</span> 
     </span>
     <span class='ocr_line' id='line_1_51' title="bbox 917 1034 1576 1066; baseline 0 -2"><span class='ocrx_word' id='word_1_262' title='bbox 917 1039 949 1064; x_wconf 77' lang='lat' dir='ltr'>ta</span> <span class='ocrx_word' id='word_1_263' title='bbox 963 1040 1005 1064; x_wconf 77' lang='lat' dir='ltr'>est</span> <span class='ocrx_word' id='word_1_264' title='bbox 1024 1036 1177 1065; x_wconf 75' lang='lat' dir='ltr'>senectus?</span> <span class='ocrx_word' id='word_1_265' title='bbox 1200 1034 1232 1065; x_wconf 89' lang='lat' dir='ltr'>id</span> <span class='ocrx_word' id='word_1_266' title='bbox 1248 1040 1294 1066; x_wconf 88' lang='lat' dir='ltr'>est</span> <span class='ocrx_word' id='word_1_267' title='bbox 1312 1034 1343 1065; x_wconf 88' lang='lat' dir='ltr'>in</span> <span class='ocrx_word' id='word_1_268' title='bbox 1358 1034 1459 1065; x_wconf 79' lang='lat' dir='ltr'>aetatis</span> <span class='ocrx_word' id='word_1_269' title='bbox 1473 1044 1576 1065; x_wconf 87' lang='lat' dir='ltr'>cursu.</span> 
     </span>
     <span class='ocr_line' id='line_1_52' title="bbox 917 1082 1575 1114; baseline 0 -2"><span class='ocrx_word' id='word_1_270' title='bbox 917 1083 947 1113; x_wconf 94' lang='lat' dir='ltr'>N</span> <span class='ocrx_word' id='word_1_271' title='bbox 951 1082 987 1112; x_wconf 76' lang='lat' dir='ltr'>isi</span> <span class='ocrx_word' id='word_1_272' title='bbox 996 1082 1047 1113; x_wconf 90' lang='lat' dir='ltr'>cui</span> <span class='ocrx_word' id='word_1_273' title='bbox 1063 1083 1261 1114; x_wconf 85' lang='lat' dir='ltr'>scribendum</span> <span class='ocrx_word' id='word_1_274' title='bbox 1270 1083 1411 1114; x_wconf 84' lang='lat' dir='ltr'>videatur</span> <span class='ocrx_word' id='word_1_275' title='bbox 1418 1083 1476 1114; x_wconf 88' lang='lat' dir='ltr'>hoc</span> <span class='ocrx_word' id='word_1_276' title='bbox 1485 1083 1554 1113; x_wconf 93' lang='lat' dir='ltr'>loco</span> <span class='ocrx_word' id='word_1_277' title='bbox 1567 1093 1575 1112; x_wconf 76' lang='grc' dir='ltr'>ε</span> 
     </span>
     <span class='ocr_line' id='line_1_53' title="bbox 963 1131 1578 1174; baseline 0.002 -14"><span class='ocrx_word' id='word_1_278' title='bbox 963 1131 1021 1161; x_wconf 70' lang='lat' dir='ltr'>Vox</span> <span class='ocrx_word' id='word_1_279' title='bbox 1042 1138 1106 1161; x_wconf 74' lang='lat' dir='ltr'>erat</span> <span class='ocrx_word' id='word_1_280' title='bbox 1129 1134 1161 1162; x_wconf 80' lang='lat' dir='ltr'>in</span> <span class='ocrx_word' id='word_1_281' title='bbox 1179 1144 1282 1163; x_wconf 78' lang='lat' dir='ltr'>cursu.</span> <span class='ocrx_word' id='word_1_282' title='bbox 1297 1132 1428 1174; x_wconf 62' lang='lat' dir='ltr'>famulae</span> <span class='ocrx_word' id='word_1_283' title='bbox 1449 1142 1578 1171; x_wconf 74' lang='lat' dir='ltr'>rapuere</span> 
     </span>
     <span class='ocr_line' id='line_1_54' title="bbox 989 1180 1161 1221; baseline 0.012 -11"><span class='ocrx_word' id='word_1_284' title='bbox 989 1180 1161 1221; x_wconf 66' lang='grc' dir='ltr'>ΙῘὶινεητειη.</span> 
     </span>
     <span class='ocr_line' id='line_1_55' title="bbox 915 1230 1281 1262; baseline 0.003 -1"><span class='ocrx_word' id='word_1_285' title='bbox 915 1230 1024 1261; x_wconf 89' lang='lat' dir='ltr'>Amor.</span> <span class='ocrx_word' id='word_1_286' title='bbox 1040 1231 1096 1261; x_wconf 92' lang='lat' dir='ltr'>lib.</span> <span class='ocrx_word' id='word_1_287' title='bbox 1111 1231 1132 1261; x_wconf 89' lang='lat' dir='ltr'>i.</span> <span class='ocrx_word' id='word_1_288' title='bbox 1148 1232 1199 1262; x_wconf 90' lang='lat' dir='ltr'>El.</span> <span class='ocrx_word' id='word_1_289' title='bbox 1216 1231 1281 1262; x_wconf 83' lang='lat' dir='ltr'>viii.</span> 
     </span>
     <span class='ocr_line' id='line_1_56' title="bbox 963 1280 1575 1319; baseline 0 -10"><span class='ocrx_word' id='word_1_290' title='bbox 963 1280 1020 1310; x_wconf 71' lang='lat' dir='ltr'>Vox</span> <span class='ocrx_word' id='word_1_291' title='bbox 1035 1286 1099 1310; x_wconf 77' lang='lat' dir='ltr'>erat</span> <span class='ocrx_word' id='word_1_292' title='bbox 1113 1282 1146 1310; x_wconf 76' lang='lat' dir='ltr'>in</span> <span class='ocrx_word' id='word_1_293' title='bbox 1160 1292 1262 1317; x_wconf 78' lang='lat' dir='ltr'>cursu,</span> <span class='ocrx_word' id='word_1_294' title='bbox 1278 1291 1346 1311; x_wconf 76' lang='lat' dir='ltr'>cum</span> <span class='ocrx_word' id='word_1_295' title='bbox 1365 1289 1409 1310; x_wconf 81' lang='lat' dir='ltr'>me</span> <span class='ocrx_word' id='word_1_296' title='bbox 1423 1290 1486 1310; x_wconf 82' lang='lat' dir='ltr'>mea</span> <span class='ocrx_word' id='word_1_297' title='bbox 1505 1290 1575 1319; x_wconf 82' lang='lat' dir='ltr'>pro-</span> 
     </span>
     <span class='ocr_line' id='line_1_57' title="bbox 1000 1330 1210 1360; baseline 0.005 -1"><span class='ocrx_word' id='word_1_298' title='bbox 1000 1330 1078 1359; x_wconf 80' lang='lat' dir='ltr'>didit</span> <span class='ocrx_word' id='word_1_299' title='bbox 1092 1331 1210 1360; x_wconf 80' lang='lat' dir='ltr'>umbra.</span> 
     </span>
     <span class='ocr_line' id='line_1_58' title="bbox 916 1377 1141 1409; baseline 0.004 -1"><span class='ocrx_word' id='word_1_300' title='bbox 916 1377 940 1408; x_wconf 86' lang='lat' dir='ltr'>F</span> <span class='ocrx_word' id='word_1_301' title='bbox 943 1382 1002 1408; x_wconf 85' lang='lat' dir='ltr'>ast.</span> <span class='ocrx_word' id='word_1_302' title='bbox 1018 1389 1049 1408; x_wconf 90' lang='lat' dir='ltr'>v.</span> <span class='ocrx_word' id='word_1_303' title='bbox 1065 1378 1141 1409; x_wconf 85' lang='lat'>245.</span> 
     </span>
     <span class='ocr_line' id='line_1_59' title="bbox 964 1426 1574 1458; baseline -0.003 -1"><span class='ocrx_word' id='word_1_304' title='bbox 964 1426 1022 1457; x_wconf 71' lang='lat' dir='ltr'>Vox</span> <span class='ocrx_word' id='word_1_305' title='bbox 1036 1433 1101 1457; x_wconf 78' lang='lat' dir='ltr'>erat</span> <span class='ocrx_word' id='word_1_306' title='bbox 1116 1430 1147 1457; x_wconf 83' lang='lat' dir='ltr'>in</span> <span class='ocrx_word' id='word_1_307' title='bbox 1169 1438 1277 1458; x_wconf 76' lang='lat' dir='ltr'>cursu.-</span> <span class='ocrx_word' id='word_1_308' title='bbox 1301 1427 1419 1457; x_wconf 66' lang='lat' dir='ltr'>vultum</span> <span class='ocrx_word' id='word_1_309' title='bbox 1434 1427 1574 1457; x_wconf 72' lang='lat' dir='ltr'>dubitan-</span> 
     </span>
     <span class='ocr_line' id='line_1_60' title="bbox 1003 1477 1203 1507; baseline 0.005 -1"><span class='ocrx_word' id='word_1_310' title='bbox 1003 1478 1040 1506; x_wconf 76' lang='lat' dir='ltr'>tis</span> <span class='ocrx_word' id='word_1_311' title='bbox 1055 1477 1203 1507; x_wconf 82' lang='lat' dir='ltr'>habebam.</span> 
     </span>
     <span class='ocr_line' id='line_1_61' title="bbox 917 1524 1153 1556; baseline 0 0"><span class='ocrx_word' id='word_1_312' title='bbox 917 1524 1002 1556; x_wconf 84' lang='lat' dir='ltr'>Fast.</span> <span class='ocrx_word' id='word_1_313' title='bbox 1018 1525 1062 1556; x_wconf 88' lang='lat' dir='ltr'>vi.</span> <span class='ocrx_word' id='word_1_314' title='bbox 1079 1526 1153 1556; x_wconf 84' lang='lat'>362.</span> 
     </span>
     <span class='ocr_line' id='line_1_62' title="bbox 961 1574 1575 1614; baseline 0 -9"><span class='ocrx_word' id='word_1_315' title='bbox 961 1574 1029 1614; x_wconf 78' lang='lat' dir='ltr'>Spes</span> <span class='ocrx_word' id='word_1_316' title='bbox 1044 1581 1109 1605; x_wconf 83' lang='lat' dir='ltr'>erat</span> <span class='ocrx_word' id='word_1_317' title='bbox 1132 1577 1162 1605; x_wconf 72' lang='lat' dir='ltr'>in</span> <span class='ocrx_word' id='word_1_318' title='bbox 1179 1584 1288 1604; x_wconf 76' lang='lat' dir='ltr'>cursu.-</span> <span class='ocrx_word' id='word_1_319' title='bbox 1312 1585 1394 1604; x_wconf 81' lang='lat' dir='ltr'>mmc</span> <span class='ocrx_word' id='word_1_320' title='bbox 1410 1574 1474 1604; x_wconf 83' lang='lat' dir='ltr'>lare</span> <span class='ocrx_word' id='word_1_321' title='bbox 1486 1574 1575 1613; x_wconf 79' lang='lat' dir='ltr'>pulsa</span> 
     </span>
     <span class='ocr_line' id='line_1_63' title="bbox 1001 1622 1556 1665; baseline 0 -12"><span class='ocrx_word' id='word_1_322' title='bbox 1001 1635 1053 1654; x_wconf 77' lang='lat' dir='ltr'>sno</span> <span class='ocrx_word' id='word_1_323' title='bbox 1067 1630 1121 1654; x_wconf 76' lang='lat' dir='ltr'>est.</span> <span class='ocrx_word' id='word_1_324' title='bbox 1146 1624 1264 1654; x_wconf 70' lang='lat' dir='ltr'>Hms.</span> <span class='ocrx_word' id='word_1_325' title='bbox 1282 1623 1347 1654; x_wconf 84' lang='lat' dir='ltr'>vid.</span> <span class='ocrx_word' id='word_1_326' title='bbox 1364 1624 1424 1665; x_wconf 89' lang='lat' dir='ltr'>Ep.</span> <span class='ocrx_word' id='word_1_327' title='bbox 1441 1622 1484 1653; x_wconf 89' lang='lat' dir='ltr'>vi.</span> <span class='ocrx_word' id='word_1_328' title='bbox 1502 1624 1556 1653; x_wconf 88' lang='lat'>39.</span> 
     </span>
     <span class='ocr_line' id='line_1_64' title="bbox 960 1671 1575 1714; baseline 0.002 -12"><span class='ocrx_word' id='word_1_329' title='bbox 960 1671 1129 1713; x_wconf 63' lang='lat' dir='ltr'>Rapum-e]</span> <span class='ocrx_word' id='word_1_330' title='bbox 1162 1673 1246 1703; x_wconf 90' lang='lat' dir='ltr'>Nam</span> <span class='ocrx_word' id='word_1_331' title='bbox 1274 1672 1416 1703; x_wconf 85' lang='lat' dir='ltr'>Priamus</span> <span class='ocrx_word' id='word_1_332' title='bbox 1443 1672 1575 1714; x_wconf 84' lang='lat' dir='ltr'>impera-</span> 
     </span>
     <span class='ocr_line' id='line_1_65' title="bbox 917 1721 1576 1763; baseline 0 -11"><span class='ocrx_word' id='word_1_333' title='bbox 917 1728 1014 1758; x_wconf 87' lang='lat' dir='ltr'>verat,</span> <span class='ocrx_word' id='word_1_334' title='bbox 1048 1727 1083 1753; x_wconf 91' lang='lat' dir='ltr'>ut</span> <span class='ocrx_word' id='word_1_335' title='bbox 1120 1721 1240 1763; x_wconf 85' lang='lat' dir='ltr'>quoties</span> <span class='ocrx_word' id='word_1_336' title='bbox 1269 1721 1446 1752; x_wconf 79' lang='lat' dir='ltr'>Cassandra</span> <span class='ocrx_word' id='word_1_337' title='bbox 1477 1721 1576 1752; x_wconf 85' lang='lat' dir='ltr'>solve-</span> 
     </span>
     <span class='ocr_line' id='line_1_66' title="bbox 917 1769 1575 1806; baseline 0 -6"><span class='ocrx_word' id='word_1_338' title='bbox 917 1776 964 1800; x_wconf 86' lang='lat' dir='ltr'>ret</span> <span class='ocrx_word' id='word_1_339' title='bbox 978 1780 1011 1801; x_wconf 88' lang='lat' dir='ltr'>os</span> <span class='ocrx_word' id='word_1_340' title='bbox 1035 1770 1067 1801; x_wconf 88' lang='lat' dir='ltr'>in</span> <span class='ocrx_word' id='word_1_341' title='bbox 1090 1770 1227 1806; x_wconf 87' lang='lat' dir='ltr'>oracula,</span> <span class='ocrx_word' id='word_1_342' title='bbox 1246 1769 1337 1801; x_wconf 79' lang='lat' dir='ltr'>toties</span> <span class='ocrx_word' id='word_1_343' title='bbox 1359 1781 1428 1801; x_wconf 84' lang='lat' dir='ltr'>eam</span> <span class='ocrx_word' id='word_1_344' title='bbox 1451 1770 1575 1801; x_wconf 82' lang='lat' dir='ltr'>famulae</span> 
     </span>
     <span class='ocr_line' id='line_1_67' title="bbox 918 1818 1576 1856; baseline 0.002 -7"><span class='ocrx_word' id='word_1_345' title='bbox 918 1825 1089 1850; x_wconf 84' lang='lat' dir='ltr'>coercerent</span> <span class='ocrx_word' id='word_1_346' title='bbox 1104 1819 1265 1850; x_wconf 84' lang='lat' dir='ltr'>marmorei</span> <span class='ocrx_word' id='word_1_347' title='bbox 1281 1818 1411 1850; x_wconf 80' lang='lat' dir='ltr'>thalami</span> <span class='ocrx_word' id='word_1_348' title='bbox 1423 1818 1576 1856; x_wconf 78' lang='lat' dir='ltr'>claustris,</span> 
     </span>
     <span class='ocr_line' id='line_1_68' title="bbox 917 1868 1577 1910; baseline 0.003 -12"><span class='ocrx_word' id='word_1_349' title='bbox 917 1874 952 1898; x_wconf 86' lang='lat' dir='ltr'>ut</span> <span class='ocrx_word' id='word_1_350' title='bbox 979 1868 1131 1899; x_wconf 76' lang='lat' dir='ltr'>insanam.</span> <span class='ocrx_word' id='word_1_351' title='bbox 1165 1868 1306 1899; x_wconf 86' lang='lat' dir='ltr'>meminit</span> <span class='ocrx_word' id='word_1_352' title='bbox 1333 1869 1517 1910; x_wconf 87' lang='lat' dir='ltr'>Lycophron</span> <span class='ocrx_word' id='word_1_353' title='bbox 1546 1875 1577 1900; x_wconf 88' lang='lat' dir='ltr'>et</span> 
     </span>
     <span class='ocr_line' id='line_1_69' title="bbox 919 1916 1340 1959; baseline 0.002 -12"><span class='ocrx_word' id='word_1_354' title='bbox 919 1916 985 1958; x_wconf 85' lang='lat' dir='ltr'>ejus</span> <span class='ocrx_word' id='word_1_355' title='bbox 999 1917 1159 1959; x_wconf 83' lang='lat' dir='ltr'>interpres.</span> <span class='ocrx_word' id='word_1_356' title='bbox 1204 1917 1340 1948; x_wconf 76' lang='lat' dir='ltr'>PARnn.</span> 
     </span>
     <span class='ocr_line' id='line_1_70' title="bbox 964 1966 1574 2007; baseline 0.005 -11"><span class='ocrx_word' id='word_1_357' title='bbox 964 1967 1037 1997; x_wconf 79' lang='lat'>123.</span> <span class='ocrx_word' id='word_1_358' title='bbox 1064 1967 1199 1997; x_wconf 76' lang='lat' dir='ltr'>Nimium</span> <span class='ocrx_word' id='word_1_359' title='bbox 1213 1967 1314 2007; x_wconf 55' lang='lat' dir='ltr'>verca]</span> <span class='ocrx_word' id='word_1_360' title='bbox 1341 1966 1449 1998; x_wconf 80' lang='lat' dir='ltr'>Valer.</span> <span class='ocrx_word' id='word_1_361' title='bbox 1468 1967 1574 1999; x_wconf 80' lang='lat' dir='ltr'>Flacc-</span> 
     </span>
     <span class='ocr_line' id='line_1_71' title="bbox 919 2017 1000 2046; baseline 0 0"><span class='ocrx_word' id='word_1_362' title='bbox 919 2027 949 2046; x_wconf 88' lang='grc' dir='ltr'>ν.</span> <span class='ocrx_word' id='word_1_363' title='bbox 967 2017 1000 2046; x_wconf 87' lang='grc'>5.</span> 
     </span>
     <span class='ocr_line' id='line_1_72' title="bbox 960 2065 1575 2105; baseline 0.002 -10"><span class='ocrx_word' id='word_1_364' title='bbox 960 2066 1002 2095; x_wconf 81' lang='lat' dir='ltr'>At</span> <span class='ocrx_word' id='word_1_365' title='bbox 1014 2076 1119 2095; x_wconf 83' lang='lat' dir='ltr'>memor</span> <span class='ocrx_word' id='word_1_366' title='bbox 1130 2065 1283 2096; x_wconf 72' lang='lat' dir='ltr'>AEsonicles</span> <span class='ocrx_word' id='word_1_367' title='bbox 1296 2066 1417 2095; x_wconf 69' lang='lat' dir='ltr'>nimium</span> <span class='ocrx_word' id='word_1_368' title='bbox 1424 2067 1494 2105; x_wconf 79' lang='lat' dir='ltr'>jam</span> <span class='ocrx_word' id='word_1_369' title='bbox 1506 2077 1575 2097; x_wconf 79' lang='lat' dir='ltr'>vera</span> 
     </span>
     <span class='ocr_line' id='line_1_73' title="bbox 1002 2115 1094 2144; baseline 0.011 -1"><span class='ocrx_word' id='word_1_370' title='bbox 1002 2115 1094 2144; x_wconf 73' lang='lat' dir='ltr'>locuti</span> 
     </span>
     <span class='ocr_line' id='line_1_74' title="bbox 962 2162 1098 2193; baseline 0 -1"><span class='ocrx_word' id='word_1_371' title='bbox 962 2162 1098 2193; x_wconf 80' lang='lat' dir='ltr'>Phineos.</span> 
     </span>
     <span class='ocr_line' id='line_1_75' title="bbox 916 2208 1574 2252; baseline 0.003 -11"><span class='ocrx_word' id='word_1_372' title='bbox 916 2211 966 2241; x_wconf 88' lang='lat' dir='ltr'>Ita</span> <span class='ocrx_word' id='word_1_373' title='bbox 980 2222 1066 2242; x_wconf 81' lang='lat' dir='ltr'>verus</span> <span class='ocrx_word' id='word_1_374' title='bbox 1083 2211 1220 2242; x_wconf 81' lang='lat' dir='ltr'>Calchas.</span> <span class='ocrx_word' id='word_1_375' title='bbox 1271 2208 1401 2252; x_wconf 85' lang='lat' dir='ltr'>Papinio</span> <span class='ocrx_word' id='word_1_376' title='bbox 1416 2210 1450 2241; x_wconf 89' lang='lat' dir='ltr'>ii.</span> <span class='ocrx_word' id='word_1_377' title='bbox 1467 2211 1574 2243; x_wconf 85' lang='lat' dir='ltr'>Achil.</span> 
     </span>
     <span class='ocr_line' id='line_1_76' title="bbox 917 2260 1575 2303; baseline 0.003 -12"><span class='ocrx_word' id='word_1_378' title='bbox 917 2261 949 2292; x_wconf 92' lang='lat'>7.</span> <span class='ocrx_word' id='word_1_379' title='bbox 965 2260 1033 2302; x_wconf 84' lang='lat' dir='ltr'>ipsa</span> <span class='ocrx_word' id='word_1_380' title='bbox 1045 2261 1219 2291; x_wconf 86' lang='lat' dir='ltr'>Cassandra</span> <span class='ocrx_word' id='word_1_381' title='bbox 1234 2260 1317 2302; x_wconf 87' lang='lat' dir='ltr'>apud</span> <span class='ocrx_word' id='word_1_382' title='bbox 1330 2261 1473 2302; x_wconf 80' lang='lat' dir='ltr'>AEsehyl.</span> <span class='ocrx_word' id='word_1_383' title='bbox 1490 2261 1575 2303; x_wconf 85' lang='lat' dir='ltr'>Aga-</span> 
     </span>
     <span class='ocr_line' id='line_1_77' title="bbox 916 2311 1124 2341; baseline 0 -1"><span class='ocrx_word' id='word_1_384' title='bbox 916 2321 1032 2341; x_wconf 90' lang='lat' dir='ltr'>memn.</span> <span class='ocrx_word' id='word_1_385' title='bbox 1053 2311 1124 2341; x_wconf 82' lang='lat'>125.</span> 
     </span>
    </p>
   </div>
   <div class='ocr_carea' id='block_1_9' title="bbox 1108 2179 1276 2185">
    <p class='ocr_par' dir='ltr' id='par_1_14' title="bbox 1108 2179 1276 2185">
     <span class='ocr_line' id='line_1_78' title="bbox 1108 2179 1276 2185; baseline 0 0"><span class='ocrx_word' id='word_1_386' title='bbox 1108 2179 1276 2185; x_wconf 95' lang='lat' dir='ltr'> </span> 
     </span>
    </p>
   </div>
   <div class='ocr_carea' id='block_1_10' title="bbox 957 2377 1127 2383">
    <p class='ocr_par' dir='ltr' id='par_1_15' title="bbox 957 2377 1127 2383">
     <span class='ocr_line' id='line_1_79' title="bbox 957 2377 1127 2383; baseline 0 0"><span class='ocrx_word' id='word_1_387' title='bbox 957 2377 1127 2383; x_wconf 95' lang='lat' dir='ltr'> </span> 
     </span>
    </p>
   </div>
   <div class='ocr_carea' id='block_1_11' title="bbox 911 2357 1575 2683">
    <p class='ocr_par' dir='ltr' id='par_1_16' title="bbox 1130 2357 1575 2400">
     <span class='ocr_line' id='line_1_80' title="bbox 1130 2357 1575 2400; baseline 0 -10"><span class='ocrx_word' id='word_1_388' title='bbox 1130 2359 1195 2390; x_wconf 81' lang='grc' dir='ltr'>Καὶ</span> <span class='ocrx_word' id='word_1_389' title='bbox 1212 2359 1251 2389; x_wconf 79' lang='grc' dir='ltr'>σὺ</span> <span class='ocrx_word' id='word_1_390' title='bbox 1265 2360 1334 2400; x_wconf 81' lang='grc' dir='ltr'>μὴν</span> <span class='ocrx_word' id='word_1_391' title='bbox 1349 2357 1441 2399; x_wconf 72' lang='grc' dir='ltr'>τάχει</span> <span class='ocrx_word' id='word_1_392' title='bbox 1457 2359 1575 2400; x_wconf 77' lang='grc' dir='ltr'>παρὼν</span> 
     </span>
    </p>

    <p class='ocr_par' dir='ltr' id='par_1_17' title="bbox 958 2407 1574 2498">
     <span class='ocr_line' id='line_1_81' title="bbox 958 2407 1574 2450; baseline -0.002 -11"><span class='ocrx_word' id='word_1_393' title='bbox 958 2407 1065 2450; x_wconf 75' lang='grc' dir='ltr'><em>Ἀγὰν</em></span> <span class='ocrx_word' id='word_1_394' title='bbox 1090 2407 1119 2449; x_wconf 86' lang='grc' dir='ltr'>γ’</span> <span class='ocrx_word' id='word_1_395' title='bbox 1142 2407 1381 2449; x_wconf 76' lang='grc' dir='ltr'>ἀληθόμαντιν,</span> <span class='ocrx_word' id='word_1_396' title='bbox 1405 2407 1574 2449; x_wconf 78' lang='grc' dir='ltr'><em>οἰκτείρας,</em></span> 
     </span>
     <span class='ocr_line' id='line_1_82' title="bbox 1000 2457 1529 2498; baseline -0.002 -11"><span class='ocrx_word' id='word_1_397' title='bbox 1000 2457 1094 2498; x_wconf 81' lang='grc' dir='ltr'><strong>ἐρεῖς.</strong></span> <span class='ocrx_word' id='word_1_398' title='bbox 1412 2457 1460 2487; x_wconf 88' lang='grc' dir='ltr'>Βυ</span> <span class='ocrx_word' id='word_1_399' title='bbox 1467 2468 1485 2486; x_wconf 84' lang='lat' dir='ltr'>n</span> <span class='ocrx_word' id='word_1_400' title='bbox 1492 2468 1529 2486; x_wconf 84' lang='grc' dir='ltr'>Μ.</span> 
     </span>
    </p>

    <p class='ocr_par' dir='ltr' id='par_1_18' title="bbox 962 2504 1573 2545">
     <span class='ocr_line' id='line_1_83' title="bbox 962 2504 1573 2545; baseline -0.002 -9"><span class='ocrx_word' id='word_1_401' title='bbox 962 2507 1034 2536; x_wconf 79' lang='lat'>124.</span> <span class='ocrx_word' id='word_1_402' title='bbox 1062 2506 1190 2535; x_wconf 76' lang='lat' dir='ltr'>Possidet</span> <span class='ocrx_word' id='word_1_403' title='bbox 1213 2506 1337 2545; x_wconf 62' lang='lat' dir='ltr'>sallus]</span> <span class='ocrx_word' id='word_1_404' title='bbox 1364 2504 1493 2535; x_wconf 81' lang='lat' dir='ltr'>Locutio</span> <span class='ocrx_word' id='word_1_405' title='bbox 1519 2505 1573 2535; x_wconf 82' lang='lat' dir='ltr'>de-</span> 
     </span>
    </p>

    <p class='ocr_par' dir='ltr' id='par_1_19' title="bbox 915 2554 1573 2595">
     <span class='ocr_line' id='line_1_84' title="bbox 915 2554 1573 2595; baseline 0 -10"><span class='ocrx_word' id='word_1_406' title='bbox 915 2561 1016 2585; x_wconf 89' lang='lat' dir='ltr'>sumta</span> <span class='ocrx_word' id='word_1_407' title='bbox 1040 2556 1078 2585; x_wconf 88' lang='lat' dir='ltr'>ab</span> <span class='ocrx_word' id='word_1_408' title='bbox 1095 2554 1249 2585; x_wconf 80' lang='lat' dir='ltr'>amoribus</span> <span class='ocrx_word' id='word_1_409' title='bbox 1269 2555 1450 2590; x_wconf 81' lang='lat' dir='ltr'>Taurorum,</span> <span class='ocrx_word' id='word_1_410' title='bbox 1466 2554 1519 2595; x_wconf 91' lang='lat' dir='ltr'>qui</span> <span class='ocrx_word' id='word_1_411' title='bbox 1534 2556 1573 2585; x_wconf 90' lang='lat' dir='ltr'>ob</span> 
     </span>
    </p>

    <p class='ocr_par' dir='ltr' id='par_1_20' title="bbox 911 2603 1572 2645">
     <span class='ocr_line' id='line_1_85' title="bbox 911 2603 1572 2645; baseline 0 -11"><span class='ocrx_word' id='word_1_412' title='bbox 911 2604 1079 2645; x_wconf 82' lang='lat' dir='ltr'>juvencam</span> <span class='ocrx_word' id='word_1_413' title='bbox 1103 2614 1185 2645; x_wconf 79' lang='lat' dir='ltr'>saepe</span> <span class='ocrx_word' id='word_1_414' title='bbox 1210 2604 1303 2634; x_wconf 84' lang='lat' dir='ltr'>silvas</span> <span class='ocrx_word' id='word_1_415' title='bbox 1328 2603 1499 2644; x_wconf 84' lang='lat' dir='ltr'>implebant</span> <span class='ocrx_word' id='word_1_416' title='bbox 1524 2609 1572 2634; x_wconf 89' lang='lat' dir='ltr'>tu-</span> 
     </span>
    </p>

    <p class='ocr_par' dir='ltr' id='par_1_21' title="bbox 916 2651 1571 2683">
     <span class='ocr_line' id='line_1_86' title="bbox 916 2651 1571 2683; baseline 0 0"><span class='ocrx_word' id='word_1_417' title='bbox 916 2653 1076 2683; x_wconf 85' lang='lat' dir='ltr'>multibus.</span> <span class='ocrx_word' id='word_1_418' title='bbox 1100 2664 1132 2683; x_wconf 91' lang='lat' dir='ltr'>v.</span> <span class='ocrx_word' id='word_1_419' title='bbox 1156 2652 1195 2683; x_wconf 84' lang='lat' dir='ltr'>ad</span> <span class='ocrx_word' id='word_1_420' title='bbox 1219 2652 1344 2683; x_wconf 61' lang='lat' dir='ltr'>Phae&#39;dr.</span> <span class='ocrx_word' id='word_1_421' title='bbox 1366 2651 1389 2682; x_wconf 89' lang='lat' dir='ltr'>i.</span> <span class='ocrx_word' id='word_1_422' title='bbox 1414 2653 1492 2683; x_wconf 85' lang='lat' dir='ltr'>Fab.</span> <span class='ocrx_word' id='word_1_423' title='bbox 1517 2653 1571 2683; x_wconf 83' lang='lat'>30.</span> 
     </span>
    </p>
   </div>
   <div class='ocr_carea' id='block_1_12' title="bbox 915 2701 1548 2781">
    <p class='ocr_par' dir='ltr' id='par_1_22' title="bbox 915 2701 1548 2781">
     <span class='ocr_line' id='line_1_87' title="bbox 915 2701 1263 2732; baseline -0.003 0"><span class='ocrx_word' id='word_1_424' title='bbox 915 2702 994 2732; x_wconf 84' lang='lat' dir='ltr'>Stat.</span> <span class='ocrx_word' id='word_1_425' title='bbox 1011 2701 1054 2732; x_wconf 91' lang='lat' dir='ltr'>iv.</span> <span class='ocrx_word' id='word_1_426' title='bbox 1069 2701 1171 2731; x_wconf 85' lang='lat' dir='ltr'>Theb.</span> <span class='ocrx_word' id='word_1_427' title='bbox 1188 2702 1263 2731; x_wconf 76' lang='lat'>404.</span> 
     </span>
     <span class='ocr_line' id='line_1_88' title="bbox 962 2750 1548 2781; baseline -0.003 0"><span class='ocrx_word' id='word_1_428' title='bbox 962 2750 1001 2781; x_wconf 69' lang='lat' dir='ltr'>Ee</span> <span class='ocrx_word' id='word_1_429' title='bbox 1015 2751 1109 2781; x_wconf 65' lang='lat' dir='ltr'>saltus</span> <span class='ocrx_word' id='word_1_430' title='bbox 1124 2752 1183 2781; x_wconf 77' lang='lat' dir='ltr'>dux</span> <span class='ocrx_word' id='word_1_431' title='bbox 1198 2751 1276 2781; x_wconf 80' lang='lat' dir='ltr'>ulter</span> <span class='ocrx_word' id='word_1_432' title='bbox 1292 2751 1388 2781; x_wconf 81' lang='lat' dir='ltr'>habet.</span> <span class='ocrx_word' id='word_1_433' title='bbox 1430 2750 1548 2781; x_wconf 77' lang='lat' dir='ltr'>Bunm.</span> 
     </span>
    </p>
   </div>
  </div>
 </body>
</html>
