<?xml version="1.0" encoding="UTF-8"?>
<!DOCTYPE html PUBLIC "-//W3C//DTD XHTML 1.0 Transitional//EN"
    "http://www.w3.org/TR/xhtml1/DTD/xhtml1-transitional.dtd">
<html xmlns="http://www.w3.org/1999/xhtml" xml:lang="en" lang="en">
 <head>
  <title>
</title>
<meta http-equiv="Content-Type" content="text/html;charset=utf-8" />
  <meta name='ocr-system' content='tesseract 3.04.00' />
  <meta name='ocr-capabilities' content='ocr_page ocr_carea ocr_par ocr_line ocrx_word'/>
</head>
<body>
  <div class='ocr_page' id='page_1' title='image "./povidiinasonisop01oviduoft_0565.png"; bbox 0 0 1849 3198; ppageno 0'>
   <div class='ocr_carea' id='block_1_1' title="bbox 543 177 1350 220">
    <p class='ocr_par' dir='ltr' id='par_1_1' title="bbox 543 177 1350 220">
     <span class='ocr_line' id='line_1_1' title="bbox 543 177 1350 220; baseline 0.002 -2"><span class='ocrx_word' id='word_1_1' title='bbox 543 177 732 219; x_wconf 87' lang='lat' dir='ltr'><strong>ARTIS</strong></span> <span class='ocrx_word' id='word_1_2' title='bbox 766 177 1124 220; x_wconf 76' lang='lat' dir='ltr'><strong>AMATORIAE</strong></span> <span class='ocrx_word' id='word_1_3' title='bbox 1158 179 1277 220; x_wconf 82' lang='lat' dir='ltr'><strong>LIB.</strong></span> <span class='ocrx_word' id='word_1_4' title='bbox 1313 179 1350 220; x_wconf 87' lang='grc' dir='ltr'><strong>Ι.</strong></span> 
     </span>
    </p>
   </div>
   <div class='ocr_carea' id='block_1_2' title="bbox 1555 182 1641 224">
    <p class='ocr_par' dir='ltr' id='par_1_2' title="bbox 1555 182 1641 224">
     <span class='ocr_line' id='line_1_2' title="bbox 1555 182 1641 224; baseline 0.023 -2"><span class='ocrx_word' id='word_1_5' title='bbox 1555 182 1641 224; x_wconf 77' lang='grc'><strong>479</strong></span> 
     </span>
    </p>
   </div>
   <div class='ocr_carea' id='block_1_3' title="bbox 247 291 1553 356">
    <p class='ocr_par' dir='ltr' id='par_1_3' title="bbox 247 291 1553 356">
     <span class='ocr_line' id='line_1_3' title="bbox 247 291 1553 356; baseline 0.005 -18"><span class='ocrx_word' id='word_1_6' title='bbox 247 291 510 339; x_wconf 85' lang='lat' dir='ltr'>Blanditiis</span> <span class='ocrx_word' id='word_1_7' title='bbox 537 292 757 340; x_wconf 86' lang='lat' dir='ltr'><strong>animum</strong></span> <span class='ocrx_word' id='word_1_8' title='bbox 782 292 949 339; x_wconf 81' lang='lat' dir='ltr'><strong>furtim</strong></span> <span class='ocrx_word' id='word_1_9' title='bbox 974 293 1283 356; x_wconf 78' lang='lat' dir='ltr'><strong>deprendere</strong></span> <span class='ocrx_word' id='word_1_10' title='bbox 1310 311 1440 342; x_wconf 83' lang='lat' dir='ltr'><strong>nunc</strong></span> <span class='ocrx_word' id='word_1_11' title='bbox 1468 297 1553 344; x_wconf 81' lang='lat' dir='ltr'><strong>sit:</strong></span> 
     </span>
    </p>
   </div>
   <div class='ocr_carea' id='block_1_4' title="bbox 313 369 1366 434">
    <p class='ocr_par' dir='ltr' id='par_1_4' title="bbox 313 369 1366 434">
     <span class='ocr_line' id='line_1_4' title="bbox 313 369 1366 434; baseline 0.005 -20"><span class='ocrx_word' id='word_1_12' title='bbox 313 369 383 416; x_wconf 91' lang='lat' dir='ltr'><strong>Ut</strong></span> <span class='ocrx_word' id='word_1_13' title='bbox 407 370 631 433; x_wconf 90' lang='lat' dir='ltr'><strong>pendens</strong></span> <span class='ocrx_word' id='word_1_14' title='bbox 656 369 847 432; x_wconf 69' lang='lat' dir='ltr'><strong>liquida</strong></span> <span class='ocrx_word' id='word_1_15' title='bbox 871 370 978 433; x_wconf 85' lang='lat' dir='ltr'><strong>ripa</strong></span> <span class='ocrx_word' id='word_1_16' title='bbox 1002 371 1195 417; x_wconf 82' lang='lat' dir='ltr'><strong>subitur</strong></span> <span class='ocrx_word' id='word_1_17' title='bbox 1220 372 1366 434; x_wconf 69' lang='lat' dir='ltr'><strong>aqua.</strong></span> 
     </span>
    </p>
   </div>
   <div class='ocr_carea' id='block_1_5' title="bbox 1540 377 1637 421">
    <p class='ocr_par' dir='ltr' id='par_1_5' title="bbox 1540 377 1637 421">
     <span class='ocr_line' id='line_1_5' title="bbox 1540 377 1637 421; baseline -0.021 0"><span class='ocrx_word' id='word_1_18' title='bbox 1540 377 1637 421; x_wconf 79' lang='lat'><strong>620</strong></span> 
     </span>
    </p>
   </div>
   <div class='ocr_carea' id='block_1_6' title="bbox 240 444 1641 1511">
    <p class='ocr_par' dir='ltr' id='par_1_6' title="bbox 240 444 1641 1511">
     <span class='ocr_line' id='line_1_6' title="bbox 245 444 1448 511; baseline 0.002 -19"><span class='ocrx_word' id='word_1_19' title='bbox 245 444 291 491; x_wconf 93' lang='lat' dir='ltr'>N</span> <span class='ocrx_word' id='word_1_20' title='bbox 297 462 353 493; x_wconf 84' lang='lat' dir='ltr'><strong>ee</strong></span> <span class='ocrx_word' id='word_1_21' title='bbox 379 446 572 501; x_wconf 86' lang='lat' dir='ltr'><strong>faciem,</strong></span> <span class='ocrx_word' id='word_1_22' title='bbox 600 462 691 493; x_wconf 86' lang='lat' dir='ltr'><strong>nec</strong></span> <span class='ocrx_word' id='word_1_23' title='bbox 716 453 766 493; x_wconf 87' lang='lat' dir='ltr'><strong>te</strong></span> <span class='ocrx_word' id='word_1_24' title='bbox 791 446 960 509; x_wconf 79' lang='lat' dir='ltr'><strong>pigeat</strong></span> <span class='ocrx_word' id='word_1_25' title='bbox 984 446 1186 493; x_wconf 87' lang='lat' dir='ltr'><strong>laudare</strong></span> <span class='ocrx_word' id='word_1_26' title='bbox 1212 448 1448 511; x_wconf 83' lang='lat' dir='ltr'><strong>capillos;</strong></span> 
     </span>
     <span class='ocr_line' id='line_1_7' title="bbox 311 522 1399 586; baseline 0.002 -17"><span class='ocrx_word' id='word_1_27' title='bbox 311 522 377 569; x_wconf 87' lang='lat' dir='ltr'><strong>Et</strong></span> <span class='ocrx_word' id='word_1_28' title='bbox 401 530 584 570; x_wconf 88' lang='lat' dir='ltr'><strong>teretes</strong></span> <span class='ocrx_word' id='word_1_29' title='bbox 610 523 808 585; x_wconf 81' lang='lat' dir='ltr'>digitos,</span> <span class='ocrx_word' id='word_1_30' title='bbox 837 522 1177 585; x_wconf 79' lang='lat' dir='ltr'><strong>exiguumque</strong></span> <span class='ocrx_word' id='word_1_31' title='bbox 1203 525 1399 586; x_wconf 85' lang='lat' dir='ltr'><strong>pedem.</strong></span> 
     </span>
     <span class='ocr_line' id='line_1_8' title="bbox 244 598 1361 661; baseline 0.002 -17"><span class='ocrx_word' id='word_1_32' title='bbox 244 598 512 647; x_wconf 81' lang='lat' dir='ltr'><strong>Delectant</strong></span> <span class='ocrx_word' id='word_1_33' title='bbox 536 599 687 647; x_wconf 85' lang='lat' dir='ltr'><strong>etiam</strong></span> <span class='ocrx_word' id='word_1_34' title='bbox 712 606 877 646; x_wconf 85' lang='lat' dir='ltr'><strong>castas</strong></span> <span class='ocrx_word' id='word_1_35' title='bbox 903 599 1153 661; x_wconf 81' lang='lat' dir='ltr'><strong>praeoonia</strong></span> <span class='ocrx_word' id='word_1_36' title='bbox 1177 600 1361 647; x_wconf 82' lang='lat' dir='ltr'><strong>formae.</strong></span> 
     </span>
     <span class='ocr_line' id='line_1_9' title="bbox 308 674 1434 738; baseline 0.003 -17"><span class='ocrx_word' id='word_1_37' title='bbox 308 676 596 738; x_wconf 80' lang='lat' dir='ltr'>Virginibus</span> <span class='ocrx_word' id='word_1_38' title='bbox 622 691 753 722; x_wconf 77' lang='lat' dir='ltr'><strong>curae</strong></span> <span class='ocrx_word' id='word_1_39' title='bbox 779 682 1021 737; x_wconf 82' lang='lat' dir='ltr'><strong>grataque</strong></span> <span class='ocrx_word' id='word_1_40' title='bbox 1047 674 1203 722; x_wconf 81' lang='lat' dir='ltr'><strong>forma</strong></span> <span class='ocrx_word' id='word_1_41' title='bbox 1228 693 1318 723; x_wconf 89' lang='lat' dir='ltr'><strong>sua</strong></span> <span class='ocrx_word' id='word_1_42' title='bbox 1342 684 1434 724; x_wconf 90' lang='lat' dir='ltr'><strong>est.</strong></span> 
     </span>
     <span class='ocr_line' id='line_1_10' title="bbox 244 752 1636 816; baseline 0.004 -17"><span class='ocrx_word' id='word_1_43' title='bbox 244 752 374 800; x_wconf 86' lang='lat' dir='ltr'><strong>Nam</strong></span> <span class='ocrx_word' id='word_1_44' title='bbox 395 770 482 800; x_wconf 87' lang='lat' dir='ltr'><strong>eur</strong></span> <span class='ocrx_word' id='word_1_45' title='bbox 503 754 553 800; x_wconf 89' lang='lat' dir='ltr'><strong>in</strong></span> <span class='ocrx_word' id='word_1_46' title='bbox 572 753 808 816; x_wconf 82' lang='lat' dir='ltr'>Phrygiis</span> <span class='ocrx_word' id='word_1_47' title='bbox 825 752 1075 800; x_wconf 70' lang='lat' dir='ltr'><strong>,Iunonem</strong></span> <span class='ocrx_word' id='word_1_48' title='bbox 1096 761 1145 801; x_wconf 91' lang='lat' dir='ltr'><strong>et</strong></span> <span class='ocrx_word' id='word_1_49' title='bbox 1162 754 1369 801; x_wconf 83' lang='lat' dir='ltr'><strong>Pallada</strong></span> <span class='ocrx_word' id='word_1_50' title='bbox 1390 756 1523 802; x_wconf 87' lang='lat' dir='ltr'><strong>silvis</strong></span> <span class='ocrx_word' id='word_1_51' title='bbox 1540 760 1636 804; x_wconf 73' lang='lat'><strong>625</strong></span> 
     </span>
     <span class='ocr_line' id='line_1_11' title="bbox 311 829 1535 894; baseline 0.002 -18"><span class='ocrx_word' id='word_1_52' title='bbox 311 830 358 876; x_wconf 93' lang='lat' dir='ltr'>N</span> <span class='ocrx_word' id='word_1_53' title='bbox 363 847 458 877; x_wconf 90' lang='lat' dir='ltr'><strong>unc</strong></span> <span class='ocrx_word' id='word_1_54' title='bbox 486 846 688 894; x_wconf 87' lang='lat' dir='ltr'><strong>quoque</strong></span> <span class='ocrx_word' id='word_1_55' title='bbox 706 829 954 893; x_wconf 84' lang='lat' dir='ltr'><strong>judicium</strong></span> <span class='ocrx_word' id='word_1_56' title='bbox 980 846 1079 876; x_wconf 91' lang='lat' dir='ltr'><strong>non</strong></span> <span class='ocrx_word' id='word_1_57' title='bbox 1104 831 1325 877; x_wconf 89' lang='lat' dir='ltr'><strong>tenuisse</strong></span> <span class='ocrx_word' id='word_1_58' title='bbox 1351 832 1535 894; x_wconf 78' lang='lat' dir='ltr'><strong>pudet?</strong></span> 
     </span>
     <span class='ocr_line' id='line_1_12' title="bbox 244 906 1345 970; baseline 0 -15"><span class='ocrx_word' id='word_1_59' title='bbox 244 906 493 955; x_wconf 75' lang='lat' dir='ltr'>Laudatas</span> <span class='ocrx_word' id='word_1_60' title='bbox 518 914 738 955; x_wconf 76' lang='lat' dir='ltr'><strong>ostentat</strong></span> <span class='ocrx_word' id='word_1_61' title='bbox 762 908 864 954; x_wconf 84' lang='lat' dir='ltr'><strong>avis</strong></span> <span class='ocrx_word' id='word_1_62' title='bbox 890 906 919 953; x_wconf 91' lang='lat' dir='ltr'><strong>J</strong></span> <span class='ocrx_word' id='word_1_63' title='bbox 925 907 1109 954; x_wconf 87' lang='lat' dir='ltr'><strong>unonia</strong></span> <span class='ocrx_word' id='word_1_64' title='bbox 1132 923 1345 970; x_wconf 87' lang='lat' dir='ltr'><strong>pennas:</strong></span> 
     </span>
     <span class='ocr_line' id='line_1_13' title="bbox 309 985 1334 1048; baseline 0 -17"><span class='ocrx_word' id='word_1_65' title='bbox 309 985 362 1031; x_wconf 85' lang='lat' dir='ltr'><strong>Si</strong></span> <span class='ocrx_word' id='word_1_66' title='bbox 388 985 568 1032; x_wconf 84' lang='lat' dir='ltr'><strong>tacitus</strong></span> <span class='ocrx_word' id='word_1_67' title='bbox 596 992 811 1048; x_wconf 82' lang='lat' dir='ltr'><strong>spectes,</strong></span> <span class='ocrx_word' id='word_1_68' title='bbox 838 985 922 1032; x_wconf 91' lang='lat' dir='ltr'><strong>illa</strong></span> <span class='ocrx_word' id='word_1_69' title='bbox 946 985 1172 1032; x_wconf 83' lang='lat' dir='ltr'><strong>recondit</strong></span> <span class='ocrx_word' id='word_1_70' title='bbox 1195 1001 1334 1048; x_wconf 88' lang='lat' dir='ltr'><strong>opes.</strong></span> 
     </span>
     <span class='ocr_line' id='line_1_14' title="bbox 242 1061 1475 1125; baseline -0.001 -16"><span class='ocrx_word' id='word_1_71' title='bbox 242 1061 623 1125; x_wconf 79' lang='lat' dir='ltr'><strong>Quadrupedes,</strong></span> <span class='ocrx_word' id='word_1_72' title='bbox 651 1062 779 1108; x_wconf 85' lang='lat' dir='ltr'><strong>inter</strong></span> <span class='ocrx_word' id='word_1_73' title='bbox 803 1061 963 1125; x_wconf 84' lang='lat' dir='ltr'><strong>rapidi</strong></span> <span class='ocrx_word' id='word_1_74' title='bbox 989 1061 1261 1108; x_wconf 80' lang='lat' dir='ltr'><strong>certamina</strong></span> <span class='ocrx_word' id='word_1_75' title='bbox 1284 1078 1475 1117; x_wconf 84' lang='lat' dir='ltr'><strong>cursus,</strong></span> 
     </span>
     <span class='ocr_line' id='line_1_15' title="bbox 309 1139 1641 1203; baseline 0.002 -18"><span class='ocrx_word' id='word_1_76' title='bbox 309 1139 634 1203; x_wconf 75' lang='lat' dir='ltr'><strong>Depexaeque</strong></span> <span class='ocrx_word' id='word_1_77' title='bbox 654 1140 808 1202; x_wconf 84' lang='lat' dir='ltr'><strong>jubae,</strong></span> <span class='ocrx_word' id='word_1_78' title='bbox 836 1140 1113 1203; x_wconf 81' lang='lat' dir='ltr'><strong>plausaque</strong></span> <span class='ocrx_word' id='word_1_79' title='bbox 1139 1140 1281 1194; x_wconf 83' lang='lat' dir='ltr'><strong>colla,</strong></span> <span class='ocrx_word' id='word_1_80' title='bbox 1302 1140 1493 1202; x_wconf 77' lang='lat' dir='ltr'><strong>juvant.</strong></span> <span class='ocrx_word' id='word_1_81' title='bbox 1540 1143 1641 1187; x_wconf 79' lang='lat'><strong>630</strong></span> 
     </span>
     <span class='ocr_line' id='line_1_16' title="bbox 243 1215 1576 1280; baseline 0.002 -18"><span class='ocrx_word' id='word_1_82' title='bbox 243 1215 351 1264; x_wconf 85' lang='lat' dir='ltr'><strong>Nec</strong></span> <span class='ocrx_word' id='word_1_83' title='bbox 377 1216 549 1264; x_wconf 89' lang='lat' dir='ltr'><strong>timide</strong></span> <span class='ocrx_word' id='word_1_84' title='bbox 574 1217 832 1280; x_wconf 85' lang='lat' dir='ltr'><strong>promitte:</strong></span> <span class='ocrx_word' id='word_1_85' title='bbox 872 1217 1074 1264; x_wconf 83' lang='lat' dir='ltr'><strong>trahunt</strong></span> <span class='ocrx_word' id='word_1_86' title='bbox 1098 1217 1344 1280; x_wconf 84' lang='lat' dir='ltr'><strong>promissa</strong></span> <span class='ocrx_word' id='word_1_87' title='bbox 1367 1217 1576 1280; x_wconf 88' lang='lat' dir='ltr'><strong>puellas.</strong></span> 
     </span>
     <span class='ocr_line' id='line_1_17' title="bbox 307 1294 1333 1358; baseline 0 -18"><span class='ocrx_word' id='word_1_88' title='bbox 307 1294 539 1341; x_wconf 87' lang='lat' dir='ltr'><strong>Pollicito</strong></span> <span class='ocrx_word' id='word_1_89' title='bbox 564 1301 719 1342; x_wconf 85' lang='lat' dir='ltr'><strong>testes</strong></span> <span class='ocrx_word' id='word_1_90' title='bbox 746 1295 999 1358; x_wconf 89' lang='lat' dir='ltr'><strong>quoslibet</strong></span> <span class='ocrx_word' id='word_1_91' title='bbox 1024 1295 1152 1342; x_wconf 88' lang='lat' dir='ltr'><strong>adde</strong></span> <span class='ocrx_word' id='word_1_92' title='bbox 1181 1295 1333 1341; x_wconf 84' lang='lat' dir='ltr'><strong>Deos.</strong></span> 
     </span>
     <span class='ocr_line' id='line_1_18' title="bbox 240 1370 1385 1436; baseline 0 -19"><span class='ocrx_word' id='word_1_93' title='bbox 240 1370 269 1416; x_wconf 89' lang='lat' dir='ltr'>J</span> <span class='ocrx_word' id='word_1_94' title='bbox 275 1371 473 1435; x_wconf 87' lang='lat' dir='ltr'><strong>uppiter</strong></span> <span class='ocrx_word' id='word_1_95' title='bbox 498 1387 561 1418; x_wconf 83' lang='lat' dir='ltr'><strong>ex</strong></span> <span class='ocrx_word' id='word_1_96' title='bbox 587 1371 686 1419; x_wconf 91' lang='lat' dir='ltr'><strong>alto</strong></span> <span class='ocrx_word' id='word_1_97' title='bbox 712 1372 928 1436; x_wconf 85' lang='lat' dir='ltr'><strong>perjuria</strong></span> <span class='ocrx_word' id='word_1_98' title='bbox 952 1372 1080 1419; x_wconf 82' lang='lat' dir='ltr'><strong>ridet</strong></span> <span class='ocrx_word' id='word_1_99' title='bbox 1105 1378 1385 1425; x_wconf 86' lang='lat' dir='ltr'><strong>amantum;</strong></span> 
     </span>
     <span class='ocr_line' id='line_1_19' title="bbox 309 1447 1266 1511; baseline 0 -16"><span class='ocrx_word' id='word_1_100' title='bbox 309 1447 376 1495; x_wconf 86' lang='lat' dir='ltr'><strong>Et</strong></span> <span class='ocrx_word' id='word_1_101' title='bbox 393 1449 541 1511; x_wconf 90' lang='lat' dir='ltr'><strong>jubet</strong></span> <span class='ocrx_word' id='word_1_102' title='bbox 565 1448 750 1496; x_wconf 87' lang='lat' dir='ltr'><strong>AEolios</strong></span> <span class='ocrx_word' id='word_1_103' title='bbox 777 1449 913 1496; x_wconf 83' lang='lat' dir='ltr'><strong>irrita</strong></span> <span class='ocrx_word' id='word_1_104' title='bbox 936 1448 1061 1496; x_wconf 84' lang='lat' dir='ltr'><strong>ferre</strong></span> <span class='ocrx_word' id='word_1_105' title='bbox 1089 1448 1266 1495; x_wconf 86' lang='lat' dir='ltr'><strong>Notos.</strong></span> 
     </span>
    </p>
   </div>
   <div class='ocr_carea' id='block_1_7' title="bbox 242 1524 1346 1590">
    <p class='ocr_par' dir='ltr' id='par_1_7' title="bbox 242 1524 1346 1590">
     <span class='ocr_line' id='line_1_20' title="bbox 242 1524 1346 1590; baseline -0.001 -18"><span class='ocrx_word' id='word_1_106' title='bbox 242 1525 341 1573; x_wconf 84' lang='lat' dir='ltr'><strong>Per</strong></span> <span class='ocrx_word' id='word_1_107' title='bbox 368 1525 528 1590; x_wconf 83' lang='lat' dir='ltr'><strong>Styga</strong></span> <span class='ocrx_word' id='word_1_108' title='bbox 551 1524 580 1572; x_wconf 93' lang='lat' dir='ltr'><strong>J</strong></span> <span class='ocrx_word' id='word_1_109' title='bbox 586 1526 737 1573; x_wconf 88' lang='lat' dir='ltr'><strong>unoni</strong></span> <span class='ocrx_word' id='word_1_110' title='bbox 762 1526 941 1574; x_wconf 84' lang='lat' dir='ltr'><strong>falsum</strong></span> <span class='ocrx_word' id='word_1_111' title='bbox 960 1528 1128 1589; x_wconf 87' lang='lat' dir='ltr'><strong>jurare</strong></span> <span class='ocrx_word' id='word_1_112' title='bbox 1154 1525 1346 1572; x_wconf 79' lang='lat' dir='ltr'><strong>solebat</strong></span> 
     </span>
    </p>
   </div>
   <div class='ocr_carea' id='block_1_8' title="bbox 1538 1528 1637 1571">
    <p class='ocr_par' dir='ltr' id='par_1_8' title="bbox 1538 1528 1637 1571">
     <span class='ocr_line' id='line_1_21' title="bbox 1538 1528 1637 1571; baseline 0 0"><span class='ocrx_word' id='word_1_113' title='bbox 1538 1528 1637 1571; x_wconf 78' lang='lat'><strong>035</strong></span> 
     </span>
    </p>
   </div>
   <div class='ocr_carea' id='block_1_9' title="bbox 243 1601 1631 1898">
    <p class='ocr_par' dir='ltr' id='par_1_9' title="bbox 243 1601 1631 1898">
     <span class='ocr_line' id='line_1_22' title="bbox 306 1601 1410 1675; baseline -0.002 -25"><span class='ocrx_word' id='word_1_114' title='bbox 306 1601 336 1650; x_wconf 90' lang='lat' dir='ltr'><strong>J</strong></span> <span class='ocrx_word' id='word_1_115' title='bbox 342 1603 573 1675; x_wconf 46' lang='lat' dir='ltr'><strong>uppiterlf</strong></span> <span class='ocrx_word' id='word_1_116' title='bbox 602 1604 833 1667; x_wconf 82' lang='lat' dir='ltr'><strong>exemplo</strong></span> <span class='ocrx_word' id='word_1_117' title='bbox 859 1620 990 1651; x_wconf 84' lang='lat' dir='ltr'><strong>nunc</strong></span> <span class='ocrx_word' id='word_1_118' title='bbox 1015 1603 1149 1650; x_wconf 87' lang='lat' dir='ltr'><strong>favet</strong></span> <span class='ocrx_word' id='word_1_119' title='bbox 1173 1603 1280 1666; x_wconf 91' lang='lat' dir='ltr'><strong>ipse</strong></span> <span class='ocrx_word' id='word_1_120' title='bbox 1306 1618 1410 1649; x_wconf 87' lang='lat' dir='ltr'><strong>suo.</strong></span> 
     </span>
     <span class='ocr_line' id='line_1_23' title="bbox 243 1679 1631 1744; baseline -0.002 -17"><span class='ocrx_word' id='word_1_121' title='bbox 243 1679 465 1744; x_wconf 86' lang='lat' dir='ltr'><strong>Expedit</strong></span> <span class='ocrx_word' id='word_1_122' title='bbox 489 1696 600 1727; x_wconf 89' lang='lat' dir='ltr'><strong>esse</strong></span> <span class='ocrx_word' id='word_1_123' title='bbox 627 1679 787 1728; x_wconf 88' lang='lat' dir='ltr'><strong>Deos:</strong></span> <span class='ocrx_word' id='word_1_124' title='bbox 828 1688 894 1736; x_wconf 83' lang='lat' dir='ltr'><strong>et,</strong></span> <span class='ocrx_word' id='word_1_125' title='bbox 921 1688 976 1727; x_wconf 94' lang='lat' dir='ltr'><strong>ut</strong></span> <span class='ocrx_word' id='word_1_126' title='bbox 1001 1679 1222 1744; x_wconf 85' lang='lat' dir='ltr'><strong>expedit,</strong></span> <span class='ocrx_word' id='word_1_127' title='bbox 1247 1695 1356 1726; x_wconf 85' lang='lat' dir='ltr'><strong>esse</strong></span> <span class='ocrx_word' id='word_1_128' title='bbox 1382 1685 1631 1742; x_wconf 75' lang='lat' dir='ltr'><strong>putemus.</strong></span> 
     </span>
     <span class='ocr_line' id='line_1_24' title="bbox 309 1756 1466 1820; baseline -0.001 -17"><span class='ocrx_word' id='word_1_129' title='bbox 309 1756 504 1804; x_wconf 89' lang='lat' dir='ltr'><strong>Dentur</strong></span> <span class='ocrx_word' id='word_1_130' title='bbox 528 1757 578 1804; x_wconf 90' lang='lat' dir='ltr'><strong>in</strong></span> <span class='ocrx_word' id='word_1_131' title='bbox 604 1758 834 1820; x_wconf 83' lang='lat' dir='ltr'><strong>antiquos</strong></span> <span class='ocrx_word' id='word_1_132' title='bbox 860 1765 971 1806; x_wconf 85' lang='lat' dir='ltr'><strong>tura</strong></span> <span class='ocrx_word' id='word_1_133' title='bbox 994 1773 1289 1820; x_wconf 82' lang='lat' dir='ltr'><strong>merumque</strong></span> <span class='ocrx_word' id='word_1_134' title='bbox 1314 1756 1466 1803; x_wconf 85' lang='lat' dir='ltr'><strong>focos.</strong></span> 
     </span>
     <span class='ocr_line' id='line_1_25' title="bbox 244 1833 1353 1898; baseline -0.001 -17"><span class='ocrx_word' id='word_1_135' title='bbox 244 1833 353 1882; x_wconf 89' lang='lat' dir='ltr'><strong>Nec</strong></span> <span class='ocrx_word' id='word_1_136' title='bbox 380 1850 555 1882; x_wconf 87' lang='lat' dir='ltr'><strong>secura</strong></span> <span class='ocrx_word' id='word_1_137' title='bbox 580 1835 722 1897; x_wconf 86' lang='lat' dir='ltr'><strong>quies</strong></span> <span class='ocrx_word' id='word_1_138' title='bbox 749 1835 858 1882; x_wconf 88' lang='lat' dir='ltr'><strong>illos</strong></span> <span class='ocrx_word' id='word_1_139' title='bbox 886 1836 1163 1898; x_wconf 81' lang='lat' dir='ltr'><strong>similisque</strong></span> <span class='ocrx_word' id='word_1_140' title='bbox 1189 1834 1353 1897; x_wconf 84' lang='lat' dir='ltr'><strong>sopori</strong></span> 
     </span>
    </p>
   </div>
   <div class='ocr_carea' id='block_1_10' title="bbox 308 1911 1385 1968">
    <p class='ocr_par' dir='ltr' id='par_1_10' title="bbox 308 1911 1385 1968">
     <span class='ocr_line' id='line_1_26' title="bbox 308 1911 1385 1968; baseline -0.001 -10"><span class='ocrx_word' id='word_1_141' title='bbox 308 1911 530 1959; x_wconf 89' lang='lat' dir='ltr'><strong>Detinet.</strong></span> <span class='ocrx_word' id='word_1_142' title='bbox 569 1912 781 1960; x_wconf 80' lang='lat' dir='ltr'><strong>innocue</strong></span> <span class='ocrx_word' id='word_1_143' title='bbox 806 1913 978 1968; x_wconf 86' lang='lat' dir='ltr'><strong>vivite;</strong></span> <span class='ocrx_word' id='word_1_144' title='bbox 1018 1929 1197 1960; x_wconf 78' lang='lat' dir='ltr'><strong>numen</strong></span> <span class='ocrx_word' id='word_1_145' title='bbox 1226 1912 1385 1958; x_wconf 86' lang='lat' dir='ltr'><strong>adest.</strong></span> 
     </span>
    </p>
   </div>
   <div class='ocr_carea' id='block_1_11' title="bbox 240 2041 904 2770">
    <p class='ocr_par' dir='ltr' id='par_1_11' title="bbox 240 2041 904 2231">
     <span class='ocr_line' id='line_1_27' title="bbox 283 2041 901 2083; baseline 0 -11"><span class='ocrx_word' id='word_1_146' title='bbox 283 2041 356 2072; x_wconf 83' lang='lat'><strong>619.</strong></span> <span class='ocrx_word' id='word_1_147' title='bbox 383 2041 504 2071; x_wconf 78' lang='lat' dir='ltr'><strong>Furtim</strong></span> <span class='ocrx_word' id='word_1_148' title='bbox 531 2044 714 2081; x_wconf 74' lang='lat' dir='ltr'><strong>deprendere</strong></span> <span class='ocrx_word' id='word_1_149' title='bbox 738 2053 820 2072; x_wconf 80' lang='lat' dir='ltr'><strong>nime</strong></span> <span class='ocrx_word' id='word_1_150' title='bbox 838 2043 901 2083; x_wconf 85' lang='lat' dir='ltr'><strong>sit.]</strong></span> 
     </span>
     <span class='ocr_line' id='line_1_28' title="bbox 240 2089 904 2131; baseline 0 -10"><span class='ocrx_word' id='word_1_151' title='bbox 240 2090 296 2121; x_wconf 85' lang='lat' dir='ltr'><strong>Est</strong></span> <span class='ocrx_word' id='word_1_152' title='bbox 318 2089 520 2126; x_wconf 83' lang='lat' dir='ltr'><strong>Graecismus,</strong></span> <span class='ocrx_word' id='word_1_153' title='bbox 543 2090 582 2121; x_wconf 88' lang='lat' dir='ltr'><strong>de</strong></span> <span class='ocrx_word' id='word_1_154' title='bbox 605 2100 667 2131; x_wconf 87' lang='lat' dir='ltr'><strong>quo</strong></span> <span class='ocrx_word' id='word_1_155' title='bbox 692 2090 773 2120; x_wconf 82' lang='lat' dir='ltr'><strong>infra</strong></span> <span class='ocrx_word' id='word_1_156' title='bbox 798 2090 854 2121; x_wconf 87' lang='lat' dir='ltr'><strong>lib.</strong></span> <span class='ocrx_word' id='word_1_157' title='bbox 872 2090 904 2121; x_wconf 91' lang='lat' dir='ltr'><strong>ii.</strong></span> 
     </span>
     <span class='ocr_line' id='line_1_29' title="bbox 241 2138 901 2181; baseline 0 -12"><span class='ocrx_word' id='word_1_158' title='bbox 241 2150 320 2170; x_wconf 86' lang='lat' dir='ltr'><strong>vers.</strong></span> <span class='ocrx_word' id='word_1_159' title='bbox 335 2140 390 2169; x_wconf 81' lang='lat'><strong>28.</strong></span> <span class='ocrx_word' id='word_1_160' title='bbox 416 2139 497 2170; x_wconf 84' lang='lat' dir='ltr'><strong>male</strong></span> <span class='ocrx_word' id='word_1_161' title='bbox 521 2138 615 2180; x_wconf 83' lang='lat' dir='ltr'><strong>igitur</strong></span> <span class='ocrx_word' id='word_1_162' title='bbox 630 2138 730 2181; x_wconf 78' lang='lat' dir='ltr'><strong>potior</strong></span> <span class='ocrx_word' id='word_1_163' title='bbox 755 2138 901 2170; x_wconf 86' lang='lat' dir='ltr'><strong>librorum</strong></span> 
     </span>
     <span class='ocr_line' id='line_1_30' title="bbox 240 2188 617 2231; baseline -0.003 -12"><span class='ocrx_word' id='word_1_164' title='bbox 240 2189 388 2231; x_wconf 75' lang='lat' dir='ltr'><strong>pars,j&#39;a.5</strong></span> <span class='ocrx_word' id='word_1_165' title='bbox 402 2190 453 2219; x_wconf 80' lang='lat' dir='ltr'><strong>sit.</strong></span> <span class='ocrx_word' id='word_1_166' title='bbox 500 2188 617 2219; x_wconf 69' lang='lat' dir='ltr'><strong>Hms.</strong></span> 
     </span>
    </p>

    <p class='ocr_par' dir='ltr' id='par_1_12' title="bbox 240 2238 903 2379">
     <span class='ocr_line' id='line_1_31' title="bbox 284 2238 903 2279; baseline -0.003 -10"><span class='ocrx_word' id='word_1_167' title='bbox 284 2239 360 2269; x_wconf 80' lang='lat'><strong>622.</strong></span> <span class='ocrx_word' id='word_1_168' title='bbox 398 2238 608 2279; x_wconf 73' lang='lat' dir='ltr'><strong>Eriguumque</strong></span> <span class='ocrx_word' id='word_1_169' title='bbox 641 2238 769 2277; x_wconf 58' lang='lat' dir='ltr'><strong>pedem]</strong></span> <span class='ocrx_word' id='word_1_170' title='bbox 809 2238 903 2268; x_wconf 81' lang='lat' dir='ltr'><strong>Com-</strong></span> 
     </span>
     <span class='ocr_line' id='line_1_32' title="bbox 240 2287 902 2329; baseline -0.003 -10"><span class='ocrx_word' id='word_1_171' title='bbox 240 2288 406 2319; x_wconf 79' lang='lat' dir='ltr'><strong>mendatur</strong></span> <span class='ocrx_word' id='word_1_172' title='bbox 434 2288 466 2318; x_wconf 86' lang='lat' dir='ltr'><strong>in</strong></span> <span class='ocrx_word' id='word_1_173' title='bbox 495 2287 677 2318; x_wconf 78' lang='lat' dir='ltr'><strong>mulieribus</strong></span> <span class='ocrx_word' id='word_1_174' title='bbox 707 2298 762 2329; x_wconf 80' lang='lat' dir='ltr'><strong>pes</strong></span> <span class='ocrx_word' id='word_1_175' title='bbox 791 2287 902 2321; x_wconf 82' lang='lat' dir='ltr'><strong>brevis.</strong></span> 
     </span>
     <span class='ocr_line' id='line_1_33' title="bbox 242 2337 793 2379; baseline -0.002 -11"><span class='ocrx_word' id='word_1_176' title='bbox 242 2337 299 2368; x_wconf 92' lang='lat' dir='ltr'><strong>lib.</strong></span> <span class='ocrx_word' id='word_1_177' title='bbox 316 2344 348 2368; x_wconf 83' lang='lat' dir='ltr'><strong>et</strong></span> <span class='ocrx_word' id='word_1_178' title='bbox 362 2337 463 2379; x_wconf 83' lang='lat' dir='ltr'><strong>elegia</strong></span> <span class='ocrx_word' id='word_1_179' title='bbox 478 2337 523 2368; x_wconf 90' lang='lat' dir='ltr'><strong>iii.</strong></span> <span class='ocrx_word' id='word_1_180' title='bbox 548 2337 654 2368; x_wconf 85' lang='lat' dir='ltr'><strong>Amor.</strong></span> <span class='ocrx_word' id='word_1_181' title='bbox 701 2337 793 2368; x_wconf 72' lang='lat' dir='ltr'><strong>Cmr.</strong></span> 
     </span>
    </p>

    <p class='ocr_par' dir='ltr' id='par_1_13' title="bbox 243 2386 904 2574">
     <span class='ocr_line' id='line_1_34' title="bbox 284 2386 900 2426; baseline -0.003 -9"><span class='ocrx_word' id='word_1_182' title='bbox 284 2387 359 2417; x_wconf 88' lang='grc'><strong>633.</strong></span> <span class='ocrx_word' id='word_1_183' title='bbox 381 2386 524 2426; x_wconf 75' lang='lat' dir='ltr'><strong>Juppiter</strong></span> <span class='ocrx_word' id='word_1_184' title='bbox 539 2397 569 2416; x_wconf 66' lang='lat' dir='ltr'><strong>ex</strong></span> <span class='ocrx_word' id='word_1_185' title='bbox 594 2388 655 2416; x_wconf 75' lang='lat' dir='ltr'><strong>alto</strong></span> <span class='ocrx_word' id='word_1_186' title='bbox 668 2388 807 2426; x_wconf 69' lang='lat' dir='ltr'><strong>perjuria</strong></span> <span class='ocrx_word' id='word_1_187' title='bbox 824 2387 900 2417; x_wconf 73' lang='lat' dir='ltr'><strong>ridet</strong></span> 
     </span>
     <span class='ocr_line' id='line_1_35' title="bbox 243 2435 904 2476; baseline 0 -10"><span class='ocrx_word' id='word_1_188' title='bbox 243 2442 410 2471; x_wconf 77' lang='lat' dir='ltr'><strong>amantum,</strong></span> <span class='ocrx_word' id='word_1_189' title='bbox 437 2436 477 2466; x_wconf 80' lang='lat' dir='ltr'><strong>Et</strong></span> <span class='ocrx_word' id='word_1_190' title='bbox 488 2437 578 2476; x_wconf 78' lang='lat' dir='ltr'><strong>jubet</strong></span> <span class='ocrx_word' id='word_1_191' title='bbox 593 2436 705 2466; x_wconf 77' lang='lat' dir='ltr'><strong>AE&#39;olios</strong></span> <span class='ocrx_word' id='word_1_192' title='bbox 720 2435 904 2476; x_wconf 72' lang='lat' dir='ltr'><strong>irrit11fm·›·e</strong></span> 
     </span>
     <span class='ocr_line' id='line_1_36' title="bbox 245 2484 839 2525; baseline -0.003 -10"><span class='ocrx_word' id='word_1_193' title='bbox 245 2484 364 2525; x_wconf 63' lang='lat' dir='ltr'><strong>Notos]</strong></span> <span class='ocrx_word' id='word_1_194' title='bbox 391 2484 510 2515; x_wconf 90' lang='lat' dir='ltr'><strong>Tibulli</strong></span> <span class='ocrx_word' id='word_1_195' title='bbox 526 2484 657 2515; x_wconf 81' lang='lat' dir='ltr'><strong>imitatio</strong></span> <span class='ocrx_word' id='word_1_196' title='bbox 673 2495 710 2515; x_wconf 83' lang='lat' dir='ltr'><strong>ex</strong></span> <span class='ocrx_word' id='word_1_197' title='bbox 728 2484 782 2513; x_wconf 85' lang='lat' dir='ltr'><strong>lib.</strong></span> <span class='ocrx_word' id='word_1_198' title='bbox 799 2484 839 2514; x_wconf 92' lang='lat' dir='ltr'><strong>iv.</strong></span> 
     </span>
     <span class='ocr_line' id='line_1_37' title="bbox 373 2533 781 2574; baseline -0.002 -11"><span class='ocrx_word' id='word_1_199' title='bbox 373 2533 518 2574; x_wconf 45' lang='lat' dir='ltr'><strong>Pei-&#39;juria</strong></span> <span class='ocrx_word' id='word_1_200' title='bbox 535 2535 613 2564; x_wconf 79' lang='lat' dir='ltr'><strong>ridet</strong></span> <span class='ocrx_word' id='word_1_201' title='bbox 627 2540 781 2564; x_wconf 72' lang='lat' dir='ltr'><strong>amantum</strong></span> 
     </span>
    </p>

    <p class='ocr_par' dir='ltr' id='par_1_14' title="bbox 285 2583 904 2624">
     <span class='ocr_line' id='line_1_38' title="bbox 285 2583 904 2624; baseline 0 -11"><span class='ocrx_word' id='word_1_202' title='bbox 285 2583 478 2623; x_wconf 78' lang='lat' dir='ltr'><strong>Juppiter,et</strong></span> <span class='ocrx_word' id='word_1_203' title='bbox 494 2589 593 2614; x_wconf 76' lang='lat' dir='ltr'><strong>ventos</strong></span> <span class='ocrx_word' id='word_1_204' title='bbox 610 2583 904 2624; x_wconf 60' lang='lat' dir='ltr'><strong>irritasti-rejubel.</strong></span> 
     </span>
    </p>

    <p class='ocr_par' dir='ltr' id='par_1_15' title="bbox 768 2632 861 2662">
     <span class='ocr_line' id='line_1_39' title="bbox 768 2632 861 2662; baseline 0 -1"><span class='ocrx_word' id='word_1_205' title='bbox 768 2632 861 2662; x_wconf 69' lang='lat' dir='ltr'><strong>Cior.</strong></span> 
     </span>
    </p>

    <p class='ocr_par' dir='ltr' id='par_1_16' title="bbox 285 2679 902 2720">
     <span class='ocr_line' id='line_1_40' title="bbox 285 2679 902 2720; baseline -0.002 -9"><span class='ocrx_word' id='word_1_206' title='bbox 285 2681 362 2711; x_wconf 84' lang='lat'><strong>635.</strong></span> <span class='ocrx_word' id='word_1_207' title='bbox 398 2680 516 2720; x_wconf 64' lang='lat' dir='ltr'><strong>Falsm]</strong></span> <span class='ocrx_word' id='word_1_208' title='bbox 558 2680 607 2711; x_wconf 79' lang='lat' dir='ltr'><strong>Ita</strong></span> <span class='ocrx_word' id='word_1_209' title='bbox 632 2680 705 2711; x_wconf 81' lang='lat' dir='ltr'><strong>olim</strong></span> <span class='ocrx_word' id='word_1_210' title='bbox 731 2679 818 2713; x_wconf 77' lang='lat' dir='ltr'><strong>editi.</strong></span> <span class='ocrx_word' id='word_1_211' title='bbox 848 2680 902 2710; x_wconf 71' lang='lat' dir='ltr'><strong>secl</strong></span> 
     </span>
    </p>

    <p class='ocr_par' dir='ltr' id='par_1_17' title="bbox 242 2728 899 2770">
     <span class='ocr_line' id='line_1_41' title="bbox 242 2728 899 2770; baseline -0.003 -10"><span class='ocrx_word' id='word_1_212' title='bbox 242 2729 354 2766; x_wconf 79' lang='lat' dir='ltr'><strong>Aldus,</strong></span> <span class='ocrx_word' id='word_1_213' title='bbox 371 2729 456 2760; x_wconf 81' lang='lat' dir='ltr'><strong>Dan.</strong></span> <span class='ocrx_word' id='word_1_214' title='bbox 474 2729 623 2760; x_wconf 80' lang='lat' dir='ltr'><strong>Heinsius</strong></span> <span class='ocrx_word' id='word_1_215' title='bbox 645 2729 761 2770; x_wconf 76' lang='lat' dir='ltr'><strong>aliique</strong></span> <span class='ocrx_word' id='word_1_216' title='bbox 781 2728 899 2759; x_wconf 60' lang='lat' dir='ltr'><strong>Falsum</strong></span> 
     </span>
    </p>
   </div>
   <div class='ocr_carea' id='block_1_12' title="bbox 283 2552 368 2557">
    <p class='ocr_par' dir='ltr' id='par_1_18' title="bbox 283 2552 368 2557">
     <span class='ocr_line' id='line_1_42' title="bbox 283 2552 368 2557; baseline 0 0"><span class='ocrx_word' id='word_1_217' title='bbox 283 2552 368 2557; x_wconf 95' lang='lat' dir='ltr'><strong> </strong></span> 
     </span>
    </p>
   </div>
   <div class='ocr_carea' id='block_1_13' title="bbox 1537 1913 1639 1957">
    <p class='ocr_par' dir='ltr' id='par_1_19' title="bbox 1537 1913 1639 1957">
     <span class='ocr_line' id='line_1_43' title="bbox 1537 1913 1639 1957; baseline -0.02 0"><span class='ocrx_word' id='word_1_218' title='bbox 1537 1913 1639 1957; x_wconf 72' lang='lat'><strong>640</strong></span> 
     </span>
    </p>
   </div>
   <div class='ocr_carea' id='block_1_14' title="bbox 972 2038 1637 2667">
    <p class='ocr_par' dir='ltr' id='par_1_20' title="bbox 972 2038 1637 2366">
     <span class='ocr_line' id='line_1_44' title="bbox 972 2038 1637 2083; baseline -0.008 -11"><span class='ocrx_word' id='word_1_219' title='bbox 972 2047 1210 2083; x_wconf 79' lang='lat' dir='ltr'><strong>expresserunt3</strong></span> <span class='ocrx_word' id='word_1_220' title='bbox 1240 2039 1335 2080; x_wconf 73' lang='lat' dir='ltr'><strong>idque</strong></span> <span class='ocrx_word' id='word_1_221' title='bbox 1364 2039 1548 2068; x_wconf 77' lang='lat' dir='ltr'><strong>confirmant</strong></span> <span class='ocrx_word' id='word_1_222' title='bbox 1573 2038 1637 2068; x_wconf 75' lang='lat' dir='ltr'><strong>fele</strong></span> 
     </span>
     <span class='ocr_line' id='line_1_45' title="bbox 972 2087 1635 2131; baseline -0.008 -10"><span class='ocrx_word' id='word_1_223' title='bbox 972 2101 1078 2122; x_wconf 82' lang='lat' dir='ltr'><strong>omnes</strong></span> <span class='ocrx_word' id='word_1_224' title='bbox 1107 2089 1226 2131; x_wconf 80' lang='lat' dir='ltr'><strong>scripti.</strong></span> <span class='ocrx_word' id='word_1_225' title='bbox 1266 2098 1369 2129; x_wconf 87' lang='lat' dir='ltr'><strong>neque</strong></span> <span class='ocrx_word' id='word_1_226' title='bbox 1399 2087 1488 2129; x_wconf 78' lang='lat' dir='ltr'><strong>capio</strong></span> <span class='ocrx_word' id='word_1_227' title='bbox 1526 2087 1635 2117; x_wconf 80' lang='lat' dir='ltr'><strong>adver-</strong></span> 
     </span>
     <span class='ocr_line' id='line_1_46' title="bbox 973 2136 1632 2175; baseline -0.008 -5"><span class='ocrx_word' id='word_1_228' title='bbox 973 2139 1110 2175; x_wconf 77' lang='lat' dir='ltr'><strong>bialiter,</strong></span> <span class='ocrx_word' id='word_1_229' title='bbox 1127 2145 1162 2170; x_wconf 85' lang='lat' dir='ltr'><strong>ut</strong></span> <span class='ocrx_word' id='word_1_230' title='bbox 1186 2139 1240 2169; x_wconf 87' lang='lat' dir='ltr'><strong>lib.</strong></span> <span class='ocrx_word' id='word_1_231' title='bbox 1257 2137 1303 2168; x_wconf 90' lang='lat' dir='ltr'><strong>iii.</strong></span> <span class='ocrx_word' id='word_1_232' title='bbox 1321 2137 1429 2167; x_wconf 74' lang='lat' dir='ltr'><strong>Amor.</strong></span> <span class='ocrx_word' id='word_1_233' title='bbox 1449 2137 1495 2167; x_wconf 84' lang='lat' dir='ltr'><strong>iii.</strong></span> <span class='ocrx_word' id='word_1_234' title='bbox 1520 2136 1554 2166; x_wconf 91' lang='lat' dir='ltr'><strong>ii.</strong></span> <span class='ocrx_word' id='word_1_235' title='bbox 1579 2136 1632 2166; x_wconf 73' lang='lat' dir='ltr'><strong>sed</strong></span> 
     </span>
     <span class='ocr_line' id='line_1_47' title="bbox 973 2185 1636 2229; baseline -0.008 -9"><span class='ocrx_word' id='word_1_236' title='bbox 973 2190 1096 2220; x_wconf 77' lang='lat' dir='ltr'><strong>Falsum</strong></span> <span class='ocrx_word' id='word_1_237' title='bbox 1122 2195 1220 2229; x_wconf 73' lang='lat' dir='ltr'><strong>styga,</strong></span> <span class='ocrx_word' id='word_1_238' title='bbox 1248 2188 1366 2223; x_wconf 85' lang='lat' dir='ltr'><strong>fictum,</strong></span> <span class='ocrx_word' id='word_1_239' title='bbox 1396 2185 1449 2227; x_wconf 81' lang='lat' dir='ltr'><strong>qui</strong></span> <span class='ocrx_word' id='word_1_240' title='bbox 1483 2196 1501 2216; x_wconf 84' lang='lat' dir='ltr'><strong>a</strong></span> <span class='ocrx_word' id='word_1_241' title='bbox 1530 2185 1636 2216; x_wconf 59' lang='lat' dir='ltr'><strong>Poetis</strong></span> 
     </span>
     <span class='ocr_line' id='line_1_48' title="bbox 972 2234 1634 2279; baseline -0.008 -10"><span class='ocrx_word' id='word_1_242' title='bbox 972 2249 1038 2269; x_wconf 86' lang='lat' dir='ltr'><strong>esse</strong></span> <span class='ocrx_word' id='word_1_243' title='bbox 1063 2238 1140 2268; x_wconf 78' lang='lat' dir='ltr'><strong>falso</strong></span> <span class='ocrx_word' id='word_1_244' title='bbox 1160 2238 1307 2279; x_wconf 81' lang='lat' dir='ltr'><strong>jactatur.</strong></span> <span class='ocrx_word' id='word_1_245' title='bbox 1323 2235 1394 2266; x_wconf 88' lang='lat' dir='ltr'><strong>vide</strong></span> <span class='ocrx_word' id='word_1_246' title='bbox 1420 2234 1460 2265; x_wconf 82' lang='lat' dir='ltr'><strong>ad</strong></span> <span class='ocrx_word' id='word_1_247' title='bbox 1477 2234 1576 2276; x_wconf 83' lang='lat' dir='ltr'><strong>Epist.</strong></span> <span class='ocrx_word' id='word_1_248' title='bbox 1600 2234 1634 2264; x_wconf 89' lang='lat' dir='ltr'><strong>ii.</strong></span> 
     </span>
     <span class='ocr_line' id='line_1_49' title="bbox 973 2284 1633 2325; baseline -0.006 -7"><span class='ocrx_word' id='word_1_249' title='bbox 973 2288 1026 2318; x_wconf 88' lang='lat'><strong>37.</strong></span> <span class='ocrx_word' id='word_1_250' title='bbox 1043 2294 1075 2318; x_wconf 72' lang='lat' dir='ltr'><strong>et</strong></span> <span class='ocrx_word' id='word_1_251' title='bbox 1090 2287 1147 2317; x_wconf 89' lang='lat' dir='ltr'><strong>hoc</strong></span> <span class='ocrx_word' id='word_1_252' title='bbox 1164 2286 1322 2317; x_wconf 73' lang='lat' dir='ltr'><strong>confirmat</strong></span> <span class='ocrx_word' id='word_1_253' title='bbox 1340 2284 1435 2315; x_wconf 85' lang='lat' dir='ltr'><strong>editio</strong></span> <span class='ocrx_word' id='word_1_254' title='bbox 1451 2284 1562 2325; x_wconf 82' lang='lat' dir='ltr'><strong>prima.</strong></span> <span class='ocrx_word' id='word_1_255' title='bbox 1580 2284 1633 2314; x_wconf 82' lang='lat' dir='ltr'><strong>ubi</strong></span> 
     </span>
     <span class='ocr_line' id='line_1_50' title="bbox 973 2342 1056 2366; baseline -0.012 -1"><span class='ocrx_word' id='word_1_256' title='bbox 973 2342 1038 2366; x_wconf 78' lang='lat' dir='ltr'><strong>erat</strong></span> <span class='ocrx_word' id='word_1_257' title='bbox 1052 2348 1056 2364; x_wconf 96' lang='lat'>:</span> 
     </span>
    </p>

    <p class='ocr_par' dir='ltr' id='par_1_21' title="bbox 1018 2382 1631 2426">
     <span class='ocr_line' id='line_1_51' title="bbox 1018 2382 1631 2426; baseline -0.01 -11"><span class='ocrx_word' id='word_1_258' title='bbox 1018 2385 1201 2426; x_wconf 62' lang='lat' dir='ltr'><strong>Pei-falsum</strong></span> <span class='ocrx_word' id='word_1_259' title='bbox 1226 2390 1312 2424; x_wconf 67' lang='lat' dir='ltr'><strong>styga</strong></span> <span class='ocrx_word' id='word_1_260' title='bbox 1327 2382 1443 2412; x_wconf 73' lang='lat' dir='ltr'><strong>Junoni</strong></span> <span class='ocrx_word' id='word_1_261' title='bbox 1459 2385 1573 2421; x_wconf 77' lang='lat' dir='ltr'><strong>jurare</strong></span> <span class='ocrx_word' id='word_1_262' title='bbox 1588 2393 1631 2412; x_wconf 77' lang='lat' dir='ltr'><strong>so-</strong></span> 
     </span>
    </p>

    <p class='ocr_par' dir='ltr' id='par_1_22' title="bbox 1059 2431 1590 2463">
     <span class='ocr_line' id='line_1_52' title="bbox 1059 2431 1590 2463; baseline -0.008 0"><span class='ocrx_word' id='word_1_263' title='bbox 1059 2435 1150 2463; x_wconf 75' lang='lat' dir='ltr'><strong>lebat.</strong></span> <span class='ocrx_word' id='word_1_264' title='bbox 1474 2431 1590 2461; x_wconf 69' lang='lat' dir='ltr'><strong>Buim.</strong></span> 
     </span>
    </p>

    <p class='ocr_par' dir='ltr' id='par_1_23' title="bbox 972 2479 1634 2667">
     <span class='ocr_line' id='line_1_53' title="bbox 1016 2479 1634 2521; baseline -0.003 -10"><span class='ocrx_word' id='word_1_265' title='bbox 1016 2483 1090 2513; x_wconf 83' lang='lat'><strong>637.</strong></span> <span class='ocrx_word' id='word_1_266' title='bbox 1118 2482 1243 2521; x_wconf 70' lang='lat' dir='ltr'><strong>E11›edit</strong></span> <span class='ocrx_word' id='word_1_267' title='bbox 1267 2492 1324 2510; x_wconf 74' lang='lat' dir='ltr'><strong>esse</strong></span> <span class='ocrx_word' id='word_1_268' title='bbox 1342 2479 1448 2519; x_wconf 61' lang='lat' dir='ltr'><strong>Dens]</strong></span> <span class='ocrx_word' id='word_1_269' title='bbox 1476 2480 1525 2510; x_wconf 81' lang='lat' dir='ltr'><strong>Ita</strong></span> <span class='ocrx_word' id='word_1_270' title='bbox 1540 2480 1634 2520; x_wconf 81' lang='lat' dir='ltr'><strong>vulgo</strong></span> 
     </span>
     <span class='ocr_line' id='line_1_54' title="bbox 974 2529 1633 2573; baseline -0.005 -11"><span class='ocrx_word' id='word_1_271' title='bbox 974 2531 1155 2573; x_wconf 80' lang='lat' dir='ltr'><strong>Philosophi</strong></span> <span class='ocrx_word' id='word_1_272' title='bbox 1172 2529 1307 2561; x_wconf 78' lang='lat' dir='ltr'><strong>etAthei</strong></span> <span class='ocrx_word' id='word_1_273' title='bbox 1319 2529 1494 2570; x_wconf 83' lang='lat' dir='ltr'><strong>jactabant.</strong></span> <span class='ocrx_word' id='word_1_274' title='bbox 1511 2529 1633 2559; x_wconf 80' lang='lat' dir='ltr'><strong>Tertul-</strong></span> 
     </span>
     <span class='ocr_line' id='line_1_55' title="bbox 974 2578 1632 2619; baseline -0.008 -8"><span class='ocrx_word' id='word_1_275' title='bbox 974 2581 1048 2611; x_wconf 87' lang='lat' dir='ltr'><strong>lian.</strong></span> <span class='ocrx_word' id='word_1_276' title='bbox 1071 2581 1109 2611; x_wconf 81' lang='lat' dir='ltr'><strong>ad</strong></span> <span class='ocrx_word' id='word_1_277' title='bbox 1138 2580 1290 2611; x_wconf 77' lang='lat' dir='ltr'><strong>Nationes</strong></span> <span class='ocrx_word' id='word_1_278' title='bbox 1315 2579 1345 2608; x_wconf 78' lang='lat'><strong>2.</strong></span> <span class='ocrx_word' id='word_1_279' title='bbox 1395 2578 1538 2619; x_wconf 71' lang='lat' dir='ltr'><strong>Diogenes</strong></span> <span class='ocrx_word' id='word_1_280' title='bbox 1565 2590 1632 2608; x_wconf 69' lang='lat' dir='ltr'><strong>cun-</strong></span> 
     </span>
     <span class='ocr_line' id='line_1_56' title="bbox 972 2627 1634 2667; baseline -0.006 -6"><span class='ocrx_word' id='word_1_281' title='bbox 972 2632 1069 2661; x_wconf 76' lang='lat' dir='ltr'><strong>sulcus</strong></span> <span class='ocrx_word' id='word_1_282' title='bbox 1084 2642 1122 2660; x_wconf 77' lang='lat' dir='ltr'><strong>an</strong></span> <span class='ocrx_word' id='word_1_283' title='bbox 1142 2630 1192 2659; x_wconf 85' lang='grc' dir='ltr'><strong>1)ἱί</strong></span> <span class='ocrx_word' id='word_1_284' title='bbox 1208 2635 1312 2663; x_wconf 73' lang='lat' dir='ltr'><strong>essent,</strong></span> <span class='ocrx_word' id='word_1_285' title='bbox 1331 2627 1634 2667; x_wconf 64' lang='lat' dir='ltr'><strong>Nesci0,inqz‹i1,11›·.‹i</strong></span> 
     </span>
    </p>
   </div>
   <div class='ocr_carea' id='block_1_15' title="bbox 975 2677 1422 2718">
    <p class='ocr_par' dir='ltr' id='par_1_24' title="bbox 975 2677 1422 2718">
     <span class='ocr_line' id='line_1_57' title="bbox 975 2677 1422 2718; baseline -0.011 -9"><span class='ocrx_word' id='word_1_286' title='bbox 975 2686 1005 2710; x_wconf 72' lang='lat' dir='ltr'><strong>uz</strong></span> <span class='ocrx_word' id='word_1_287' title='bbox 1024 2681 1094 2714; x_wconf 76' lang='lat' dir='ltr'><strong>sine,</strong></span> <span class='ocrx_word' id='word_1_288' title='bbox 1111 2681 1258 2718; x_wconf 65' lang='lat' dir='ltr'><strong>eipndire.</strong></span> <span class='ocrx_word' id='word_1_289' title='bbox 1305 2677 1422 2707; x_wconf 69' lang='lat' dir='ltr'><strong>llvnn.</strong></span> 
     </span>
    </p>
   </div>
  </div>
 </body>
</html>
