1849 3198
629 193 974 236 HEROIDES.
1007 195 1100 236 ΕΡ.
1134 194 1325 238 XVIII.

1587 200 1672 241 247

279 309 351 357 Te
376 317 462 357 tua
486 310 568 357 vix
593 298 823 373 prohihet
846 309 1012 357 nutrix
1037 311 1342 359 descendere
1368 312 1416 359 in
1442 313 1595 360 altum
1619 332 1628 362 ε

348 387 459 434 Hoc
485 403 685 450 quoque
711 387 842 434 enim
867 386 966 434 vidi
990 404 999 434 :
1040 404 1131 434 nec
1157 389 1276 434 mihi
1301 391 1453 437 verba
1475 391 1646 439 dabaS.

282 465 390 512 Nec
416 473 582 513 tamen
607 464 787 520 effecit,
814 465 1040 528 quamvis
1066 465 1313 512 retinebat
1337 475 1553 524 euntem,

348 543 427 590 Ne
453 543 593 590 fieret
617 542 776 605 prima
803 558 892 605 pes
919 549 1034 590 tuus
1060 542 1186 589 udus
1214 543 1364 605 aquit.

1576 549 1667 592 100

281 618 486 684 Excipis
512 619 762 683 amplexu,
790 618 1052 681 feliciaque
1077 619 1248 666 oscula
1265 620 1464 681 jungis:

348 698 537 745 Oscula
560 697 650 760 <Di
675 696 842 759 magni
859 696 893 758 l)
918 704 1053 743 trans
1079 713 1214 743 mare
1238 696 1389 758 digna
1414 698 1532 760 peti.

281 774 460 839 Deque
485 776 582 823 tuis
607 776 801 823 demtos
827 774 1045 822 humeris
1072 774 1191 821 mihi
1217 774 1370 821 tradis
1391 775 1601 822 amictus
1624 794 1633 823 1

350 852 415 900 Et
440 854 689 900 madidam
716 853 874 900 siccas
901 853 1114 916 aequoris
1140 852 1297 899 imbre
1322 869 1532 900 comam.

283 932 467 979 Cetera
490 948 607 988 nox,
636 938 686 979 et
710 948 816 987 nos,
844 937 895 978 et
917 931 1063 977 turris
1089 930 1291 978 conscia
1315 930 1466 987 novit,
1577 934 1667 978 105

349 1009 599 1073 Quodque
624 1010 744 1056 mihi
768 1010 937 1055 lumen
962 1024 1050 1071 per
1074 1007 1202 1054 vada
1224 1014 1467 1055 monstrat
1492 1008 1598 1055 iter.

282 1086 390 1134 Nec
416 1089 573 1150 magis
599 1088 728 1134 illius
754 1086 1000 1134 numerari
1026 1086 1208 1148 gaudia
1233 1086 1410 1141 noctis,

347 1163 739 1228 Hellespontiaci
765 1180 915 1227 quam
941 1163 1088 1210 maris
1115 1164 1227 1225 alga
1252 1169 1433 1226 potest.

281 1241 393 1295 Quo
419 1242 616 1289 brevius
643 1241 859 1305 spatium
884 1240 1027 1287 nobis
1054 1240 1116 1287 ad
1140 1239 1271 1286 furta
1294 1240 1521 1296 dabatur,

349 1318 460 1365 Hoc
486 1319 644 1381 magis
669 1327 746 1366 est
771 1325 989 1373 cautum,
1017 1334 1079 1364 ue
1104 1317 1230 1365 foret
1255 1317 1377 1364 illud
1403 1318 1549 1365 inerS.
1579 1322 1670 1365 110

279 1395 513 1459 Jamque,
541 1396 768 1459 fugatura
793 1396 993 1443 Tithoni
1018 1397 1230 1459 conjuge
1256 1402 1470 1451 noctem,

348 1473 570 1520 Praevius
596 1473 798 1520 Aurorae
826 1473 1021 1521 Lucifer
1045 1480 1181 1521 ortus
1206 1480 1328 1521 erat.

282 1550 472 1598 Oscula
495 1552 808 1614 congerimus
834 1559 1112 1616 properata,
1131 1551 1237 1599 sine
1263 1551 1454 1606 ordine,
1473 1552 1668 1614 raptim,

349 1628 415 1676 Et
439 1630 693 1693 querimur
717 1647 891 1694 parvas
917 1630 1147 1677 noctibus
1173 1645 1285 1676 esse
1310 1644 1489 1675 moras.

280 1839 344 1868 fere
372 1838 501 1879 tragica,
532 1839 674 1869 excidere
704 1839 762 1868 sibi
797 1839 942 1880 patiatur.

284 1887 398 1918 Auni.

325 1938 377 1968 96.
404 1937 543 1977 Nostra]
574 1937 705 1967 Brachia
735 1939 815 1967 lenta
842 1938 940 1968 Lova-

283 1986 410 2022 niensis,
437 1992 470 2016 ut
496 1987 637 2028 Ep.scq.
662 1988 714 2016 48.
741 1987 824 2028 quod
842 1987 942 2028 jacta-

283 2036 359 2067 tioni
389 2036 500 2067 melius
530 2036 695 2067 convenire
725 2036 879 2072 existimo,
910 2042 943 2066 ut

284 2097 345 2117 non
359 2085 500 2116 videatur
515 2091 578 2116 tam
603 2090 719 2121 natare,
737 2092 769 2116 ut
793 2085 854 2115 cito
869 2096 941 2115 con-

283 2135 384 2176 tingat
409 2134 510 2169 litora,
527 2145 621 2175 quam
647 2139 743 2165 artem
765 2134 942 2176 spectatrici

286 2184 429 2215 Dominae
443 2190 608 2214 ostentare.
621 2183 767 2214 dicuntur
779 2193 850 2213 vero
862 2184 944 2213 leuca

282 2233 422 2269 brachia,
437 2233 547 2264 eadem
563 2232 692 2269 ratione,
708 2243 770 2274 qua
783 2234 855 2262 lenti
872 2235 945 2262 remi

284 2283 441 2313 dicuntur.
480 2281 616 2313 Brachia
631 2293 702 2313 vero
720 2284 790 2312 remi
806 2284 945 2321 corporis.

285 2332 340 2362 inf.
355 2342 433 2362 vers.
449 2332 522 2362 215.
569 2331 686 2361 Bmm.

331 2382 402 2412 102.
428 2382 538 2411 Oscula
555 2380 611 2411 Dis
632 2382 748 2422 magnis
766 2387 848 2410 trans
864 2390 944 2409 mare

285 2433 380 2473 dignu
395 2430 489 2470 peti]
516 2430 623 2461 Scribe
649 2441 720 2461 cum
742 2431 901 2460 l'utcaneo
914 2434 945 2459 et

284 2479 481 2515 Sal-faviano,
499 2479 541 2509 Di
565 2482 676 2521 magni.
721 2479 828 2510 Amor.
843 2479 897 2509 lib.
913 2478 945 2508 ii.

286 2530 375 2570 Eleg.
391 2529 450 2559 ult.

334 2580 441 2609 Oscula
459 2578 520 2615 (Di
538 2579 672 2621 magni!)
696 2580 798 2619 qualia
821 2584 947 2618 quotque

373 2629 482 2658 dabat!

289 2677 434 2708 Similiter
465 2677 505 2707 Di
535 2679 612 2711 honi,
645 2683 672 2707 et
703 2676 744 2706 Dz'
773 2678 946 2707 immortales

1011 1838 1094 1880 apud
1111 1837 1254 1868 Comicus
1270 1843 1301 1867 et
1316 1843 1460 1867 oratores,
1507 1837 1625 1866 mes.

1059 1888 1128 1918 103.
1155 1887 1256 1926 Deque
1273 1888 1332 1916 tuis
1347 1886 1486 1925 danitas]
1518 1886 1598 1926 Eque
1615 1888 1674 1915 tuis

1011 1935 1127 1977 scripti,
1157 1935 1329 1966 mesws.
1375 1934 1458 1965 Mihi
1483 1936 1518 1964 ‹Ie
1549 1934 1651 1976 placet
1667 1948 1672 1964 ;

1011 1985 1167 2026 geminare
1198 1983 1281 2015 enim
1309 1983 1542 2026 praepositiones
1576 1984 1674 2024 magis

1011 2035 1159 2065 amabant
1174 2039 1304 2065 veteres.
1329 2033 1349 2063 i.
1365 2033 1438 2064 Am.
1452 2033 1492 2063 iv.
1508 2034 1560 2064 50.

1056 2084 1179 2114 Conscia
1195 2086 1231 2114 de
1244 2085 1357 2125 gremio
1370 2084 1469 2124 pallia
1484 2085 1565 2114 deme
1580 2094 1648 2114 meo.

1515 2133 1631 2163 Bunm.

1058 2184 1128 2215 105.
1154 2183 1261 2214 Turris
1285 2183 1431 2223 conscia‘]
1474 2182 1587 2212 Nutm
1617 2183 1674 2213 Ju-

1012 2233 1137 2269 manus,
1156 2232 1324 2264 Bernensis
1338 2238 1369 2263 ct
1385 2233 1502 2263 Douzae
1518 2237 1675 2272 excerpta.

1011 2282 1065 2313 sed
1083 2282 1205 2313 frustra.
1220 2282 1265 2313 ita
1281 2283 1359 2323 ignis
1374 2282 1506 2312 conscius
1520 2280 1619 2311 Statio
1635 2280 1676 2310 vi.

1011 2332 1109 2363 Theb.
1126 2333 1199 2363 547.
1215 2332 1293 2362 alter
1310 2331 1525 2363 Mentelianus
1540 2341 1675 2372 quoque,

1011 2388 1136 2412 norunt.
1184 2381 1300 2411 Burin.

1058 2432 1128 2462 110.
1155 2430 1209 2461 Est
1231 2431 1386 2471 cautium]
1416 2430 1543 2470 Captum
1569 2430 1675 2460 Sarra-

1013 2480 1065 2516 vii,
1088 2480 1230 2510 Lincoln.
1254 2486 1285 2510 et
1312 2479 1477 2510 Scriverii:
1508 2479 1585 2509 forte
1616 2488 1675 2507 non

1014 2529 1106 2560 male.
1137 2535 1171 2559 ut
1194 2535 1313 2568 captum
1345 2534 1455 2569 tempus
1484 2538 1567 2569 saepe
1594 2526 1676 2568 apud

1015 2577 1148 2613 Livium,
1178 2578 1341 2608 Maronem
1371 2583 1403 2608 et
1429 2578 1516 2608 alios.
1546 2577 1584 2606 dc
1614 2586 1676 2615 quo

1016 2627 1085 2658 vide
1101 2628 1238 2658 Gronov.
1253 2627 1292 2658 ad
1307 2627 1374 2657 Liv.
1389 2626 1472 2658 xxvi.
1486 2628 1534 2657 12.
1560 2626 1676 2655 Bmm.

1084 2729 1157 2759 R4
