1849 3198
217 186 301 227 :370
609 183 659 223 P.
694 180 907 223 OVIDII
942 179 1230 222 NASONIS

219 299 319 346 Per
342 308 391 346 te
417 315 509 361 ego
533 297 780 360 decipior:
822 312 909 360 per
933 303 983 343 te
1008 296 1282 359 deprensus
1309 296 1525 351 inermis,

292 376 423 423 Ecce
449 376 573 422 duas
599 390 697 420 uno
723 381 946 436 tempore
970 373 1128 436 turpis
1155 388 1282 419 amo.

225 452 450 515 Utraque
474 451 689 499 formosa
713 457 816 497 est:
858 465 1081 512 operosae
1107 449 1322 495 cultibus
1349 450 1535 497 ambae:
1583 452 1613 496 5

290 529 512 584 Artibus,
539 529 587 574 in
612 527 764 575 dubio
790 534 881 581 est,
910 527 1015 572 haec
1042 526 1121 581 sit,
1150 541 1210 572 an
1236 526 1335 580 illa,
1362 526 1510 588 prior.

225 606 485 653 Pulchrior
510 606 601 652 hac
635 605 720 650 illa
744 611 847 650 est:
892 603 998 649 haec
1026 609 1104 648 est
1129 618 1329 665 quoque
1365 603 1616 666 pulchrior

293 681 358 729 Et
383 682 540 744 magis
566 682 672 728 haec
698 679 857 735 nobiS‚
887 686 937 726 et
962 679 1119 741 magis
1146 679 1229 726 illa
1253 679 1433 742 placet.
1475 679 1579 740 [illa
1602 697 1611 727 :

227 759 421 816 Errant,
448 767 502 806 ut
525 759 684 805 ventis
710 757 1023 804 discordibus
1049 762 1161 802 acta
1184 755 1381 811 faselos,

294 837 664 898 Dividuumque
688 842 860 882 tenent
885 835 1007 881 alter
1033 841 1082 880 et
1107 834 1230 881 alter
1255 850 1406 880 amor.
1558 838 1616 881 10

227 913 356 967 Quid
385 913 623 973 geminas,
654 911 887 975 Erycina,
915 927 1052 957 meos
1079 911 1183 958 sine
1209 911 1306 957 fine
1331 911 1560 958 dolores?

295 991 474 1036 Nonne
501 996 606 1036 erat
630 989 678 1034 in
705 1004 847 1034 curas
872 1003 970 1034 una
994 987 1160 1050 puella
1185 988 1338 1034 satis?

228 1066 360 1120 Quid
385 1067 501 1113 folia
526 1065 800 1120 arboribus,
829 1064 949 1126 quid
975 1065 1121 1127 pleno
1148 1065 1310 1111 sidera
1335 1065 1476 1119 coelo,

296 1144 353 1190 In
380 1144 504 1190 freta
528 1143 765 1190 collectas
792 1142 891 1189 alta
915 1141 1035 1204 quid
1062 1142 1202 1188 addis
1229 1142 1420 1204 aquas?

233 1222 333 1268 Sed
350 1228 516 1267 tamen
532 1220 625 1266 hoc
646 1219 839 1274 melius,
853 1234 1003 1280 quani
1020 1218 1060 1264 si
1077 1218 1182 1265 sine
1202 1234 1367 1265 amore
1379 1220 1617 1281 jacerem.

295 1297 538 1344 Hostibus
564 1296 758 1343 eveniat
782 1296 882 1342 vita
908 1311 1079 1342 severa
1103 1295 1243 1342 meis.
1563 1298 1618 1341 16

229 1374 472 1421 Hostibus
499 1374 693 1421 eveniat
716 1373 864 1419 viduo
890 1373 1102 1419 dormire
1127 1372 1296 1427 cubili,

297 1451 362 1498 Et
387 1452 551 1498 medio
576 1452 689 1498 laxe
714 1466 901 1513 ponere
926 1450 1150 1496 membra
1173 1457 1296 1495 toro.

230 1528 298 1574 At
321 1528 441 1574 mihi
467 1544 626 1574 saevus
653 1543 788 1574 amor
814 1542 1012 1573 somnos
1039 1527 1303 1588 abrumpat
1327 1526 1537 1572 inertes:

300 1605 506 1666 Simque
531 1605 628 1651 mei
654 1604 770 1651 lecti
796 1620 894 1650 non
920 1619 1012 1665 ego
1039 1603 1172 1649 solus
1198 1619 1339 1649 onus.
1556 1607 1620 1648 20

232 1680 319 1727 Me
344 1696 457 1726 mea
480 1681 751 1743 disperdat,
780 1679 913 1726 nullo
939 1679 1252 1742 prohibente,
1280 1680 1461 1741 puella,

300 1757 353 1803 Si
380 1748 508 1804 satisv
526 1774 624 1804 una
648 1764 841 1820 potest:
883 1757 923 1802 si
949 1757 1111 1802 minus
1137 1772 1251 1811 una,
1278 1757 1406 1802 duae.

234 1835 492 1881 Sufficiant
517 1835 742 1897 graciles,
772 1835 859 1881 sed
885 1850 982 1880 non
1008 1834 1113 1879 sine
1138 1833 1339 1887 viribus,
1368 1840 1530 1880 artus:

299 1909 543 1965 Pondere,
571 1927 669 1957 non
694 1910 872 1963 nervis,
900 1925 1107 1972 corpora
1131 1916 1299 1956 nostra
1323 1918 1507 1956 carent.

235 1986 299 2033 Et
323 1987 461 2034 lateri
489 1988 629 2034 dabit
653 1989 701 2033 in
726 1988 852 2034 vires
880 1988 1115 2034 alimenta
1137 1986 1380 2049 voluptas.
1560 1990 1622 2033 25

301 2063 529 2126 Decepta
552 2071 628 2111 est
653 2066 804 2127 oper-<i
833 2065 967 2111 nulla
991 2064 1156 2127 puella
1180 2065 1310 2111 mea.

238 2139 385 2202 Saepe
411 2156 520 2202 ego,
548 2142 742 2188 lascivae
769 2149 1030 2188 consumto
1055 2147 1276 2203 tempore
1303 2140 1477 2195 noctis,

302 2215 468 2271 Utilis,
496 2224 544 2263 et
569 2217 679 2264 forti
706 2234 910 2281 corpore
936 2233 1079 2264 mane
1105 2217 1189 2263 fui.

277 2369 306 2398 7.
332 2368 494 2398 Pulchrior
519 2370 577 2400 herc
603 2371 655 2400 illa
677 2371 749 2410 σωκ]
777 2371 823 2400 Ex
844 2382 896 2401 ve·
965 2371 1018 2407 tio,
1032 2381 1092 2401 non
1109 2373 1177 2401 lale.
1224 2370 1438 2402 NAUGERIUS.
1484 2371 1522 2401 In
1545 2372 1624 2403 anti-

233 2422 314 2448 tusto
345 2417 452 2448 codice
490 2417 670 2459 legendum,
700 2420 766 2455 hac,
797 2425 831 2450 ut
857 2420 895 2449 sit
965 2420 1122 2462 quioribus
1166 2420 1291 2461 legitur,
1332 2420 1412 2450 latre.-
1458 2425 1624 2462 utrumque

233 2465 401 2501 ablativus,
418 2472 449 2496 et
471 2467 526 2496 illa
542 2477 675 2508 sequens
688 2468 784 2498 dictio
800 2468 896 2498 nomi·
963 2470 1054 2499 bene.
1099 2469 1158 2499 Ille
1173 2474 1287 2504 autem,
1300 2468 1354 2509 qui
1369 2469 1452 2499 solus
1466 2469 1531 2499 sine
1541 2469 1626 2500 socia

232 2515 367 2545 nativus.
410 2516 559 2546 MAnws.
604 2516 896 2558 Praecesseratjam,
963 2517 1070 2559 puella
1105 2517 1227 2554 dormit,
1265 2517 1388 2553 dicitur,
1419 2519 1483 2548 laxe
1517 2529 1627 2556 ponere

231 2564 501 2606 *etri-aquesormosa
520 2572 570 2595 est.
596 2564 649 2595 sed
673 2572 756 2596 recte
772 2566 895 2596 differre
962 2568 1089 2596 membru
1106 2568 1198 2596 medio
1213 2573 1287 2596 toro.
1334 2567 1484 2597 MAmus.

232 2612 298 2643 haec
314 2612 376 2643 duo
391 2612 471 2643 inter
495 2624 528 2643 se
544 2613 650 2644 docuit
665 2614 829 2644 Manutius
853 2615 891 2645 atl
1003 2616 1058 2645 26.
1085 2615 1245 2656 Decepta]
1271 2616 1321 2646 Ita
1338 2615 1428 2646 Circe
1444 2615 1500 2646 illa
1515 2616 1623 2646 Petro-

233 2660 375 2691 Ciceron.
387 2661 430 2691 ix.
449 2662 487 2692 ad
501 2663 610 2694 Famil.
631 2663 680 2692 14.
730 2664 847 2693 Brun.
960 2663 1001 2693 nii
1018 2674 1088 2705 cap.
1106 2664 1211 2694 cxxix.
1263 2664 1410 2698 theren’r
1426 2666 1559 2704 decepta.

277 2711 324 2740 18.
354 2710 425 2741 Late
446 2712 583 2751 ponera]
616 2712 693 2741 Lme
717 2718 804 2742 vetus
829 2713 891 2742 100.
1003 2714 1057 2742 28.
1102 2713 1197 2743 Fortis
1227 2714 1377 2753 corpora]
1418 2713 1557 2753 Legitur.
1593 2719 1621 2743 et
