1849 3198
620 236 964 280 HEROIDES.
997 236 1088 278 ΕΡ.
1122 237 1187 279 Χ.

1528 240 1611 282 127

233 352 429 401 Interea
451 360 553 401 toto
577 352 807 400 clamanti
828 352 988 407 litore,
1015 351 1230 408 TheseU,

300 431 598 479 Reddebant
620 446 797 478 nomen
823 445 1039 477 concava
1063 445 1187 476 saxa
1209 436 1378 478 tuum:

233 507 299 554 Et
323 508 514 571 quoties
539 523 630 570 ego
654 514 720 562 te,
746 506 892 553 toties
917 506 1055 553 locus
1080 505 1187 569 ipse
1211 508 1445 565 vocabat3

300 584 416 648 Ipse
440 586 577 631 locus
602 584 792 631 miserae
817 583 941 631 ferre
965 584 1161 631 volebat
1184 600 1344 647 opem.

232 660 380 708 Mons
404 661 521 718 fuit3
563 662 802 725 adparent
824 659 1024 707 frutices
1051 660 1099 707 in
1123 661 1306 708 vertice
1331 661 1452 719 rari;
1547 666 1611 710 25

299 737 429 785 Hinc
457 739 689 802 scopulus
715 738 875 784 raucis
901 737 1087 801 pendet
1110 738 1288 785 adesus
1316 739 1476 802 aquis.

230 814 512 872 Adscendo,
540 816 687 879 (vires
713 816 904 862 animus
930 814 1102 876 dabat)
1128 822 1278 878 atque
1302 815 1371 862 ita
1394 816 1492 864 late

295 893 513 956 AEquora
535 901 799 957 prospectu
824 893 999 940 metior
1022 894 1122 940 alta
1144 909 1271 940 meo.

231 969 355 1017 Inde
379 987 471 1033 ego
492 971 628 1033 (nam
645 970 805 1018 ventis
831 986 1032 1033 quoque
1057 986 1167 1017 sum
1192 970 1473 1019 crudelibus
1498 969 1609 1031 usa)

295 1048 408 1095 Vidi
434 1048 674 1112 praecipiti
700 1049 906 1095 carbasa
929 1054 1068 1095 tenta
1090 1054 1223 1095 noto.

1545 1050 1610 1095 30

229 1124 331 1172 Aut
353 1125 478 1173 vidi:
518 1132 603 1173 aut
627 1125 792 1181 etiam,
820 1141 933 1172 cum
958 1141 1038 1172 me
1061 1125 1242 1172 vidisse
1267 1132 1508 1189 putarem,

297 1202 537 1264 Frigidior
561 1203 717 1265 glacie
745 1202 1129 1266 semanimisque
1152 1202 1238 1250 fui.

231 1279 278 1326 N
283 1297 338 1328 ec
363 1281 596 1343 languere
620 1281 703 1327 diu
729 1281 913 1344 patitur
937 1281 1090 1327 dolor.
1129 1280 1318 1328 excitor
1341 1280 1440 1336 illo,

298 1357 528 1415 Excitor;
569 1365 619 1405 et
643 1358 834 1404 summa
859 1357 1054 1406 Thesea
1077 1374 1196 1405 voce
1219 1374 1357 1405 voco.
1544 1359 1606 1404 34

232 1435 341 1490 Quo
363 1434 523 1497 fugis?
549 1436 772 1482 exclamo
792 1452 800 1482 :
838 1435 1092 1491 scelerate,
1113 1442 1370 1491 revertere,
1391 1434 1606 1481 Theseu,

296 1512 464 1559 Flecte
489 1519 672 1570 ratem3
712 1529 970 1559 numerum
995 1529 1091 1559 non
1116 1513 1266 1559 habet
1291 1512 1373 1559 illa
1397 1527 1556 1558 suum.

230 1587 351 1635 Haec
378 1606 485 1651 egO.
526 1590 660 1653 quod
684 1590 791 1637 voci
815 1590 1000 1645 deerat,
1027 1590 1261 1653 plangore
1286 1589 1555 1652 replebam.

293 1665 514 1713 Verbera
537 1683 649 1713 cum
673 1666 833 1714 verbis
859 1666 1017 1713 mixta
1040 1666 1175 1714 fuere
1200 1667 1338 1713 meis.

231 1741 283 1788 Si
308 1759 405 1789 non
430 1744 641 1799 audires,
669 1750 724 1790 ut
748 1743 923 1790 saltem
948 1759 1148 1791 cernere
1173 1760 1363 1807 posses,

292 1819 321 1866 J
327 1827 500 1867 actatae
525 1821 623 1868 late
649 1821 790 1883 signa
813 1821 994 1867 dedere
1011 1825 1222 1877 manus„

1543 1822 1608 1866 40

231 1897 557 1961 Candidaque
582 1899 791 1961 imposui
816 1898 974 1960 longae
999 1898 1243 1946 velamina
1264 1898 1428 1960 virgae,

298 1975 500 2022 Scilicet
524 1975 701 2022 oblitos
727 1974 1035 2022 admonitura
1058 1975 1171 2022 mei.

269 2092 322 2122 25.
356 2092 442 2121 ssIous
453 2091 555 2132 fuit]
589 2092 696 2132 Dryon
718 2091 883 2132 significat,

225 2140 257 2170 in
284 2151 376 2181 quem
402 2140 506 2171 delata
535 2151 553 2170 a
582 2140 707 2171 Baccho
735 2140 884 2171 Ariadne.

226 2189 276 2220 Sic
300 2195 331 2220 et
352 2190 435 2231 apud
451 2189 568 2220 Catull.
586 2190 691 2220 Carm.
713 2189 790 2220 lxiv.
811 2190 882 2220 126.

227 2239 343 2270 Ama.

268 2289 320 2319 26.
357 2288 449 2319 Nunc
474 2289 639 2329 scopulus]
675 2289 741 2318 Nos
764 2288 882 2330 recepi-

226 2347 295 2367 mus
310 2338 378 2367 hinc
392 2339 543 2378 scopulus:
563 2348 623 2368 non
647 2336 729 2368 enim
745 2337 882 2368 Ariadne

226 2392 377 2416 mutatam
393 2387 431 2416 ab
447 2397 483 2416 eo
499 2392 633 2427 tempore
650 2385 761 2416 montis
777 2385 880 2416 condi-

226 2434 341 2465 tionem
371 2434 437 2465 vult
462 2435 600 2471 innuere,
628 2434 682 2465 sed
711 2444 749 2465 ex
778 2439 882 2465 monte

226 2489 355 2526 partem,
383 2483 478 2514 instar
505 2484 635 2525 scopuli,
657 2483 822 2514 eminuisse
851 2484 882 2514 in

226 2543 322 2563 mare.
352 2537 385 2563 ut
416 2545 446 2563 v.
482 2534 565 2563 Fast.
599 2534 670 2564 150.
702 2533 780 2563 Pars
809 2534 882 2563 bona

225 2584 330 2612 nwntis
357 2593 466 2613 saxum
491 2582 614 2613 dicitur.
670 2582 783 2612 Pendet
812 2593 883 2613 vero

225 2631 394 2672 eleganter,
415 2631 489 2673 quia
508 2631 643 2662 inferiori
664 2639 750 2673 parte
772 2631 883 2662 adesus

226 2680 326 2721 aquis,
350 2691 441 2723 super
463 2692 567 2723 aequor
592 2680 728 2722 pendere
753 2680 881 2711 videba-

227 2734 287 2759 tur.
312 2729 358 2759 hic
373 2730 523 2770 probabat
537 2730 660 2760 Douza.
691 2730 807 2760 BunM.

271 2779 325 2810 34.
351 2778 390 2809 Et
419 2779 531 2810 summa
559 2779 666 2810 Thesea
691 2790 756 2810 voce
784 2778 880 2820 voc0.]

951 2090 1023 2121 Alio
1039 2091 1128 2121 modo
1141 2091 1253 2122 dicitur
1267 2092 1350 2122 clara
1362 2102 1439 2127 voce,
1451 2095 1483 2121 et
1498 2102 1608 2133 magna

954 2152 1030 2171 voce.
1077 2141 1171 2171 Cmr.

994 2191 1047 2220 36.
1074 2190 1270 2231 Nmnerum]
1296 2190 1424 2221 Locutio
1447 2189 1514 2220 haec
1538 2189 1608 2231 qui-

951 2238 1022 2269 dem
1045 2238 1075 2269 in
1098 2239 1161 2270 alia
1181 2250 1212 2270 re
1234 2239 1347 2282 saepius
1361 2239 1503 2275 occurrit,
1519 2244 1553 2270 ut
1575 2239 1608 2271 ii.

952 2287 1045 2319 Pont.
1062 2287 1125 2319 viii.
1142 2289 1175 2319 3.

998 2337 1095 2378 thue
1109 2349 1193 2368 suum
1216 2349 1324 2368 munus
1344 2348 1510 2373 numerum,
1525 2349 1608 2378 quem

1029 2389 1122 2423 debet,
1137 2388 1265 2417 haberet.

948 2435 1009 2465 Sed
1034 2435 1084 2466 hic
1108 2435 1241 2466 maxime
1259 2433 1379 2477 proprie
1402 2433 1503 2476 posita
1522 2433 1607 2465 vide-

948 2489 1009 2514 tur.
1034 2495 1105 2515 narn
1128 2484 1172 2514 sic
1196 2490 1227 2514 et
1246 2483 1347 2514 Cicer.
1362 2495 1394 2513 v.
1412 2481 1533 2513 Verrin.
1551 2484 1606 2515 51.

952 2533 1032 2563 Tuus
1047 2536 1136 2569 testis,
1153 2540 1221 2564 tuus
1244 2535 1412 2572 imperator,
1429 2538 1498 2562 tuus
1513 2532 1611 2571 hospes

951 2582 1125 2619 Cleomenes,
1147 2584 1198 2613 hoc
1217 2584 1290 2612 dicit
1314 2594 1341 2612 se
1360 2584 1393 2612 in
1419 2588 1529 2611 terram
1551 2592 1608 2612 esse

948 2642 1104 2672 egressum,
1120 2633 1166 2661 uti
1184 2631 1327 2671 Pachyno
1340 2641 1355 2660 e
1376 2632 1508 2660 terrestri
1527 2641 1604 2669 pm*-

947 2681 1022 2710 sidio
1044 2681 1150 2710 milites
1169 2681 1331 2721 colligeret,
1347 2690 1414 2720 quos
1437 2680 1468 2708 ἰη
1484 2680 1607 2708 navibus

948 2730 1115 2765 collocaret,
1143 2730 1219 2769 quod
1242 2734 1321 2759 certe
1348 2740 1407 2758 non
1426 2729 1560 2769 fecisset,
1584 2730 1608 2757 si

949 2789 1035 2809 suum
1050 2789 1208 2809 numerum
1217 2789 1304 2809 naves
1313 2779 1465 2809 haberent.
1490 2777 1606 2807 Bunm.
