1849 3198
854 230 1008 270 VITA.
1576 232 1615 268 xi

315 343 454 381 Cetera
471 341 557 393 quis
576 341 697 380 nescit
713 343 727 378 ?
758 340 848 378 lassi
867 340 1124 391 requievimus
1143 339 1266 376 ambo.

370 405 603 443 Proveniant
623 403 739 442 medii
760 403 813 441 sic
831 402 927 439 mihi
946 415 1046 452 saepe
1065 401 1147 439 dies
1164 402 1172 437 ἔ

211 546 375 596 Quare,
404 547 438 587 si
465 560 517 588 ea
542 545 609 587 vel
638 544 740 595 filia,
769 543 837 586 vel
864 543 1020 598 neptis,
1046 542 1113 584 vel
1140 541 1293 584 ancilla
1321 542 1518 592 Caesaris,
1549 543 1616 584 vel

210 629 478 669 quaecunque
502 613 585 654 alia
614 614 742 654 fuerit
770 614 828 653 sic
858 611 917 652 illi
942 626 1055 661 cara,
1078 619 1127 652 ut
1156 617 1388 665 propterea
1414 611 1618 652 Ovidium

211 681 491 737 relegaverit3
525 696 610 722 non
638 695 772 730 error,
796 680 873 721 sed
902 679 1039 720 scelus
1067 679 1243 729 fuisset3
1276 694 1362 720 non
1382 679 1538 720 inscius
1559 680 1618 719 vi-

212 749 344 791 disset
365 749 539 798 crimen,
563 748 640 789 sed
657 749 793 790 sciens
816 747 999 789 fecisset.
1062 746 1210 797 Adde,
1232 747 1350 801 quod
1371 747 1415 787 in
1435 762 1532 788 eum
1553 762 1618 788 er-

211 831 352 858 rorem
383 817 532 858 incidit
557 817 648 871 jam
677 830 831 857 senex:
866 814 1097 856 Corinnam
1125 829 1226 855 vero
1249 815 1418 869 juvenis
1447 815 1615 855 amavit.

214 884 285 926 Sic
306 884 418 926 enim
439 884 494 925 de
516 898 561 925 se
583 884 676 938 ipso
697 884 751 924 iv.
777 882 910 924 Trist.
937 881 1063 937 Eleg.
1089 897 1141 922 x:

319 1029 498 1067 Carmina
516 1042 605 1066 cum
623 1027 764 1079 populo
782 1027 950 1078 primum
965 1027 1155 1078 juvenilia
1174 1028 1261 1072 feci,

374 1092 501 1130 Barba
519 1098 665 1129 resecta
682 1090 778 1128 mihi
796 1090 916 1134 bisve,
937 1089 1103 1128 semelve
1122 1091 1212 1127 fuit.

320 1155 498 1192 Moverat
518 1154 718 1204 ingenium
737 1159 858 1190 totam
879 1159 1033 1190 cantata
1051 1166 1119 1203 per
1138 1153 1273 1190 urbem

372 1217 541 1255 Nomine
560 1229 636 1253 non
655 1229 744 1253 vero
763 1215 867 1253 dicta
887 1214 1054 1252 Corinna
1073 1215 1180 1251 mihi.

215 1358 314 1400 Nec
354 1366 459 1413 puto
495 1357 565 1400 hic
601 1372 709 1409 eam,
748 1358 870 1412 quasi
901 1358 1110 1412 gaudens,
1148 1357 1421 1407 nominasset,
1459 1358 1493 1398 si
1529 1359 1621 1411 ejus

215 1426 395 1467 miseriae
433 1433 477 1466 et
514 1424 651 1466 exsilii
681 1439 810 1466 causa
842 1424 1005 1466 fuisset.
1079 1424 1357 1465 Credendum
1387 1432 1503 1466 certe
1540 1433 1620 1476 est,

216 1493 376 1548 aliquid
412 1494 467 1534 ab
499 1493 657 1534 Ovidio
689 1507 768 1547 per
809 1507 997 1533 errorem
1032 1493 1180 1543 visum,
1218 1494 1537 1548 cognitumque,
1574 1502 1623 1534 ut

215 1568 449 1616 propterea
476 1561 531 1601 ab
559 1560 724 1602 offenso
753 1559 954 1615 Augusto
991 1561 1071 1601 sub
1100 1559 1221 1601 Artis
1249 1562 1465 1602 amatoriae
1495 1561 1623 1616 culpa

216 1628 379 1670 Tomos
409 1627 624 1682 relegatus
653 1628 731 1668 sit:
766 1627 843 1668 sed
868 1627 1071 1680 quidnam
1101 1626 1206 1668 illud
1234 1628 1376 1678 fuerit,
1400 1643 1496 1670 cum
1526 1630 1623 1670 sciri

216 1696 308 1750 ipse
336 1695 535 1745 noluerit,
558 1695 849 1749 nequidquam
877 1696 1135 1749 quaerimus3
1167 1697 1405 1751 praesertim
1436 1711 1545 1746 cum,
1570 1712 1622 1738 ne

217 1770 450 1817 quaeratur,
468 1763 527 1804 sic
548 1763 640 1818 ipse
657 1763 811 1818 jubeat
829 1779 837 1803 ε

323 1898 478 1949 Ecquid
496 1904 680 1949 praeterea
698 1897 899 1948 peccarim,
919 1911 1088 1948 quaerere
1107 1897 1201 1942 noli,

376 1960 433 1998 Ut
451 1966 583 2011 pateat
601 1960 680 1998 sola
699 1959 812 2010 culpa
831 1961 902 1998 sub
922 1968 1003 1998 arte
1023 1974 1118 1998 mea.

277 2099 494 2141 Exsulans
525 2107 668 2142 autem
698 2101 740 2141 in
775 2100 879 2142 locis
915 2103 1174 2157 asperrimis,
1207 2111 1251 2145 et
1287 2104 1625 2158 perinhumanis,

220 2183 335 2223 saepe
370 2176 418 2210 ut
458 2168 606 2210 saltem
646 2170 690 2210 in
729 2170 940 2211 mitiorem
975 2170 1116 2212 locum
1156 2170 1438 2226 relegaretur,
1476 2174 1624 2227 petiit:

220 2251 480 2290 quamquam
514 2236 582 2278 vel
616 2237 782 2278 veniam
816 2239 1143 2292 impetraturum
1184 2253 1228 2280 se
1269 2240 1324 2279 ab
1362 2239 1626 2294 Imperatore

220 2305 435 2358 sperabat.
499 2304 796 2360 Quapropter,
819 2320 871 2346 eo
892 2313 1076 2356 mortuo,
1100 2307 1154 2348 de
1178 2306 1319 2348 Ponto
1341 2308 1393 2348 iv.
1420 2307 1546 2363 Eleg.
1571 2309 1624 2349 vi.

221 2371 280 2413 sic
302 2370 442 2413 dolet:

325 2533 505 2582 Coeperat
525 2531 729 2583 Augustus
749 2533 919 2584 deceptae
938 2534 1132 2584 ignoscere
1152 2535 1295 2586 culpae:

380 2594 497 2645 Spem
517 2602 683 2633 nostram
702 2603 823 2635 terras
844 2596 1089 2648 deseruitque
1108 2599 1235 2635 simul.

327 2656 452 2702 Quale
471 2664 600 2696 tamen
620 2658 728 2708 potui
750 2658 796 2697 de
816 2660 958 2703 coelite,
982 2661 1117 2704 Brute,
1138 2662 1284 2698 recenti

379 2720 520 2758 Vestra
540 2722 671 2771 procul
691 2723 835 2772 positus
856 2737 1008 2761 carmen
1029 2724 1068 2760 in
1089 2738 1151 2761 ora
1171 2723 1271 2761 dedi.
