1849 3198
676 253 1018 296 HEROIDES.
1052 253 1144 294 ΕΡ.
1167 253 1232 294 Χ.

1561 254 1645 295 133

264 368 380 418 Non
404 376 631 434 poterant
653 369 737 433 figi
762 368 1034 433 praecordia
1056 368 1213 417 ferrea
1236 383 1414 417 cornu:

333 448 404 495 Ut
425 456 474 496 te
499 465 595 495 non
618 455 828 510 tegeres,
855 453 1057 510 pectore
1080 453 1215 493 tutus
1241 462 1366 493 eras.

264 524 372 572 Illic
396 532 449 572 tu
474 526 653 581 silices,
680 524 779 571 illic
806 524 1068 571 adamanta
1091 522 1274 570 tulisti:

330 601 452 658 Illic,
480 603 565 666 qui
590 602 770 657 silices,
797 601 1007 656 Thesea,
1033 600 1211 656 vincat,
1238 600 1409 648 habes.

1549 604 1640 648 llO

262 678 503 727 Crudeles
529 680 702 735 somni,
731 679 851 742 quid
875 695 953 725 me
979 677 1205 725 tenuistis
1231 677 1472 726 inertem?

326 755 394 803 At
417 757 570 804 semel
594 764 778 804 aeterna
800 764 945 804 nocte
970 756 1241 820 premenda
1257 755 1342 802 fui.

259 831 360 879 Vos
386 849 601 896 quoque,
628 834 852 880 crudeles
877 833 1025 888 venti,
1053 833 1359 895 nimiumque
1383 833 1568 896 parati;

325 910 647 974 Flaminaque
672 911 721 958 in
745 910 972 958 lacrimas
998 910 1215 957 officiosa
1238 925 1391 956 meas.

259 987 482 1035 Dextera
498 989 726 1044 crudelis,
744 1005 856 1052 quae
872 1005 951 1035 me
965 987 1267 1051 fratremque
1282 987 1476 1035 necavit
1492 1004 1501 1034 :
1545 990 1564 1033 1
1580 990 1635 1033 15

325 1064 391 1112 Et
413 1066 529 1113 data
552 1066 794 1130 poscenti,
821 1083 1001 1114 nomen
1026 1066 1185 1122 inane,
1213 1065 1354 1113 fides.

258 1140 316 1188 In
341 1158 419 1189 me
438 1143 664 1205 jurarunt
694 1160 911 1199 somnus,
938 1150 1231 1206 ventusque,
1258 1142 1500 1205 fidesque.

325 1217 527 1267 Prodita
551 1236 660 1266 sum
684 1220 874 1267 caussis
898 1236 998 1268 una
1020 1220 1186 1284 puella
1207 1219 1381 1266 tribus.

258 1295 390 1358 Ergo
417 1313 507 1360 ego
532 1314 624 1345 nec
648 1298 873 1345 lacrimas
898 1298 1067 1346 matris
1092 1297 1328 1344 moritura
1350 1295 1556 1342 videbo:

323 1372 448 1430 Nec,
475 1390 586 1422 mea
610 1375 695 1438 qui
720 1375 903 1437 digitus
926 1375 1114 1422 lumina
1137 1374 1333 1430 condat,
1361 1372 1484 1421 erit?
1543 1374 1633 1418 120

256 1450 471 1514 Spiritus
496 1451 666 1499 infelix
691 1452 976 1516 peregrinas
1002 1453 1092 1500 ibit
1116 1452 1166 1499 in
1191 1468 1350 1507 auras,

322 1527 430 1574 Nec
454 1528 642 1592 positos
667 1536 800 1576 artus
826 1536 1014 1592 unguet
1037 1530 1197 1577 amica
1219 1528 1427 1576 manus?

254 1604 387 1652 Ossa
406 1606 757 1669 superstabunt
779 1606 1001 1654 volucres
1026 1606 1282 1654 inhumata
1304 1603 1534 1652 marinae'?

319 1681 443 1729 Haec
468 1689 583 1730 sunt
606 1684 778 1730 officiis
803 1683 953 1746 digna
976 1684 1203 1747 sepulcra
1226 1682 1383 1730 meis?

252 1759 356 1806 Ibis
383 1759 652 1824 Cecropios
676 1767 864 1824 portus,
891 1762 1150 1825 patriaque
1174 1767 1403 1824 receptus

1540 1759 1629 1804 125

319 1835 449 1883 Cum
474 1838 668 1885 steteris
692 1838 826 1884 urbis
851 1839 1013 1885 celsus
1038 1839 1087 1885 in
1113 1854 1225 1885 arce
1249 1844 1362 1892 tuae,

248 1965 448 2007 Quamquam
463 1963 505 1995 ibi
518 1964 657 2006 paullum
673 1964 733 1995 alio
748 1976 839 1996 sensu
853 1976 905 1997 ca-

248 2015 362 2055 piatur.
392 2013 447 2043 sed
473 2013 733 2045 accommodatius
757 2015 905 2046 Horatius

247 2063 304 2093 lib.
330 2063 372 2093 iv.
402 2062 465 2093 Od.
491 2062 555 2093 xiv.
582 2073 619 2093 ex
645 2063 905 2095 emendatioribus

247 2112 449 2143 membranis:

293 2162 335 2192 Ut
349 2163 540 2192 barbarorum
555 2161 702 2193 Claudius
715 2165 836 2204 agmina

291 2211 418 2241 Ferrata
434 2217 512 2241 vasto
523 2212 619 2241 diruit
633 2213 753 2250 impetu,

331 2261 500 2301 Primosque
514 2266 541 2290 et
556 2267 695 2291 eitremos
707 2262 838 2291 metendo

372 2309 440 2339 Stra
447 2311 485 2339 vit
495 2310 627 2346 humum,
635 2311 789 2340 sineclude
799 2311 901 2339 victor.

738 2358 856 2388 Buxm.

291 2408 363 2437 107.
402 2407 533 2447 Corum]
571 2407 834 2438 Commentatores
861 2407 899 2437 de

244 2466 337 2487 cornu
362 2456 425 2486 sive
448 2456 590 2487 cornibus
610 2456 781 2487 Minotauri
805 2467 897 2498 expo—

243 2511 338 2544 nunt3
375 2505 429 2535 sed
457 2505 550 2546 quid?
586 2505 611 2535 si
647 2505 831 2546 generaliter
859 2506 898 2536 de

243 2554 383 2596 quolibet
406 2554 467 2584 telo
489 2561 542 2584 aut
566 2554 654 2585 hasta
675 2554 842 2595 intelligas,
862 2565 899 2585 ea

240 2603 475 2644 significatione,
498 2613 561 2643 qua
585 2613 603 2633 a
627 2602 757 2643 Virgilio
780 2603 897 2633 dictum

241 2658 301 2683 est.
317 2652 445 2682 AEneid.
462 2651 515 2682 lib.
531 2651 575 2682 ix.
591 2663 670 2682 veis.
687 2652 761 2682 698.
811 2652 896 2682 Volat

243 2700 326 2730 Itala
350 2711 466 2731 cornus.
499 2702 688 2731 Μιςηιυε.
718 2700 772 2732 sed
798 2706 829 2731 et
857 2700 895 2731 de

243 2748 410 2780 Minotauri
425 2761 518 2782 cornu
534 2750 683 2792 accipitur
698 2755 791 2781 recte.
815 2751 894 2781 stat.

244 2798 296 2828 xii.
311 2798 410 2829 Theb.
427 2799 499 2829 670.

1016 1968 1212 2006 Alternasque
1229 1977 1332 1996 manus
1346 1966 1459 1996 circum
1473 1969 1501 1992 et
1524 1964 1629 1992 nodosa

1055 2017 1199 2056 ligantem

1016 2063 1157 2100 Brachia,
1173 2070 1201 2094 et
1223 2064 1347 2094 abducto
1363 2064 1503 2092 vitantem
1516 2070 1631 2090 cornua

1055 2114 1155 2143 vultu.

972 2161 1074 2192 Cornu
1093 2172 1147 2204 pro
1162 2171 1236 2191 arcu
1258 2159 1424 2191 habuimus
1438 2159 1497 2201 Ep.
1512 2156 1556 2188 iv.
1572 2158 1627 2188 39.

969 2211 1086 2242 BunM.

1015 2261 1087 2291 108.
1116 2259 1157 2290 Ut
1174 2267 1200 2290 te
1222 2271 1281 2290 non
1296 2257 1437 2301 tegeres]
1468 2257 1508 2288 Ut
1524 2263 1552 2287 te
1567 2269 1626 2287 nan

969 2316 1088 2351 tegeres,
1101 2316 1308 2349 pectoretutzts
1320 2319 1397 2339 eras.
1420 2306 1579 2337 Munierat
1595 2313 1625 2338 te

967 2359 1041 2389 satis
1050 2359 1195 2389 adversus
1201 2358 1413 2388 Minotaurum
1422 2355 1509 2387 ferrei
1518 2361 1623 2397 pecto-

967 2407 1007 2438 ris
1022 2407 1161 2442 durities,
1180 2406 1321 2447 quamvis
1344 2405 1420 2436 nihil
1443 2404 1568 2436 aliunde
1592 2405 1623 2435 in

967 2467 1071 2498 pugna
1085 2463 1271 2498 protegeret.
1315 2455 1433 2485 Amin.

1011 2507 1081 2536 112.
1119 2506 1314 2545 Premericlm]
1365 2505 1503 2535 Tenenda
1542 2515 1622 2535 unus

965 2554 1092 2585 Moreti.
1116 2560 1150 2585 ut
1165 2554 1204 2585 sit
1219 2555 1372 2596 repetitio.
1395 2552 1450 2584 sed
1466 2554 1621 2585 efficacius

963 2606 1137 2643 premenda.-
1169 2604 1243 2645 quia
1267 2611 1377 2634 aterna
1402 2610 1494 2639 nocte,
1520 2603 1551 2633 id
1575 2610 1620 2633 est

964 2659 1071 2688 morte,
1088 2653 1246 2694 praecedit.
1263 2653 1373 2683 I‘Iorat.
1390 2652 1412 2683 i.
1430 2652 1494 2682 Od.
1511 2652 1554 2683 iv.

1005 2700 1074 2731 Jam
1085 2707 1112 2732 te
1121 2709 1254 2741 prement
1266 2702 1496 2743 noxfalmlaeque
1508 2713 1617 2732 manes.

964 2749 1040 2780 Vid.
1056 2760 1138 2791 supr.
1154 2751 1214 2792 Ep.
1231 2750 1273 2781 vi.
1289 2751 1343 2781 96.
1367 2751 1483 2780 Bmm.

1011 2799 1081 2827 126.
1109 2800 1184 2829 Cum
1202 2801 1313 2830 steteris
1336 2800 1425 2829 turbae
1451 2799 1542 2828 celsa<
1569 2799 1616 2828 lw-

1025 2852 1051 2882 1(
1071 2854 1088 2881 :3
