1849 3198
612 230 955 274 HEROIDES.
990 230 1080 271 ΕΡ.
1115 230 1233 272 XII.

1536 233 1618 277 159

229 350 284 396 Si
308 349 398 397 tibi
423 364 534 395 sum
558 348 694 404 vilis;
735 362 1023 393 communes
1049 347 1240 410 respice
1265 355 1423 395 natos.

296 428 478 475 Saeviet
502 428 551 474 in
575 433 745 491 partus
771 425 878 472 dira
901 439 1113 471 noverca
1137 440 1292 472 meos.

228 505 295 553 Et
319 506 525 552 nimium
552 504 736 552 similes
762 503 852 549 tibi
879 509 1021 549 sunt:
1062 508 1112 548 et
1137 502 1351 564 imagine
1376 509 1578 566 tangor:

295 582 376 639 Et,
405 582 600 646 quoties
625 581 784 636 video,
812 579 1001 626 lumina
1025 586 1193 626 nostra
1217 580 1435 628 madent.

1526 585 1616 629 190

227 659 327 707 Per
352 675 558 723 superos
583 674 684 714 oro,
712 674 800 723 per
825 657 966 704 avitae
992 657 1178 704 lumina
1202 657 1431 714 flammae,

296 736 395 784 Per
419 736 666 792 meritum,
695 743 745 783 et
770 742 928 791 natos,
956 735 1163 798 pignora
1187 743 1369 791 nostra,
1396 737 1549 784 duos:

230 813 409 861 Redde
433 821 623 869 torum;
665 829 754 876 pro
781 829 880 875 quo
904 818 979 858 tot
1003 828 1080 859 res
1107 812 1280 859 insana
1303 813 1496 876 reliqui.

295 890 440 937 Adde
464 891 614 938 fidem
640 890 814 945 dictis;
857 890 1199 953 auxiliumque
1225 890 1367 938 refer.

231 967 346 1014 Non
372 984 464 1030 ego
490 975 540 1014 te
566 968 774 1031 imploro
800 973 973 1014 contra
996 974 1266 1030 taurosque
1290 968 1550 1032 virosque3

298 1044 470 1107 thue
496 1052 582 1091 tua
607 1061 810 1108 serpens
836 1045 971 1090 victa
997 1044 1195 1107 quiscat
1218 1062 1328 1108 ope.

1530 1050 1620 1094 196

230 1121 302 1168 Te
327 1129 460 1185 peto,
489 1138 638 1184 quem
664 1121 837 1176 merui,
866 1137 1015 1183 quem
1041 1121 1183 1169 nobis
1209 1122 1317 1185 ipse
1342 1123 1551 1181 dedisti3

300 1199 431 1246 Cum
457 1216 556 1262 quo
582 1216 691 1246 sum
717 1199 902 1263 pariter
926 1198 1057 1247 facta
1080 1206 1287 1262 parente
1312 1217 1507 1264 parens.

233 1276 338 1324 Dos
364 1278 449 1324 ubi
476 1278 553 1333 sit,
583 1278 792 1340 quaeris:
833 1293 1010 1340 campo
1030 1277 1396 1325 numeravimus
1421 1279 1520 1335 illo,

300 1354 398 1408 Qui
423 1355 530 1410 tibi,
558 1356 717 1402 laturo
741 1355 915 1410 vellus,
944 1355 1157 1402 arandus
1185 1362 1305 1403 erat.

1526 1361 1624 1405 200

232 1430 428 1478 Aureus
454 1432 536 1479 ille
562 1432 705 1488 aries,
731 1432 846 1478 villo
879 1432 1166 1495 spectabilis
1193 1449 1357 1489 aureo,

301 1508 406 1555 Dos
431 1525 569 1557 mea:
612 1509 791 1564 Quam,
819 1509 982 1555 dicam
1008 1509 1048 1555 si
1074 1509 1180 1564 tibi,
1209 1511 1389 1567 redde3
1430 1527 1600 1573 neges,

235 1585 341 1632 Dos
367 1602 494 1642 mea,
521 1593 576 1633 tu
602 1602 800 1649 sospes:
829 1585 919 1632 dos
947 1592 1024 1632 est
1048 1602 1174 1642 mea,
1199 1586 1353 1650 Graja
1370 1588 1606 1650 juventus

302 1662 325 1709 I
352 1679 500 1720 nunc,
531 1664 809 1728 Sisyphias,
838 1663 1078 1727 improbe,
1107 1663 1276 1711 confer
1303 1680 1441 1728 opes.

280 1807 351 1838 189.
384 1808 425 1838 Et
449 1808 604 1849 nimium]
637 1809 786 1840 Francius
814 1810 897 1840 vole·

234 1857 307 1888 bat:

282 1906 324 1937 Ut
340 1908 463 1937 nimium
479 1908 586 1937 similes
602 1910 655 1939 tibi
674 1914 756 1943 sunt,
776 1916 809 1938 ut
825 1910 899 1938 ima-

320 1957 392 1997 gine
405 1962 527 1998 tangor.

237 2004 276 2035 In
292 2006 422 2047 imagine
434 2011 542 2047 tangor
554 2006 741 2037 Lovaniens.
755 2006 808 2036 sed
821 2006 900 2036 illud

238 2060 265 2084 et
281 2053 441 2094 eleganter
454 2054 614 2096 repetitur.
631 2066 715 2096 supr.
730 2066 808 2085 vers.
824 2056 899 2086 355.

282 2103 482 2145 Etformosus
497 2115 573 2140 eras,
586 2111 667 2135 etme
679 2105 822 2146 meufuta
839 2111 900 2134 lra-

325 2153 444 2183 hebant.

285 2202 358 2232 191.
398 2202 562 2243 Luminu.]
610 2202 708 2233 Modo
744 2202 903 2243 praecessit

241 2252 367 2281 Iumina.
391 2262 486 2292 quare
512 2251 589 2282 forte
615 2262 634 2282 a
658 2252 786 2282 Nasone
808 2251 902 2293 scrip-

240 2305 306 2330 tum
332 2299 434 2336 fuerit,
459 2300 542 2341 quod
568 2300 601 2331 in
621 2300 762 2336 Venetis,
786 2300 905 2331 Aldina

240 2348 340 2390 priore
357 2354 389 2379 et
403 2349 587 2380 Bersmanni
606 2349 805 2385 editionibus,
827 2356 858 2380 et
874 2349 906 2379 in

241 2409 303 2429 uno
319 2398 420 2440 Regio
437 2404 495 2434 est,
514 2401 652 2429 numina.
676 2405 710 2429 ut
725 2409 808 2441 supr.
824 2410 905 2431 vers.

242 2447 294 2478 78.
327 2448 388 2479 Per
401 2460 496 2489 genus
511 2455 538 2479 et
554 2460 664 2479 rnumen
679 2455 787 2479 cuncta
807 2450 906 2479 viden-

242 2498 279 2526 tis
302 2498 362 2527 uvi.
400 2497 507 2527 Vajer.
533 2497 640 2528 Flacc.
669 2509 697 2528 v.
722 2498 798 2528 245.
848 2498 907 2527 Ρα-

242 2547 392 2586 triumque
403 2552 548 2584 precatur
564 2557 686 2576 numen.
722 2547 839 2576 Bcrm.

288 2596 361 2626 192.
388 2595 429 2625 Et
443 2602 526 2626 natos
547 2598 673 2637 pignora
689 2598 779 2626 redde
801 2595 903 2636 duos.]

244 2644 316 2674 Jam
332 2643 477 2675 admonui
494 2644 525 2674 in
540 2645 627 2675 libris
641 2645 789 2675 Tristium
802 2645 843 2675 ita
859 2645 905 2676 le-

245 2693 394 2733 gendum.
442 2693 622 2725 Croraxvs.
670 2695 803 2736 Pignora
838 2705 908 2725 cara

246 2741 309 2772 duo
345 2742 462 2784 scripti.
507 2743 569 2773 Sed
600 2743 756 2775 Ausonius
787 2744 909 2775 videtur

247 2790 387 2823 imitatus
401 2791 433 2822 in
450 2792 668 2825 Parentalibus
681 2805 687 2823 z

1011 1810 1141 1850 Liquisti
1158 1817 1251 1846 natos,
1267 1813 1394 1852 pignora
1413 1818 1525 1848 nostra,
1542 1814 1627 1844 duos.

967 1858 1005 1888 In
1021 1859 1091 1889 aliis
1114 1865 1189 1895 tuos,
1208 1859 1292 1901 quod
1312 1862 1359 1901 τῷ
1381 1867 1480 1891 nostra
1501 1863 1629 1903 pignora

967 1907 1090 1938 videtur
1119 1907 1250 1949 opponi:
1289 1914 1320 1939 et
1345 1909 1482 1950 profecto
1510 1910 1631 1943 Seneca

966 1956 999 1985 in
1028 1956 1146 1987 Medea
1175 1957 1250 1987 478.
1303 1957 1435 1988 Tum-um
1464 1969 1631 2000 agnoscere

968 2004 1110 2035 videtur:

1015 2054 1075 2083 Per
1089 2065 1150 2094 spes
1176 2061 1307 2085 tuorum·
1321 2056 1446 2086 Iiberrim
1467 2063 1494 2087 et
1517 2064 1630 2088 certum

1056 2105 1160 2134 larem.

971 2151 1040 2182 Nisi
1055 2155 1183 2183 duorum
1198 2152 1263 2183 illic
1277 2152 1460 2194 legendum.
1484 2154 1605 2186 Hsslxs.

1016 2202 1089 2232 194.
1116 2202 1219 2232 Fidem
1235 2202 1351 2243 dictis]
1379 2202 1482 2233 Paetis
1496 2204 1634 2235 malebat

972 2250 1047 2281 olim
1078 2251 1240 2282 Heinsius:
1266 2252 1327 2283 Sed
1355 2262 1529 2294 perperam.
1559 2254 1632 2285 Ter.

973 2300 1070 2331 Adel.
1088 2313 1119 2331 v.
1137 2302 1169 2332 3.
1210 2302 1332 2332 Dictum
1351 2304 1430 2332 inter·
1447 2315 1495 2333 nos
1504 2303 1587 2344 fuit.
1603 2311 1634 2335 et

974 2350 1017 2380 ita
1033 2352 1147 2381 Noster
1162 2362 1258 2392 saepe.
1280 2351 1345 2382 vid.
1366 2351 1408 2381 iv.
1426 2352 1560 2383 Metam.
1578 2355 1632 2385 95.

974 2400 1056 2430 male
1080 2400 1173 2430 etiam
1198 2401 1328 2442 Regius,
1345 2402 1522 2442 miliumque
1546 2404 1635 2445 refer.

975 2449 1086 2479 Senec.
1103 2449 1192 2479 Med.
1210 2451 1285 2480 482.
1304 2450 1407 2480 Redde
1419 2452 1636 2493 ,supplicijelix

976 2500 1078 2528 vicem.
1125 2499 1243 2530 Burin.

1017 2549 1094 2578 203.
1113 2548 1173 2578 Dos
1189 2560 1249 2579 meu
1263 2555 1296 2578 tu
1312 2548 1433 2589 sospem]
1461 2549 1581 2580 Caussa
1596 2551 1634 2581 ab

976 2596 1090 2627 effectu
1102 2608 1162 2628 non
1178 2604 1349 2639 separatur.
1375 2597 1557 2629 C1or2ixus.
1582 2599 1636 2629 Se-

976 2656 1046 2676 neC.
1058 2645 1147 2676 Med.
1163 2647 1238 2677 489.
1265 2646 1332 2676 Hac
1344 2648 1409 2676 dote
1426 2649 1531 2687 rzupsi;
1548 2649 1637 2677 redde

966 2694 1108 2736 fugienti
1123 2706 1190 2725 suu.
1239 2696 1298 2725 Dos
1322 2696 1393 2725 mihi
1415 2695 1464 2726 hic
1480 2696 1634 2726 Hafnien-

976 2744 1027 2780 sis,
1043 2750 1074 2775 et
1089 2744 1236 2786 superiori
1255 2755 1344 2776 versu
1360 2744 1571 2775 Balliolensis.

1020 2794 1094 2824 204.
1119 2792 1137 2823 Ι
1154 2805 1247 2830 nunc,
1272 2794 1432 2835 Sisyphias,
1449 2794 1526 2835 &c.]
1552 2795 1637 2825 Enu-
