1849 3198
549 211 759 243 BENTLEII
782 209 1149 241 EMENDATIONES.

139 299 203 329 *110
228 297 343 329 Nomen
357 298 388 328 in
405 296 498 328 exilio
514 297 663 337 quodlibet
676 305 744 326 esse
759 294 828 326 tuli.
847 293 917 335 [vii.
931 294 1019 334 168.]

143 352 204 382 118
506 351 766 389 femina,jamqne
780 358 906 380 nocens.

142 405 203 435 125
228 405 345 441 Quaeve
360 404 457 435 vomit

142 459 202 489 137
227 459 272 489 Ut
286 458 389 489 subito
405 463 524 489 nostras
542 457 723 498 Hymenaens
738 458 840 488 clarus
857 456 926 498 (vel
945 456 1058 496 Imus.)
1094 457 1222 487 Lucret.
1241 455 1261 485 i.
1277 456 1330 485 97.

144 512 205 542 139
463 512 599 553 genialia
615 509 754 541 carmina
773 510 931 551 [fortasse.
975 509 1037 540 Sed
1053 509 1126 540 vide
1143 509 1208 539 xxi.
1225 509 1313 548 155]

142 565 200 595 141
505 564 608 595 scelus
622 574 688 595 esse
702 566 825 604 patebat
851 564 936 605 [xxi.
956 563 1047 604 155]

144 619 204 649 149
461 630 533 650 casa
548 618 690 650 studione
705 618 832 650 videndi

143 673 200 704 151
226 672 287 703 Hic
303 672 390 710 mihi,
406 673 523 710 Mater,
538 674 611 711 adi;
635 673 703 715 (vel
717 673 803 714 ades)

143 727 202 758 152
228 727 347 764 Ducit,·
370 733 402 758 et
417 727 581 769 adjunctos

144 781 203 811 163
227 780 435 821 Serpentemne
449 780 543 822 igitur
558 781 618 821 [cf.
635 792 665 813 v.
685 780 775 821 190.]

144 835 203 865 199
225 835 291 865 Dos
307 834 371 871 ubi,
387 837 411 865 si
427 834 559 875 quaeris:

677 946 855 986 EPIST.
885 946 1007 984 XIII.

167 1048 207 1077 15
422 1049 606 1089 abreptaque
622 1048 692 1078 vela
708 1046 860 1084 tetendit;

162 1101 205 1131 43
229 1101 364 1141 Dyspari
379 1100 551 1137 Priamide,

160 1154 204 1184 50
227 1154 268 1184 Et
283 1164 340 1185 sua
355 1154 410 1184 det
423 1155 542 1185 reducis
560 1154 649 1194 [MS.
665 1153 769 1193 Dun.]
789 1152 835 1183 vir
851 1163 939 1184 meus
956 1162 1042 1183 arma
1057 1152 1140 1184 Jovi.
1159 1151 1228 1192 [Cf.
1246 1162 1274 1181 v.
1294 1151 1381 1190 144]

162 1207 204 1237 53
507 1206 698 1248 Simo'isque,
714 1211 745 1237 et
762 1206 916 1242 Xanthus,
933 1212 964 1236 et
980 1205 1050 1241 Ide,

163 1262 206 1291 55
464 1259 523 1290 nisi
539 1262 563 1291 si
577 1259 745 1291 defendere
760 1265 876 1301 posset,

163 1313 204 1344 57
463 1314 523 1344 lato
536 1312 717 1354 spectabilis
734 1323 822 1351 auro,
842 1313 904 1353 [ix.
924 1313 1013 1353 127]

165 1367 207 1397 60
465 1377 536 1408 pars
552 1374 768 1407 quatacumque
781 1366 828 1397 sui
840 1367 852 1395 2.

163 1422 201 1451 61
230 1421 297 1451 Illis
312 1426 342 1451 te
359 1420 485 1457 victam,
500 1430 625 1451 consors
641 1420 737 1451 Lede'i
754 1419 909 1460 gemellis,

163 1475 206 1505 65
461 1473 487 1504 si
503 1484 571 1504 sum
588 1473 642 1504 tibi
660 1484 747 1509 cura,
763 1478 883 1504 caveto.

165 1528 207 1558 69
232 1528 272 1558 Et
288 1529 397 1558 tacitus
412 1527 509 1562 dicas,

166 1583 205 1612 71
231 1582 262 1612 Si
280 1581 393 1613 cadere
409 1581 672 1623 A1·golicojatum
687 1586 734 1612 est

165 1636 206 1666 72
464 1634 578 1666 vulnus
593 1634 741 1672 habente,
758 1636 854 1666 cadet.

166 1690 208 1720 74
236 1689 273 1719 Ec
289 1689 390 1731 rapiat
407 1688 524 1724 Paridi,
538 1691 615 1729 quod
630 1688 720 1720 Paris
734 1695 806 1720 ante
822 1689 893 1720 sibi.
934 1689 1020 1729 [MS.
1038 1688 1139 1728 Dum]

167 1743 209 1774 76
234 1744 347 1783 Dispar
362 1754 463 1773 caussa
480 1749 533 1772 tua
548 1749 589 1773 est
608 1742 696 1783 [MS.
712 1742 818 1783 Dun.]

166 1797 208 1827 83
467 1808 555 1836 quam
570 1801 690 1837 pugnat
705 1807 818 1827 amare.

166 1851 207 1881 87
233 1850 312 1881 Cum
330 1851 443 1881 laribus
456 1850 553 1881 velles

150 1905 208 1935 104
230 1905 278 1935 Tu
294 1904 369 1934 mihi
384 1904 455 1934 luce
469 1915 582 1944 precor,
600 1904 669 1945 (vel
686 1905 824 1943 mmmm)
842 1911 875 1935 tu
892 1904 965 1935 mihi
982 1910 1083 1941 nocte,
1100 1907 1178 1939 veni,
1193 1904 1259 1945 (vel
1280 1906 1390 1937 venia.)

149 1959 208 1988 116
232 1957 394 1999 Languida
410 1959 544 1998 nequitia

148 2012 204 2041 121
469 2011 626 2041 narrantia
643 2012 727 2042 labra
742 2014 877 2041 *resistent
895 2011 961 2052 (vel
978 2011 1152 2049 resistunt.)

148 2066 208 2095 122
464 2064 574 2105 lingua
589 2065 703 2106 refecta
719 2075 815 2095 mora.
852 2065 918 2106 [Cf.
935 2065 1017 2096 Fast.
1033 2065 1075 2096 iv.
1091 2066 1182 2105 610]

149 2119 209 2149 135
232 2117 292 2148 Sed
309 2118 385 2159 quid
400 2129 459 2159 ego
475 2119 526 2148 has
542 2119 675 2148 revoco!
702 2120 892 2148 revocaminis
907 2130 989 2149 omen
1005 2119 1122 2154 abesto,

151 2173 209 2203 137
469 2173 599 2211 quamvis
614 2171 777 2202 lacrimosa
792 2182 916 2202 suorum

150 2225 211 2255 140
472 2224 684 2265 Dardanaque
701 2235 787 2255 arma
802 2224 904 2255 dabit.

150 2279 210 2309 159
234 2278 292 2309 Per
308 2277 436 2313 reditus,
453 2287 626 2319 corpusque
643 2285 716 2314 tuos,

151 2333 209 2363 162
236 2333 281 2363 Tu
296 2339 398 2363 tecum

278 2386 504 2427 Abjudicentur
518 2396 568 2415 vv.
588 2386 614 2421 1,
631 2386 662 2416 2.

682 2493 859 2531 EPIST.
891 2493 1007 2530 XIV.

196 2589 215 2617 4
239 2588 294 2618 Est
309 2587 385 2618 mihi
401 2586 545 2630 supplicii
561 2597 685 2623 caussa,
702 2586 795 2618 fuisse
809 2589 876 2626 piae.

173 2643 210 2671 14
405 2652 466 2672 non
481 2648 533 2678 est,
549 2651 642 2683 quam
658 2640 744 2682 piget
759 2651 825 2671 esse
841 2643 902 2680 pia,
921 2641 987 2681 (vel
1003 2640 1087 2683 piam
1103 2640 1175 2671 MS.
1192 2640 1300 2676 Dun.)

169 2696 212 2725 22
239 2695 305 2734 [Sic
325 2695 416 2725 MSS.
436 2696 521 2725 Dun.
538 2694 615 2724 Rel.
632 2694 733 2725 recte:
759 2704 808 2724 ex.
822 2705 851 2724 v.
868 2694 936 2734 77.]

171 2749 212 2777 23
557 2748 661 2787 magni
678 2748 735 2778 sub
753 2749 860 2787 templa
880 2748 1022 2788 Pelasgi,-

973 2801 1017 2821 *ἡ
