1849 3198
232 169 318 210 456

623 167 674 207 P.
709 166 923 209 OVIDII
957 164 1237 208 NASONIS

236 281 319 338 Et,
347 282 387 329 si
412 282 577 329 nullus
603 282 696 330 erit
720 281 897 346 pulvis,
924 288 1092 329 tamen
1118 287 1300 328 excute
1325 279 1531 326 nullum.

304 358 557 413 Quaelibet
580 358 740 406 officio
766 374 945 405 caussa
970 357 1034 404 sit
1058 364 1177 421 apta
1199 364 1301 404 tuo.

236 435 398 482 Pallia
422 435 462 482 si
485 442 628 482 terrae
654 434 860 481 nimium
885 434 1104 481 demissa
1120 434 1390 496 jacebunt;

304 511 516 575 Collige,
543 519 593 559 et
617 512 874 558 immunda
903 511 1106 558 sedulus
1133 510 1253 558 effer
1277 510 1444 557 humo.

235 588 469 636 Protinus
491 589 636 636 officii
662 589 893 652 pretium,
921 587 1142 651 patiente
1168 587 1349 650 puella,

1535 589 1624 634 155

304 665 612 728 Contingent
635 665 791 712 oculis
816 680 960 712 crura
983 664 1195 711 videnda
1218 663 1333 710 tuis.

236 742 454 806 Respice
478 748 735 805 praeterea,
762 748 877 805 post
900 757 985 787 vos
1012 741 1317 803 quicumque
1342 740 1552 795 sedebit,

303 819 383 866 Ne
409 825 602 883 premat
627 818 857 883 opposito
883 818 1050 864 mollia
1072 824 1213 879 terga
1237 832 1384 878 genu.

235 895 397 943 Parva
420 896 552 943 leves
578 895 783 959 capiunt
807 894 1014 941 animos.
1053 893 1147 940 fuit
1170 893 1290 940 utile
1315 892 1500 948 multis,

301 972 568 1019 Pulvinum
592 971 724 1018 facili
749 970 1091 1034 composuisse
1117 985 1281 1016 manu.

1533 971 1625 1016 160

235 1049 431 1096 Profuit
455 1055 505 1096 et
528 1049 662 1096 tenui
690 1055 892 1095 ventum
918 1048 1131 1095 movisse
1155 1047 1366 1094 tabella:

304 1125 371 1172 Et
394 1141 516 1173 cava
540 1126 631 1172 sub
656 1132 883 1172 tenerum
909 1139 1114 1171 scamna
1137 1123 1336 1170 dedisse
1362 1122 1559 1183 pedem.

235 1201 342 1249 Hos
368 1202 531 1249 aditus
559 1201 838 1264 Circusque
863 1217 988 1248 novo
1014 1199 1257 1262 praebebit
1281 1199 1450 1254 amori,

303 1278 590 1342 Sparsaque
616 1278 827 1325 sollicito
853 1278 1007 1325 tristis
1032 1293 1182 1324 arena
1205 1275 1325 1323 foro,

235 1354 330 1402 Illa
356 1371 490 1419 saepe
515 1370 638 1418 puer
661 1354 872 1402 Veneris
898 1353 1138 1418 pugnavit
1162 1352 1338 1400 arena:

1533 1353 1624 1398 165

300 1430 367 1478 Et
392 1431 477 1494 qui
503 1431 748 1495 spectavit
771 1431 989 1486 vulnera,
1017 1430 1194 1477 vulnus
1220 1429 1388 1476 habet.

235 1508 368 1555 Dum
393 1508 629 1571 loquitur,
656 1508 915 1571 tangitque
949 1523 1167 1563 manum,
1194 1506 1459 1570 poscitque
1482 1504 1622 1551 libel-

302 1583 367 1631 Et
392 1584 586 1646 quaerit,
613 1584 776 1648 posito
802 1585 1024 1647 pignore,
1053 1585 1217 1631 vincat
1242 1589 1373 1639 uter;

233 1781 316 1812 cium
336 1781 416 1812 inter
432 1781 629 1812 characteres
644 1784 705 1821 τῆς
726 1783 895 1820 κολακείας

232 1830 327 1862 etiam
339 1829 570 1873 Theophrastus
584 1837 740 1862 numerat.
777 1832 895 1862 anm.

277 1881 348 1911 161.
374 1880 499 1921 Prqfuit
514 1886 542 1910 et
562 1886 664 1910 tenues
677 1881 803 1921 sentos]
822 1881 893 1912 Me-

231 1928 292 1960 lius
307 1929 482 1964 Palatinus,
502 1929 627 1970 Prqt'uit
650 1937 679 1960 et
695 1936 795 1960 ventos
810 1933 894 1961 renui

231 1978 492 2020 7novisseflabell0.
517 1978 607 2008 DAN.
620 1979 793 2009 HmNsms.
819 1979 892 2010 Fla-

232 2028 341 2057 bellum
364 2027 476 2058 Latine
502 2026 566 2057 dici
592 2026 675 2058 haud
700 2027 817 2068 ignoro.
838 2028 892 2059 sed

232 2076 362 2118 primam
377 2076 444 2117 ejus
460 2075 544 2106 vocis
558 2076 711 2117 syllabam
730 2087 790 2107 non
804 2088 893 2119 posse

232 2125 343 2166 corripi
358 2125 458 2156 habeo
475 2135 668 2166 persuasum.
714 2126 894 2157 Producunt

232 2179 315 2204 certe
344 2173 534 2215 Propertius,
552 2180 583 2204 et
606 2174 777 2205 Martialis.
824 2175 893 2206 Fie-

230 2223 308 2252 bant
323 2227 428 2252 autem
444 2222 570 2253 flabella
591 2232 629 2253 ex
653 2222 769 2253 tabulis
792 2223 894 2254 tenui-

230 2270 345 2306 oribus,
362 2270 444 2301 unde
460 2276 491 2300 et
506 2270 630 2302 tabellae
646 2271 750 2302 dictae.
775 2272 895 2303 Graecis

231 2319 298 2350 hoec
323 2319 440 2350 tabella
469 2319 560 2361 ῥιπὶς
587 2326 618 2351 et
641 2319 794 2362 ριπίδιον,
825 2321 894 2353 ἀπὸ

232 2368 348 2409 ριπίζω
364 2370 485 2399 ventilo.
530 2369 647 2400 mes.

278 2419 351 2449 162.
379 2418 419 2448 Et
441 2430 514 2448 cava
538 2421 590 2449 sub
616 2425 750 2449 tenerum
774 2430 893 2450 scamna

230 2469 342 2498 dedisse
352 2467 482 2507 pedem]
510 2468 560 2497 Ne
581 2468 648 2498 scil.
672 2468 810 2509 pendula
823 2469 891 2500 diu-

231 2515 292 2547 tius
313 2521 455 2557 torpeant
478 2515 671 2547 lassitudine.
716 2516 806 2547 Curae
823 2518 891 2558 qui-

231 2564 302 2595 dem
329 2564 470 2600 leviores,
493 2570 525 2595 et
552 2566 585 2595 in
614 2567 698 2595 tenui
722 2567 825 2603 Mlier,-
858 2572 891 2597 at

233 2624 350 2644 merces
373 2624 432 2644 non
450 2614 562 2650 tenuis,
576 2613 732 2655 placuisse
754 2615 887 2656 puellae!

233 2662 283 2692 De
298 2673 414 2692 scamno
429 2663 522 2693 Varr.
535 2662 574 2693 de
587 2662 678 2703 Ling.
697 2663 766 2694 Lat.
780 2663 821 2694 iv.
838 2664 889 2695 35.

232 2714 250 2727 “
269 2711 348 2746 Quia
366 2710 499 2752 simplici
520 2711 680 2742 scansione
697 2712 889 2743 scandebant

1467 1581 1591 1643 [lum
1610 1598 1620 1637 ;

964 1784 996 1814 in
1022 1784 1139 1814 lectum
1166 1793 1227 1813 non
1253 1781 1363 1817 altum,
1391 1781 1568 1811 scabellum.-
1592 1780 1624 1809 in

964 1832 1116 1869 altiorem,
1131 1830 1320 1862 scamnum.''
1367 1830 1461 1861 Unde
1477 1829 1624 1870 colligere

964 1888 1022 1919 est,
1037 1882 1158 1924 poetice
1175 1881 1324 1912 Ovidium
1339 1891 1471 1915 scamna,
1492 1890 1548 1921 pro
1562 1890 1625 1909 sca-

963 1933 1082 1968 bellum,
1099 1930 1225 1961 dixisse.
1270 1930 1392 1960 AMAR.

1009 1982 1080 2012 167.
1119 1980 1287 2021 Tangitqne
1316 1990 1449 2014 mmmm,
1476 1979 1625 2018 poscitque

963 2029 1127 2069 libellum]
1154 2029 1232 2059 Haec
1248 2028 1375 2059 Merula
1398 2028 1437 2059 de
1461 2027 1626 2068 sortilegiis

961 2086 993 2110 et
1021 2078 1276 2114 divinationibus,
1303 2088 1372 2119 quae
1396 2076 1426 2108 in
1451 2076 1533 2107 circo
1558 2075 1623 2106 fleri

961 2128 1115 2163 solebant,
1131 2126 1280 2168 explicat.
1306 2132 1338 2156 et
1352 2136 1423 2156 eum
1439 2130 1563 2156 secutus
1578 2130 1625 2155 est

962 2177 1104 2218 egregius
1141 2175 1194 2206 ille
1225 2175 1385 2217 Crispinus
1414 2174 1622 2215 Interpretum

962 2225 1133 2266 Regiorum
1145 2224 1337 2266 Coryphaeus
1350 2235 1359 2262 3
1383 2221 1551 2253 admodum
1566 2221 1623 2252 im-

962 2274 1074 2316 perite.
1099 2274 1147 2304 hae
1171 2274 1253 2304 enim
1269 2283 1368 2304 vacuo
1384 2272 1465 2302 circo
1481 2271 1523 2301 ibi
1539 2270 1623 2301 cele-

962 2323 1142 2354 brabantur.
1158 2321 1229 2352 vide
1245 2322 1357 2352 Horat.
1373 2320 1396 2351 i.
1413 2320 1479 2350 Sat.
1495 2320 1534 2350 vi.
1553 2320 1623 2350 113.

962 2371 1015 2403 sed
1032 2370 1196 2413 sequentia
1207 2370 1355 2401 evincunt
1368 2368 1560 2410 apertissime
1572 2369 1622 2410 agi

961 2421 1000 2451 de
1014 2420 1189 2462 sponsione,
1200 2426 1304 2450 utrum
1314 2418 1464 2454 vinceret,
1475 2417 1624 2448 Prasinus

961 2479 1001 2500 an
1012 2469 1164 2504 Venetus,
1178 2469 1236 2498 Sec.
1256 2466 1403 2498 Juvenal.
1418 2467 1483 2497 Sat.
1495 2465 1537 2496 xi.
1550 2467 1621 2497 199.

1047 2518 1184 2557 Spectent
1196 2520 1336 2557 juvenes,
1366 2526 1434 2556 quos
1456 2516 1568 2545 clamor
1594 2521 1623 2545 et

1088 2568 1189 2596 audax

1002 2614 1132 2653 Sponsio,
1157 2624 1226 2654 quos
1250 2615 1338 2644 cultae
1367 2615 1448 2644 decet
1477 2613 1621 2642 adsedisse

1085 2664 1206 2702 puellm.
1305 2661 1309 2665 '

962 2712 1022 2742 Ubi
1047 2711 1117 2742 vide
1142 2712 1336 2752 interpretes,
1353 2716 1384 2741 et
1399 2710 1452 2751 qui
1475 2710 1513 2740 de
1530 2709 1621 2741 Circo
