1849 3198
225 211 310 253 156

619 209 669 250 Ρ.
703 207 916 250 OVIDII
950 207 1230 251 NASONIS

231 327 318 374 Me
343 341 562 389 quoque,
584 325 830 388 quidquid
849 331 970 380 erat,
990 324 1155 388 potius
1176 324 1366 371 nescire
1386 325 1615 387 juvabat:

300 403 401 450 Sed
426 409 682 465 tamquam
707 403 902 458 scirem,
930 419 1069 449 mens
1095 403 1215 449 mihi
1240 402 1394 449 tristis
1420 410 1540 450 erat.

231 481 361 527 Cum
385 480 543 526 minor
567 496 594 527 e
620 480 803 543 pueris,
826 481 996 543 jussus
1023 480 1290 542 studioque
1313 480 1528 535 videndi,

297 557 536 604 Constitit
560 557 622 603 ad
648 557 857 619 geminae
882 556 1053 603 limina
1076 557 1235 620 prima
1258 557 1403 605 foris:

1527 560 1619 603 150

230 634 327 682 Hic
354 634 489 690 mihi,
518 634 699 690 Mater,
728 634 835 691 abi;
876 650 1111 698 pompam
1147 642 1305 698 pater,
1332 635 1510 697 inquit,
1539 634 1618 681 Ei-

298 712 490 768 Ducet;
531 718 581 758 et
606 712 866 773 adjunctos
895 727 1072 758 aureus
1097 719 1277 774 urguet
1301 728 1475 775 equos.
1507 713 1619 774 [son

229 789 462 836 Protinus
488 789 711 835 abscissa
735 788 903 851 planxi
929 804 1042 835 mea
1065 796 1268 852 pectora
1289 796 1450 836 veste:

294 866 425 914 Tuta
447 882 538 913 nec
565 881 594 912 a
617 865 784 927 digitis
811 881 897 911 ora
922 865 1057 913 fuere
1083 866 1223 913 meis.

229 943 308 990 Ire
334 943 526 990 animus
552 942 728 989 mediae
755 942 998 989 suadebat
1023 942 1072 989 in
1098 943 1297 1005 agmina
1320 944 1494 999 turbae,
1527 946 1618 990 155

298 1021 542 1083 Sertaque
568 1020 856 1084 compositis
883 1021 1083 1067 demere
1108 1028 1251 1084 rapta
1274 1022 1445 1068 comis.

228 1097 326 1143 Vix
352 1114 431 1145 me
456 1098 694 1154 continui,
723 1098 842 1160 quin
868 1099 938 1145 sic
964 1099 1149 1146 laniata
1173 1099 1378 1163 capillos

296 1175 594 1231 Clamarem,
624 1174 771 1221 Meus
798 1182 890 1231 est,
918 1175 1275 1239 injiceremque
1300 1192 1493 1223 manus.

229 1251 369 1299 Laese
393 1259 550 1316 pater,
578 1253 767 1316 gaude:
811 1252 990 1299 Colchi
1016 1255 1231 1316 gaudete
1257 1253 1443 1309 relicti;

294 1330 519 1388 Inferias,
548 1332 735 1379 umbrae
760 1330 939 1387 fratris,
967 1331 1149 1380 habete
1174 1331 1289 1378 mei.

226 1439 334 1480 mali?]
355 1438 455 1476 Quasi
467 1439 552 1470 dicat
566 1449 671 1471 nemo.
697 1441 795 1471 Juxta
810 1439 889 1470 illud

226 1489 388 1530 Sophoclis
402 1488 435 1518 in
450 1488 607 1529 Antigone
619 1501 625 1518 ε

271 1537 403 1580 Στέργει
419 1539 482 1580 γὰρ
499 1537 602 1574 οὐδεὶς
619 1539 766 1581 ἄγγελον
781 1543 889 1571 κακῶν

312 1588 414 1619 ἐπῶν.

271 1637 364 1668 Nemo
390 1639 466 1668 enim
492 1644 572 1667 (nnat
596 1649 674 1674 eum,
702 1640 753 1678 qui
779 1638 890 1668 malum

312 1687 415 1728 arffert
433 1688 586 1717 nuntium.
753 1687 845 1717 CIOF.

273 1737 346 1767 148.
373 1737 459 1767 Mens
484 1737 576 1777 mem]
602 1736 791 1768 Basileensis
812 1748 892 1767 mens

226 1788 309 1822 mihi,
326 1786 409 1828 quod
427 1786 617 1817 Ovidianum
632 1787 731 1827 magis
743 1792 772 1817 et
784 1787 889 1817 Po'e'ti—

227 1847 309 1867 cum.
326 1836 391 1867 vid.
408 1847 493 1878 supr.
507 1837 567 1878 Ep.
585 1836 630 1866 iii.
647 1838 720 1866 124.
733 1842 763 1867 et
777 1837 820 1867 xi.
840 1837 890 1867 77.

225 1891 257 1916 et
274 1886 359 1916 alibi.
386 1886 505 1916 Euam.

273 1936 346 1966 149.
373 1936 447 1964 Cum
464 1937 560 1965 minor
576 1946 590 1965 e
610 1937 809 1975 Jmerisjussu
826 1942 890 1966 stu-

226 1986 332 2025 dioque
359 1986 493 2020 videndi,
528 1984 669 2014 Constitit
701 1987 739 2015 ad
767 1986 891 2026 gfnzinae

226 2034 331 2064 limina
357 2035 456 2073 prima
473 2033 586 2075 foris.]
621 2033 713 2063 Jzaessu
736 2034 827 2064 multi
852 2045 889 2064 ex

226 2083 314 2113 libris
328 2083 451 2124 scriptis
466 2088 497 2113 et
512 2082 620 2125 priscae
637 2082 802 2113 editiones.
830 2089 891 2114 tres

226 2134 318 2163 visus.
348 2132 409 2162 duo
435 2134 513 2163 visu.
546 2131 675 2162 totidem
700 2133 780 2161 lusu.
811 2143 891 2163 unus

229 2183 343 2211 missus.
390 2180 605 2211 Gronovianus
621 2192 724 2211 cursu.
751 2186 784 2211 ut
800 2180 890 2222 Epis-

229 2231 293 2260 tola
308 2229 443 2271 Hypsip.

458 2279 554 2309 Cursu
571 2280 725 2318 studioque
741 2280 878 2319 loquendi

274 2330 394 2370 Detegit
410 2330 531 2370 ingenio
549 2329 773 2369 ruluerajhctzz
792 2336 854 2359 tuo.

228 2380 296 2409 Hoc
322 2385 426 2409 tamen
453 2378 520 2408 loco
542 2377 740 2409 scribendum
757 2377 890 2415 videtur,

227 2440 295 2459 casu
312 2430 448 2458 studione
462 2429 594 2458 videndi.
620 2432 654 2457 ut
674 2427 889 2468 subintelliga-

227 2483 287 2513 tur,
309 2476 439 2507 dubium
461 2483 519 2512 est,
545 2477 698 2507 incertum
723 2483 781 2507 est.
805 2477 888 2507 Met.

227 2537 280 2556 xv.
298 2528 373 2555 500.

416 2576 466 2605 Me
483 2576 660 2614 P‹1siplmi³i‹1
676 2577 823 2614 (lumniam

272 2625 397 2655 Tentata
415 2624 554 2666 Jiwzstru,
579 2625 714 2664 patrium
740 2630 890 2655 temerasse

312 2674 409 2704 cubile

269 2722 440 2764 (Indiciine
462 2730 541 2754 metit
562 2725 656 2764 magis
670 2723 818 2765 offensane
844 2736 887 2755 re-

312 2771 419 2812 pulsae)

1529 1333 1621 1378 160

1001 1442 1127 1482 Arguit.
1152 1458 1196 1462 —

957 1490 1164 1532 Subintellige
1180 1489 1311 1520 dubium
1322 1495 1381 1520 est.
1405 1489 1449 1520 sic
1465 1488 1552 1519 locus
1567 1488 1621 1520 ille

957 1539 1151 1570 scribendus.
1177 1539 1221 1570 ita
1236 1544 1266 1569 et
1281 1538 1378 1569 utitur
1393 1540 1440 1579 τῷ
1455 1550 1509 1568 (ιη.
1555 1537 1620 1568 Pli-

958 1589 1027 1619 nius
1051 1589 1106 1619 lib.
1132 1601 1161 1619 v.
1185 1588 1286 1630 Epist.
1313 1588 1357 1618 iv.
1408 1587 1536 1618 Vicetini
1559 1588 1623 1618 sine

957 1640 1097 1668 advocato
1122 1640 1326 1673 intraverunt,
1351 1638 1494 1667 diierunt
1518 1647 1546 1667 se
1571 1638 1621 1667 zle—

957 1694 1062 1727 cepres,
1083 1689 1194 1728 lapsine
1213 1689 1305 1722 serbo,
1318 1699 1358 1716 ιιη
1370 1688 1440 1726 quia
1457 1688 1498 1716 ila
1513 1687 1621 1716 sentie-

957 1739 1041 1768 bant.
1067 1738 1241 1768 mesus.
1288 1737 1354 1776 Ego
1369 1736 1621 1778 praeferremjus-

956 1798 1017 1823 sus,
1049 1789 1186 1818 studione
1221 1787 1353 1816 videndi.
1399 1785 1552 1815 incertum
1583 1796 1622 1816 an

954 1837 1059 1878 jussus
1084 1836 1187 1871 fuerit,
1217 1846 1257 1866 an
1285 1846 1357 1865 vero
1382 1834 1497 1869 studio,
1527 1834 1621 1875 quale

959 1895 1025 1916 esse
1050 1895 1214 1928 puerorum
1243 1884 1333 1919 solet,
1359 1882 1486 1914 videndi
1511 1888 1622 1924 sponte

958 1945 994 1965 eo
1016 1934 1120 1965 iverit.
1147 1934 1191 1964 sic
1217 1939 1249 1964 et
1273 1932 1428 1970 Quinctil.
1453 1931 1509 1962 lib.
1532 1931 1577 1962 xi.
1601 1931 1623 1963 i.

959 1983 1071 2014 omisso
1096 1983 1190 2025 priori
1213 1995 1265 2018 an,
1294 1983 1353 2012 loco
1374 1982 1494 2020 publico
1514 1982 1620 2020 priva-

959 2040 1038 2069 tone,
1051 2033 1135 2074 quod
1151 2033 1246 2063 etiam
1262 2031 1459 2063 sollicitatur.
1476 2037 1507 2061 et
1522 2030 1565 2061 sic
1581 2030 1624 2061 iv.

958 2083 1040 2113 Met.
1072 2083 1147 2113 336.
1196 2082 1316 2112 Desinis
1344 2092 1384 2110 an
1412 2080 1520 2121 fugio.
1550 2079 1622 2110 vide

959 2132 1070 2162 Barth.
1095 2132 1135 2162 ad
1151 2130 1266 2162 Claud.
1293 2130 1315 2160 i.
1341 2129 1373 2159 in
1395 2130 1516 2159 Ruffin.
1543 2129 1575 2159 2.
1592 2135 1624 2159 et

959 2191 1014 2211 nos
1053 2181 1092 2211 ad
1130 2179 1338 2217 Quinctilian.
1376 2178 1475 2209 instit.
1504 2190 1535 2208 v.
1570 2179 1621 2209 13.

959 2230 1077 2260 BURM.
1279 2250 1283 2254 -

1006 2280 1078 2310 152.
1103 2278 1300 2318 Adjuuctos]
1321 2279 1472 2307 Adducto-5
1488 2277 1619 2317 Regius.

960 2334 991 2358 et
1015 2334 1076 2358 tres
1102 2328 1166 2358 alii.
1194 2327 1255 2358 duo
1279 2326 1386 2361 etiam,
1409 2333 1542 2356 auratos.
1567 2326 1622 2357 sed

959 2377 1036 2408 nihil
1052 2377 1246 2407 mutandum.
1264 2376 1285 2406 i.
1304 2376 1377 2406 Am.
1392 2375 1426 2406 ii.
1443 2377 1498 2406 26.

1046 2427 1216 2466 Adjunclus
1231 2432 1296 2456 arte
1312 2427 1432 2456 vmrcbis
1447 2436 1522 2455 aves.

1460 2474 1577 2504 Bran.

1001 2524 1150 2564 Aureus]
1171 2523 1318 2564 Explicat
1334 2522 1504 2564 Crispinus,
1521 2523 1621 2553 aureis

958 2574 1098 2605 vest³bus
1113 2579 1250 2603 ornatus.
1277 2584 1333 2613 ego
1349 2573 1387 2602 «le
1403 2583 1492 2602 curru
1513 2578 1621 2603 aurato

959 2623 1064 2654 malim
1081 2633 1204 2664 capere,
1220 2628 1255 2652 ut
1268 2623 1288 2652 i.
1304 2623 1374 2653 Art.
1391 2622 1467 2652 214.

1003 2674 1143 2708 Quanam·
1159 2674 1188 2703 in
1206 2666 1298 2703 niveis‘
1313 2682 1420 2702 aureus
1437 2672 1489 2700 ibis
1505 2672 1594 2710 cquis.

1459 2720 1577 2750 Bnnm.
