1849 3198
181 248 238 289 70
564 249 615 290 P.
649 248 862 291 OVIDII
894 250 1174 293 NASONIS

191 362 387 411 Caerula
409 365 655 429 propulsae
679 365 970 414 subducitur
994 367 1128 414 unda
1150 367 1328 415 carinae
1347 385 1357 415 z

256 440 408 488 Terra
431 441 537 498 tibi,
564 443 705 490 nobis
731 443 1071 507 adspiciuntur
1095 460 1255 508 aquae.

190 516 250 564 In
274 518 402 565 latus
427 535 572 567 omne
597 527 772 584 patens
797 520 943 567 turris
969 521 1305 586 circumspicit
1328 522 1503 570 undas.

257 594 371 643 Huc
395 595 548 655 feror3
596 606 646 645 et
669 598 882 645 lacrimis
908 615 1065 661 osque
1092 599 1328 662 sinusque
1353 600 1572 647 madent.

189 672 288 721 Per
307 675 534 724 lacrimas
560 684 754 740 specto;
785 677 1079 740 cupidaeque
1101 676 1313 724 faventia
1332 678 1485 724 menti
1511 680 1568 724 71

255 750 471 815 Longius
497 754 705 801 adsueto
729 754 915 800 lumina
934 761 1102 800 nostra
1123 754 1307 801 vident.

190 827 334 876 Addo
360 846 533 893 preces
559 838 738 886 castas,
766 830 1091 893 immixtaque
1115 837 1228 877 vota
1252 831 1430 886 timori,

256 906 304 952 N
309 923 404 954 unc
430 925 629 972 quoque
653 916 702 956 te
729 909 862 956 salvo
885 908 1215 973 persoluenda
1238 909 1373 955 milii.

188 983 319 1031 Vota
342 1000 434 1047 ego
458 986 767 1049 persolvam?
800 986 925 1033 votis
951 985 1137 1033 Medea
1160 985 1379 1033 fruetur?
1512 988 1574 1032 75

258 1060 359 1108 Cor
382 1062 542 1120 dolet3
583 1069 732 1126 atque
758 1063 830 1110 ira
852 1063 1040 1109 mixtus
1066 1063 1286 1109 abundat
1309 1079 1460 1110 amor.

192 1137 338 1185 Dona
360 1138 513 1186 feram
537 1140 752 1204 templis,
778 1140 942 1187 vivum
968 1140 1101 1202 quod
1128 1139 1308 1186 Iasona
1330 1140 1513 1204 perdo?

256 1214 435 1263 Hostia
458 1232 546 1279 pro
571 1217 763 1264 damnis
789 1216 1018 1263 concidat
1041 1217 1140 1264 icta
1164 1216 1287 1264 meis
1303 1217 1320 1263 ⁴?

190 1291 306 1340 Non
330 1293 562 1357 equidem
588 1310 763 1342 secura
785 1293 881 1352 sui3
934 1311 1231 1358 semperque
1254 1295 1474 1350 verebar,

257 1369 336 1418 Ne
360 1378 501 1435 pater
524 1371 757 1434 Argolica
780 1378 998 1418 sumeret
1022 1372 1143 1419 urbe
1169 1387 1361 1418 nurum.
1513 1375 1576 1418 80

190 1446 451 1510 Argolidas
476 1449 645 1497 timui:
686 1449 855 1496 nocuit
878 1449 997 1496 mihi
1023 1450 1233 1496 barbara
1255 1448 1439 1513 pellex.

256 1524 372 1572 Non
397 1526 661 1591 expectata
683 1527 860 1573 vulnus
886 1527 947 1573 ab
973 1526 1114 1573 hoste
1137 1526 1254 1583 tuli3

191 1602 239 1649 N
244 1619 301 1650 ec
326 1602 450 1651 facie
475 1604 723 1652 meritisve
747 1605 940 1668 placet3
983 1605 1070 1652 sed
1095 1604 1311 1651 carmine
1336 1604 1514 1652 movit:

258 1679 480 1744 Diraque
506 1688 705 1728 cantata
727 1682 911 1745 pabula
934 1681 1059 1729 falce
1085 1681 1242 1728 metit.

191 1756 284 1804 Illa
307 1758 633 1806 reluctantem
658 1775 803 1807 curru
828 1759 1076 1807 deducere
1104 1757 1294 1805 Lunam
1514 1761 1576 1805 85

189 1833 194 1836 ’
256 1833 458 1890 Nititur,
487 1842 537 1883 et
560 1836 777 1883 tenebris
803 1837 985 1884 abdere
1014 1836 1142 1882 Solis
1168 1852 1340 1898 equos.

188 1956 305 1988 diutius
316 1956 443 1998 reliquis
452 1957 642 1999 Argonautis
654 1958 686 1988 in
697 1958 847 2000 amplexi-

187 2008 246 2038 bus
261 2006 465 2038 Lemniadum
479 2007 591 2038 innuit.
604 2008 660 2039 lib.
675 2007 709 2038 ii.
727 2019 758 2039 v.
771 2010 846 2040 425.

188 2057 306 2087 anxu.

231 2106 284 2136 66.
306 2104 367 2135 Illa
384 2105 491 2145 volun]
517 2104 641 2135 Alludit
657 2106 696 2136 ad
713 2106 848 2148 Etymon

188 2155 340 2197 Ἀργοῦς,
356 2165 425 2195 quae
446 2153 561 2185 idcirco
583 2156 642 2185 cita
659 2156 746 2186 navis
762 2166 780 2186 a
795 2167 847 2187 ve-

189 2204 304 2235 teribus
319 2203 403 2234 dicta
417 2209 473 2234 est.
519 2203 612 2234 C1or.

234 2254 286 2283 75.
316 2252 386 2282 Vota
409 2252 491 2293 ega]
519 2253 565 2282 Ex
588 2252 713 2283 Tibullo
738 2253 847 2284 adum-

188 2303 323 2336 bratum,
339 2301 391 2342 qui
407 2301 463 2331 lib.
480 2300 502 2330 i.
514 2301 604 2341 Eleg.
621 2303 652 2332 5.

234 2350 341 2381 Omnia
355 2350 498 2388 persolvi3
513 2349 644 2391 fruitur
666 2362 748 2381 nunc
771 2353 848 2382 alter

318 2409 426 2435 umore,

277 2446 316 2477 Et
330 2447 546 2489 precibusjielir
561 2449 660 2478 utitur
677 2449 727 2477 ille
739 2449 820 2479 meis.

233 2497 286 2527 77.
304 2496 532 2538 1)οιι(ι]’ρι·αηι.]
563 2497 644 2527 Tura
662 2498 846 2533 Gronovius,

190 2555 260 2587 quae
281 2550 327 2575 est
349 2545 450 2585 glossa
472 2548 528 2576 τοῦ
543 2548 632 2582 dmm,
653 2557 722 2587 quae
743 2557 800 2576 vox
817 2553 848 2577 ct

191 2601 271 2630 tura,
293 2601 324 2625 et
346 2594 459 2631 omnia,
482 2606 551 2636 quae
574 2595 644 2625 Diis
667 2595 846 2631 offeruntur,

190 2649 288 2675 notat.
305 2644 422 2685 Obseq.
438 2654 468 2675 c.
485 2644 540 2675 xli.
581 2645 715 2686 Virgines
741 2646 847 2686 viginti

189 2699 295 2732 septem
317 2694 394 2723 dona
415 2700 552 2724 canentes
569 2694 718 2724 tulerunt.
736 2693 845 2725 c.xliv.

192 2742 339 2773 Matrona:
365 2743 535 2773 thesaurum
560 2750 588 2773 et
613 2744 744 2784 virgines
770 2744 847 2773 dona

192 2792 294 2823 Cereri
308 2798 337 2823 et
357 2791 538 2832 Proserpinae
562 2794 711 2824 tulerunt.
760 2792 846 2823 Dona

916 1959 1090 1998 templorum
1121 1957 1249 1988 Tacitus
1281 1956 1390 1998 Agric.
1421 1957 1454 1987 6.
1483 1957 1574 1988 dixit.

916 2008 1034 2038 Boum-

959 2058 1012 2087 81.
1053 2055 1221 2096 Barbara]
1262 2054 1312 2085 Sic
1350 2055 1465 2085 Noster
1493 2065 1576 2096 saepe

915 2106 1065 2136 Medeam
1081 2111 1184 2136 vocat.
1209 2104 1310 2146 Epist.
1326 2104 1381 2134 xii.
1402 2105 1474 2135 105.

959 2154 1021 2184 Illa
1040 2165 1103 2195 ego,
1125 2165 1187 2194 quoe
1209 2155 1262 2183 tibi
1277 2165 1341 2184 sum
1357 2164 1437 2184 nunc
1452 2154 1578 2193 denique

1002 2205 1238 2245 burbarujucta.

916 2251 970 2283 vii.
988 2254 1123 2284 Metam.
1139 2253 1215 2283 276.

948 2302 1135 2342 Propositum
1151 2304 1160 2332 i
1165 2304 1294 2332 nstruxit
1310 2303 1432 2331 morturz'
1449 2303 1574 2332 barbara

1003 2363 1124 2382 munus.
1411 2351 1530 2382 Ilmxs.

959 2401 1013 2431 82.
1046 2400 1244 2441 [lismonam]
1273 2400 1434 2439 Eipectatu
1460 2401 1575 2432 Putea-

916 2460 1004 2480 neus.
1032 2456 1127 2480 recte.
1163 2449 1336 2479 mesms.
1383 2449 1432 2479 Sic
1452 2450 1575 2490 egregie

916 2497 1004 2529 Livio
1026 2498 1083 2529 lib.
1108 2510 1183 2528 xxx.
1208 2499 1258 2528 14.
1284 2497 1417 2528 restituit
1433 2498 1572 2529 Gronov.

918 2549 982 2583 Quo
1004 2549 1052 2578 die
1076 2555 1189 2587 cupiam
1213 2549 1315 2577 hostem
1340 2548 1468 2584 vidisset,
1482 2553 1513 2578 et
1536 2558 1573 2578 ex

915 2596 1073 2628 Prisciano
1090 2597 1267 2627 illustravit.
1313 2597 1431 2627 Brun.

957 2646 1011 2677 85.
1039 2646 1136 2676 Cursu
1167 2647 1311 2676 deducere
1338 2645 1488 2685 Lunam]
1524 2644 1574 2676 Sic

915 2694 946 2726 in
961 2694 1116 2726 omnibus.
1141 2705 1199 2736 ego
1215 2694 1347 2726 libenter
1369 2706 1461 2724 cur-ru
1488 2694 1573 2735 lege-

914 2743 982 2780 rim,
1012 2754 1074 2775 non
1102 2755 1205 2774 cursu.
1237 2744 1397 2774 NAuoEn.
1442 2743 1573 2784 Repone

915 2804 1009 2824 curru
1024 2803 1094 2824 cum
1110 2793 1208 2824 tribus
1220 2792 1392 2824 codicibus.
1418 2792 1467 2823 De
1483 2802 1574 2823 curru
