1849 3198
624 285 969 328 HEROIDES.
1002 285 1095 327 ΕΡ.
1129 285 1193 327 11.
1543 285 1599 326 21

219 401 389 465 thue
404 401 493 449 tibi
509 400 801 457 excidimus,
819 401 1020 457 nullam,
1038 408 1175 464 puto,
1193 400 1428 464 Phyllida
1450 399 1597 448 nosti.

280 478 377 527 Hei
393 478 531 526 mihi!
552 478 608 532 si,
626 494 736 541 quae
752 478 845 524 sim
860 477 1070 541 Phyllis,
1088 483 1140 525 et
1152 477 1299 533 unde,
1316 493 1476 541 rogas.
1508 479 1599 525 106

216 556 339 612 Quae
364 556 470 612 tibi,
492 555 836 618 Demophoon,
857 554 1018 617 longis
1043 554 1289 602 erroribus
1315 561 1426 602 acto

279 632 531 680 Threicios
556 638 727 696 portus
753 631 1124 695 hospitiumque
1149 631 1283 678 dedi.

214 710 372 773 Cujus
397 725 517 773 opes
543 724 726 756 auxere
751 724 902 756 meae:
925 708 1005 755 cui
1029 708 1166 755 dives
1191 707 1357 770 egenti

281 786 493 833 Munera
515 785 671 832 multa
693 785 825 841 dedi,
842 785 999 832 multa
1015 785 1192 832 datura
1213 784 1299 831 fui.

1510 786 1602 830 110

216 863 340 918 Quae
365 863 454 909 tibi
481 862 671 925 subjeci
695 862 938 909 latissima
959 877 1113 924 regna
1137 861 1369 925 Lycurgi,

278 940 492 988 Nomine
516 940 728 987 femineo
751 939 834 986 vix
859 939 977 987 satis
1003 946 1121 1003 apta
1144 938 1247 1001 regi
1267 955 1277 986 :

211 1018 324 1074 Qua
336 1025 475 1083 patet
483 1018 769 1065 umbrosum
782 1017 1027 1081 Rhodope
1037 1015 1257 1079 glacialis
1269 1015 1332 1062 ad
1344 1012 1595 1068 Haemum,

279 1095 345 1143 Et
367 1111 506 1143 sacer
531 1094 771 1142 admissas
797 1094 953 1157 exigit
978 1091 1179 1141 Hebrus
1207 1107 1380 1156 aquas.

255 1274 328 1305 105.
357 1272 454 1314 thue
469 1274 522 1304 tibi
536 1272 723 1313 excidimus]
749 1272 800 1304 Ita
813 1273 868 1304 Se-

210 1334 280 1354 nec.
298 1322 389 1353 Med.
402 1323 478 1354 561.
504 1322 674 1353 Excidimus
689 1323 755 1352 tibi.

259 1374 334 1404 106.
360 1372 393 1402 δί
414 1384 476 1413 ‹111ae
508 1374 562 1402 sim
589 1372 716 1412 Phyllis,
740 1378 769 1402 et
789 1373 870 1403 unde

209 1423 321 1464 roges]
341 1422 479 1463 Vulgata
498 1428 671 1452 contemtus
692 1428 723 1452 et
744 1421 870 1452 vilitatis

210 1472 351 1508 formula,
367 1481 429 1512 qua
449 1470 569 1512 ignotos
589 1470 775 1512 compellare
797 1481 868 1502 con-

209 1526 383 1557 sueverant,
398 1526 433 1551 ut
447 1520 537 1562 Vir-g.
551 1521 572 1550 i.
588 1520 715 1551 AEneid.
730 1521 805 1551 369.

253 1572 309 1602 Sed
334 1582 378 1601 ros
396 1573 447 1611 qui
470 1572 599 1607 tandem,
615 1571 718 1611 quibus
741 1577 796 1600 ant
818 1582 865 1601 ve-

297 1616 383 1644 nistis
398 1615 433 1644 ab
448 1615 518 1644 oris.

211 1655 275 1688 Ubi
295 1658 332 1688 τὸ
359 1658 477 1687 tandem
497 1653 624 1686 inservit
644 1654 866 1686 vehementiori

211 1705 306 1736 animi
327 1704 538 1736 commotioni.
557 1705 601 1734 ita
621 1705 703 1736 Flor.
716 1705 739 1735 i.
756 1707 806 1736 18.
827 1705 866 1736 de

208 1754 394 1792 Tarentinis,
422 1757 484 1786 sine
511 1756 682 1785 discrimine
707 1756 865 1791 insultant,

211 1807 262 1847 qui
277 1807 354 1836 enim
369 1812 424 1836 aut
440 1806 518 1835 unde
537 1804 686 1834 Romani?
709 1815 802 1845 quem
820 1804 865 1834 lo-

208 1865 280 1885 cum
295 1855 392 1896 ejecto
407 1855 589 1895 glossemate
611 1852 733 1894 egregie
753 1852 865 1884 consti-

208 1902 269 1934 tuit
282 1903 462 1934 Salmasius.
487 1902 592 1933 Livius
607 1901 694 1933 xxiii.
709 1904 763 1933 34.
791 1902 865 1932 Cum

207 1960 349 1995 ‹Juaereret
363 1955 416 1993 qui
433 1960 460 1983 et
484 1954 574 1989 unde,
595 1958 623 1983 et
639 1965 694 1993 qno
714 1954 867 1984 tenderent

208 2014 341 2034 cursum.
371 2001 593 2033 Emendandus
613 2013 736 2044 quoque
759 2002 866 2033 Valet.

210 2053 297 2084 Flac.
310 2051 364 2083 vii.
380 2053 433 2082 40.

254 2102 328 2137 Quis
355 2113 460 2142 regum
486 2102 596 2138 Pelias,
625 2112 688 2141 ‹111oe
716 2100 869 2137 Thessalis,

294 2157 349 2181 aut
364 2162 427 2192 quae

253 2199 382 2236 Gmcia,
419 2201 566 2240 quodnam
598 2199 748 2229 hominum
784 2210 871 2230 cerno

293 2260 400 2290 genus.

210 2297 314 2339 Vulgo
337 2299 400 2338 quis
424 2297 588 2333 Thessalus,
610 2297 714 2339 inepte
741 2296 865 2337 legitur.

208 2346 254 2377 ita
267 2345 381 2388 passim
395 2346 545 2387 rogabant
560 2345 643 2376 obvii
667 2356 699 2376 se
714 2345 788 2376 olirn
802 2348 868 2385 quis

208 2407 313 2437 genus,
340 2397 419 2426 unde
443 2396 546 2428 domo?
568 2395 622 2426 sed
649 2395 687 2426 de
716 2406 752 2426 eo
778 2395 865 2427 alibi.

210 2443 260 2475 hic
281 2444 381 2485 agitur
396 2443 434 2474 de
456 2443 679 2475 contumeliosa
698 2443 866 2486 interroga-

209 2492 302 2529 tione,
331 2503 395 2534 qua
426 2491 565 2533 ignorare
599 2493 754 2532 fingimus,
790 2504 867 2535 quos

210 2541 337 2573 maximi
357 2542 458 2572 facere
473 2541 608 2572 deceret.
628 2541 730 2572 Cicer.
749 2541 802 2573 vii.
826 2543 865 2574 ad

211 2591 299 2622 Fam.
311 2592 361 2622 16.
376 2591 435 2621 Oro
448 2597 484 2627 te,
497 2593 560 2631 quis
576 2598 607 2621 tu
624 2592 671 2622 es?
694 2591 738 2622 ita
751 2592 866 2623 Teren-

210 2641 271 2671 tius
285 2645 316 2670 et
330 2639 383 2670 alii
397 2639 521 2682 passim.
537 2639 600 2670 vid.
614 2647 645 2670 et
660 2640 702 2671 iv.
718 2652 756 2672 ex
772 2642 864 2673 Pont.

210 2689 256 2720 iii.
273 2690 324 2720 10.
352 2689 456 2731 Roges,
472 2689 566 2720 etiam
583 2689 765 2727 Vaticanus,
776 2698 869 2733 roget,

213 2738 340 2770 Moreti.
368 2739 485 2769 Buam.

259 2788 331 2818 108.
357 2787 496 2828 Portus]
527 2787 634 2818 Pastas
655 2788 833 2819 Puteaneus
853 2799 872 2819 a

212 2835 312 2879 prima
339 2846 445 2868 manu.
477 2836 562 2879 quod
595 2836 721 2869 minime
754 2837 869 2879 placet.

936 1270 1045 1302 Valet.
1069 1270 1156 1301 Flac.
1176 1268 1211 1300 ii.
1231 1269 1307 1300 322.
1334 1267 1460 1298 Portum
1486 1267 1597 1302 demus,

935 1322 992 1351 ait.
1039 1321 1157 1351 Buram.

984 1370 1056 1400 111.
1084 1366 1274 1407 Latissima.]
1295 1366 1459 1396 Laetissima
1479 1370 1545 1395 erat
1566 1363 1597 1395 in

937 1419 1099 1449 Putemeo
1116 1427 1134 1447 a
1155 1426 1250 1446 manu
1271 1414 1382 1457 prima.
1395 1413 1449 1444 sed
1465 1412 1597 1444 fertilem

936 1467 1030 1498 fuisse
1051 1465 1217 1497 Thraciam
1238 1469 1354 1506 negant
1373 1462 1546 1504 scriptores,
1567 1468 1599 1494 et

937 1528 994 1548 nec
1016 1518 1084 1547 calo
1101 1517 1208 1550 laetam,
1230 1525 1282 1544 nec
1304 1514 1380 1550 solo,·
1405 1518 1436 1542 et
1456 1511 1597 1542 infecun-

931 1566 1015 1602 dam,
1028 1565 1086 1596 nisi
1098 1575 1161 1606 qua
1172 1563 1249 1594 mari
1260 1562 1393 1605 propior,
1406 1567 1437 1592 et
1449 1561 1596 1603 frigidam

932 1627 999 1647 esse
1011 1615 1088 1646 dicit
1099 1614 1191 1645 Mela
1201 1613 1258 1643 lib.
1273 1612 1307 1643 ii.
1320 1614 1353 1643 2.
1367 1622 1463 1653 quare
1480 1610 1597 1641 retineo

933 1665 1106 1707 vulgatam.
1138 1664 1297 1694 Lenissima
1320 1672 1391 1692 vero
1413 1671 1508 1702 regna
1528 1671 1597 1702 pro-

933 1715 998 1757 prie
1020 1715 1082 1745 dici
1102 1712 1294 1745 ostendimus
1316 1711 1355 1742 ad
1376 1711 1502 1741 Petron.
1524 1720 1596 1752 cap.

934 1766 988 1796 82.
1002 1764 1084 1795 unde
1102 1774 1172 1794 vero
1194 1761 1328 1793 Volscus
1349 1759 1496 1795 hauserit,
1512 1759 1596 1790 hunc

934 1815 1111 1855 Lycurgum
1138 1812 1231 1842 fuisse
1258 1816 1377 1853 patrem
1405 1808 1598 1851 Hypsipiles,

934 1874 1027 1904 quern
1052 1872 1159 1891 omnes
1182 1860 1325 1890 Thoanta
1347 1858 1475 1894 faciunt,
1501 1859 1600 1889 fateor

934 1923 982 1942 me
1007 1912 1160 1952 ignorare.
1184 1919 1255 1940 cum
1283 1919 1373 1949 regnu
1399 1908 1537 1948 Lycurgi
1558 1906 1599 1938 sit

933 1959 1120 2003 periphrasis
1160 1957 1316 1989 Thraciae.
1352 1963 1387 1987 ut
1421 1955 1536 1998 virgil.
1562 1956 1597 1987 ii.

935 2009 1064 2040 AEneid.
1084 2009 1134 2038 14.

981 2058 1106 2089 Thraces
1118 2062 1219 2093 arunt,
1231 2056 1296 2086 acri
1308 2055 1455 2095 quondam
1466 2059 1596 2095 regnata

1023 2106 1178 2147 Lycurgo.

936 2154 1039 2195 Hujus
1055 2160 1159 2185 autem
1170 2159 1339 2194 opportune
1355 2151 1405 2182 hic
1418 2150 1533 2182 mentio
1549 2150 1596 2181 in-

932 2203 1050 2245 jicitur,
1068 2209 1102 2233 ut
1124 2201 1310 2233 beneficium
1330 2211 1420 2231 suum
1441 2210 1478 2230 eo
1498 2199 1598 2241 magis

937 2252 1144 2287 commendet,
1171 2261 1240 2292 quae
1265 2255 1424 2291 receperat
1448 2250 1598 2291 portubus

934 2300 997 2332 suis
1013 2301 1262 2342 Demophoonta,
1278 2299 1361 2330 unde
1382 2309 1483 2329 saevus
1497 2306 1529 2329 et
1549 2298 1596 2328 in-

933 2349 1095 2392 hospitalis
1123 2351 1284 2392 Lycurgus
1307 2348 1416 2379 solitus
1441 2354 1507 2378 erat
1535 2358 1596 2378 non

933 2400 1024 2430 modo
1052 2410 1156 2430 arcere
1184 2398 1331 2440 hospites,
1357 2397 1412 2428 sed
1437 2397 1594 2428 occidere.

934 2447 1015 2478 Vide
1028 2459 1098 2489 quae
1111 2459 1165 2478 nos
1179 2446 1252 2478 olim
1265 2446 1304 2477 ad
1316 2447 1443 2477 Petron.
1457 2456 1528 2488 cap.
1540 2446 1595 2476 83.

933 2497 1121 2527 notavimus.
1166 2497 1285 2526 Bumu.

979 2546 1051 2576 114.
1077 2545 1195 2585 Sucer.]
1213 2546 1318 2576 Bene:
1344 2543 1407 2575 sive
1426 2542 1509 2585 quod
1530 2554 1595 2573 om-

934 2605 987 2625 nes
1003 2593 1088 2625 fluvii
1098 2594 1188 2630 sacri,
1203 2600 1235 2624 et
1250 2594 1389 2624 Deorum
1402 2602 1528 2623 numero
1540 2592 1594 2622 ad-

932 2641 1121 2684 scripti,sive
1136 2648 1258 2684 propter
1269 2641 1388 2672 Bacchi
1399 2640 1496 2682 orgia.
1513 2640 1595 2672 Vide

936 2691 1062 2722 Colum.
1075 2691 1114 2722 ad
1126 2693 1208 2722 Enn.
1220 2691 1264 2722 sic
1280 2697 1311 2721 et
1324 2691 1405 2721 Stat.
1417 2690 1440 2720 i.
1453 2689 1540 2731 Sylv.
1552 2687 1595 2719 vi.

937 2741 991 2772 80.
1028 2741 1118 2771 Nilus
1143 2751 1225 2772 sacer
1251 2741 1290 2771 ob
1321 2749 1409 2770 sacra
1433 2737 1594 2780 AElgyptia,

937 2788 991 2820 ubi
1019 2789 1092 2820 vide
1121 2790 1251 2821 Gevart.
1281 2788 1398 2820 Avien.
1434 2785 1593 2828 Descript.

938 2838 1018 2869 Orb.
1052 2838 1141 2870 Sacer
1179 2839 1320 2878 Alpheus,
1348 2842 1471 2879 propter
1507 2834 1598 2864 ludos
