1849 3198
646 238 990 282 HEROIDES.
1023 239 1116 282 ΕΡ.
1150 242 1204 284 V.
1561 250 1617 291 63

237 357 577 421 Quaecumque
595 356 750 404 herba
772 360 948 419 potens
975 355 1036 402 ad
1063 372 1225 420 opem,
1248 361 1489 426 radixque
1514 379 1615 411 me-

303 435 450 483 Utilis
476 435 524 481 in
548 441 652 481 toto
677 434 896 479 nascitur
919 432 1054 488 orbe,
1081 450 1193 481 mea
1217 443 1308 484 est.

1459 440 1616 502 [denti

237 512 323 560 Me
349 514 593 567 miseram,
621 511 754 574 quod
780 525 916 557 amor
941 525 1037 556 non
1063 518 1139 557 est
1163 514 1468 563 medicabilis
1505 517 1615 564 her-

304 590 520 637 Deficior
544 589 760 653 prudens
787 586 904 633 artis
931 586 992 632 ab
1020 594 1121 635 arte
1146 605 1272 636 mea.

237 667 354 731 Ipse
379 674 598 731 repertor
623 665 730 729 opis
754 678 931 711 vaccas
957 663 1151 725 pavisse
1177 665 1410 715 Pheraeas

1486 594 1583 655 [bis
1605 595 1614 640 !

1526 673 1611 717 151

305 744 493 801 Fertur,
521 750 572 792 et
595 760 624 791 a
647 749 813 790 nostro
840 739 1036 788 saucius
1062 741 1175 804 igne
1198 742 1306 792 fuit.

281 922 353 953 151.
379 921 444 961 Ipse
454 928 584 962 repertor
593 923 653 960 opis
668 932 770 951 ¹vaccas
782 922 895 960 pavisse

237 972 373 1001 Pheroeas
389 970 416 999 F
416 971 531 1011 ertum]
565 970 777 1001 Callimachus
793 969 892 1000 diver—

235 1031 300 1051 sam
316 1021 355 1051 ab
370 1019 438 1050 aliis
449 1030 573 1050 causam
585 1019 702 1050 servitii
716 1019 809 1055 canit,
822 1029 893 1049 cum

234 1069 354 1100 scilicet
380 1069 516 1100 Admeto
550 1069 729 1110 Apollinem
765 1068 893 1099 servisse

236 1118 356 1159 prodat,
372 1117 454 1159 quod
476 1117 681 1149 adolescentis
702 1128 803 1148 amore
819 1128 891 1158 cap-

236 1172 285 1198 tus
307 1173 397 1202 esset,
420 1173 513 1208 atque
538 1166 577 1197 ad
603 1167 801 1198 emerendum
826 1167 893 1207 ejus

236 1227 370 1247 amorem
392 1227 517 1257 gregem
540 1217 578 1247 ab
594 1227 629 1247 eo
648 1222 782 1258 pastum.
829 1216 893 1246 Eo-

237 1277 369 1296 xzruvs.
416 1266 529 1296 Sensus
558 1271 618 1296 est:
651 1266 763 1306 Neque
788 1272 893 1295 tamen

235 1315 347 1344 mirum
363 1313 460 1344 videri
476 1314 579 1349 debet,
592 1325 640 1345 me
655 1325 715 1344 non
726 1325 813 1356 posse
829 1325 893 1344 me—

237 1364 303 1394 deri
329 1364 444 1399 morbo,
468 1363 499 1394 id
524 1370 570 1395 est
595 1363 690 1395 amori
709 1375 796 1394 meo:
823 1374 893 1394 cum

237 1424 295 1444 nec
310 1412 375 1454 ipse
391 1412 515 1454 Apollo,
530 1413 672 1443 inventor
687 1423 723 1443 ac
739 1412 814 1444 (leus
829 1424 894 1444 me-

237 1462 361 1497 dicinae,
389 1462 472 1493 idem
502 1462 559 1493 hoc
588 1462 721 1504 potuerit
735 1474 740 1492 :
778 1468 812 1493 ut
841 1463 894 1505 qui

237 1522 339 1542 amore
355 1511 514 1553 impulsus,
530 1510 659 1542 Admeti
680 1518 817 1542 armenta
839 1523 894 1554 pa-

238 1560 328 1591 verit.
376 1560 539 1601 Sumptum
576 1565 680 1590 autern
717 1561 894 1602 exemplum

237 1609 296 1640 hoc
313 1614 359 1640 est
374 1619 411 1639 ex
428 1608 541 1649 hymno
554 1609 739 1640 Callimachi
755 1609 787 1640 in
797 1610 894 1652 Apol—

238 1658 344 1695 linem,
359 1657 413 1688 ubi
428 1658 480 1688 ille
492 1670 498 1688 τ

282 1708 408 1748 Φοῖβον
429 1709 482 1738 καὶ
507 1708 633 1750 νόμιον,
659 1708 769 1751 inquit,
786 1709 895 1749 κίκλὴ-

324 1769 454 1799 σκομεν,
471 1757 503 1793 ἐξ
517 1757 563 1789 ἔτι
578 1757 684 1789 κείνου

281 1806 384 1843 'Egon-¹
420 1806 470 1838 ἐπ’
507 1807 668 1849 ἀμφρυσῴ
703 1808 897 1850 ζευγὴτιδας

324 1857 453 1898 ἔτρεφεν
466 1855 604 1894 ἵππους,

283 1905 399 1937 Ηῖθέου
421 1905 476 1937 ὑπ’
499 1905 591 1947 ἐρώτι
616 1906 810 1949 κεκαυμένος
824 1906 896 1938 ’AB-

323 1954 452 1996 μὴτοιο.

240 2004 311 2035 Nisi
326 2003 408 2045 quod
425 2003 637 2035 Callimachus
654 2003 782 2042 ἰ’ππους
796 2012 896 2042 vocat,

241 2064 318 2094 quas
333 2053 383 2083 hic
399 2052 531 2083 Ovidius
547 2065 649 2084 vaccas
663 2053 751 2084 dicit.
790 2055 850 2085 Sed
866 2055 897 2086 in

241 2102 298 2133 hoc
328 2113 388 2133 non
417 2103 548 2133 multum
576 2103 724 2133 momenti
751 2103 897 2146 positum.

242 2152 291 2182 De
308 2152 444 2182 OEnones
459 2158 562 2182 autem
577 2152 673 2189 exitu,
689 2158 720 2183 et
733 2164 793 2194 quo
807 2161 898 2195 pacto

240 2200 272 2232 in
287 2207 383 2232 morte
397 2201 523 2232 tandem
538 2202 648 2232 iterum
664 2202 821 2244 conjuncti
834 2203 899 2234 fue-

243 2250 303 2281 rint
315 2250 381 2293 ipsa
396 2258 426 2282 et
443 2251 540 2287 Paris,
551 2251 634 2293 apud
646 2252 812 2283 Calabrum
824 2253 898 2294 poe-

241 2305 305 2330 tam
333 2299 414 2336 vide,
444 2299 496 2341 qui
524 2300 581 2331 lib.
612 2301 662 2331 10.
709 2301 852 2332 Paridem
882 2312 900 2332 a

242 2348 415 2379 Philoctete
457 2349 570 2389 sagitta
610 2349 815 2386 vulneratum,
861 2350 899 2381 ad

243 2397 397 2428 OEnonem
432 2397 605 2438 confugisse
640 2398 694 2434 ait,
727 2399 765 2429 ab
802 2410 899 2441 eaque

243 2446 393 2477 auxilium
429 2452 522 2487 atque
560 2446 729 2477 remedium
767 2448 901 2480 vulneris

243 2505 375 2537 rogasse.
420 2495 513 2532 Quod
528 2506 598 2526 cum
613 2495 667 2527 illa
685 2503 838 2538 negasset,
852 2497 899 2528 in-

242 2549 289 2575 ter
298 2544 490 2575 redeundum
506 2545 537 2575 in
548 2544 606 2575 Ida
617 2554 720 2576 monte
732 2547 899 2589 expirasse.

246 2593 309 2624 Ubi
324 2603 394 2624 cum
411 2604 428 2624 a
443 2593 615 2635 pastoribus
630 2604 667 2625 ex
686 2605 768 2626 more
783 2606 901 2627 crema-

245 2647 340 2677 retur,
371 2643 523 2673 OEnonem
551 2642 661 2673 eodem
693 2650 842 2680 secutam,
872 2644 904 2676 in

246 2691 379 2722 eundem
408 2702 526 2732 rogum,
551 2691 601 2723 cui
627 2698 692 2723 tum
718 2694 793 2724 forte
818 2695 905 2726 Paris

246 2739 406 2782 impositus
419 2747 495 2777 erat,
507 2740 639 2783 seipsam
656 2753 779 2783 quoque
796 2743 904 2784 prmci-

245 2789 372 2830 pitasse.
418 2790 607 2822 Μιαγιιυε.
622 2790 679 2822 lib.
696 2791 730 2822 ii.
748 2791 817 2821 Art.

1006 919 1155 960 Cynthius
1169 922 1288 952 Admeti
1311 933 1414 953 ¹roccas
1434 925 1547 963 pavisse
1566 935 1621 964 per

1045 975 1130 1000 cestus

1089 1019 1213 1050 Fertur.

961 1068 1063 1110 Hujus
1100 1070 1143 1100 rei
1172 1081 1312 1101 caussam
1348 1071 1450 1102 reddit
1476 1072 1620 1114 Hyginus

960 1128 1030 1159 cap.
1070 1119 1146 1150 xlix.
1185 1120 1233 1150 his
1264 1120 1383 1151 verbis:
1430 1122 1621 1161 AElscnlapius

961 1168 1107 1207 Apollinis
1133 1170 1235 1210 filius,
1266 1169 1383 1200 Glauco
1413 1171 1524 1201 Minois
1549 1173 1622 1212 filio

960 1218 1049 1247 vitam
1073 1220 1244 1253 reddidisse,
1269 1221 1328 1250 sire
1354 1220 1517 1260 Hippolyta
1544 1223 1618 1251 dici-

961 1273 1035 1303 mr,-
1060 1279 1141 1307 quem
1159 1269 1300 1308 Juppiter
1315 1271 1346 1299 ab
1363 1270 1538 1311 idfnlmine
1550 1282 1619 1309 per-

961 1319 1062 1346 cussit.
1109 1318 1223 1356 Apollo,
1247 1320 1323 1358 quod
1346 1318 1415 1349 Jovi
1438 1330 1540 1350 nocere
1562 1332 1619 1350 non

960 1367 1068 1404 potuit,
1081 1377 1136 1402 eos,
1149 1369 1199 1406 qui
1212 1367 1352 1408 fulmina
1359 1367 1517 1409 fecerunt,
1534 1370 1565 1399 id
1580 1376 1622 1400 est

964 1414 1102 1455 Cyclopes
1125 1416 1291 1458 interfecit.
1340 1417 1426 1451 Quod
1448 1418 1480 1447 ob
1494 1418 1621 1459 jactum

962 1465 1066 1503 Apollo
1089 1466 1178 1495 datus
1201 1467 1290 1496 estin
1312 1467 1483 1496 servitutem
1499 1467 1622 1498 Admeto

960 1515 1025 1553 regi
1053 1513 1221 1544 Thessaliae:
1253 1514 1323 1545 Hac
1351 1514 1446 1546 etiam
1470 1515 1508 1546 de
1533 1526 1565 1546 re
1592 1522 1624 1547 et

961 1562 1126 1603 Euripides
1140 1563 1197 1593 sub
1212 1563 1299 1593 initio
1310 1562 1445 1595 Alcestis
1460 1564 1621 1605 tragoediae

962 1610 1000 1642 de
1015 1611 1162 1653 Apolline
1177 1612 1277 1643 multa
1291 1612 1416 1653 cognitu
1431 1613 1526 1654 digna
1547 1614 1621 1644 scri-

963 1660 1018 1696 bit,
1034 1666 1065 1691 et
1084 1661 1263 1692 Phurnutus
1277 1661 1315 1693 de
1334 1663 1456 1693 Natura
1470 1663 1621 1695 Deorum.

963 1711 1057 1741 Cror.
1092 1711 1238 1748 Pheroeas,
1254 1711 1297 1742 sic
1312 1712 1453 1743 meliores
1467 1712 1548 1749 libri,
1561 1723 1623 1744 non

960 1771 1014 1799 per
1025 1767 1120 1796 cestus,
1137 1767 1189 1791 aut
1202 1772 1255 1801 per
1278 1762 1390 1791 herhas.
1415 1760 1556 1793 similiter
1570 1773 1622 1793 ve-

963 1809 1092 1840 tustiora
1114 1810 1304 1851 exemplaria
1318 1810 1389 1840 Art.
1405 1810 1478 1841 Am.
1494 1810 1528 1842 ii.
1544 1812 1621 1842 239.

964 1864 1089 1889 monent
1102 1859 1312 1900 reponendum
1327 1870 1393 1890 esse
1406 1872 1412 1889 :

1009 1907 1157 1948 Cynthius
1173 1909 1291 1938 Admeti
1305 1919 1408 1939 vaccas
1420 1910 1532 1948 pavisse
1544 1909 1621 1940 Phe-

1092 1968 1143 1986 7·ιεί

1052 2004 1188 2035 Dicitur.

966 2053 1028 2084 Ubi
1053 2054 1118 2096 pari
1141 2053 1231 2084 modo
1255 2054 1288 2084 in
1308 2054 1443 2095 vulgatis
1465 2054 1624 2086 codicibus

965 2108 1123 2144 peccatur.
1169 2103 1289 2134 Seneca
1325 2103 1461 2135 Hercule
1487 2105 1624 2141 Furenti,

966 2152 1041 2183 451.

1012 2202 1116 2231 Pastor
1132 2202 1264 2232 Pheroeos
1281 2202 1388 2232 Delius
1396 2204 1479 2242 parit
1494 2214 1608 2245 greges.

966 2250 1162 2282 Pheraeorum
1184 2250 1267 2281 enim
1291 2262 1343 2282 rex
1362 2251 1528 2282 Admetus.
1554 2252 1624 2283 hinc

966 2299 1134 2341 Apollonio
1144 2299 1199 2330 lib.
1213 2300 1236 2330 i.
1250 2301 1303 2331 49.
1329 2299 1408 2332 Οὐδὲ
1419 2302 1537 2342 Φεραῖς
1548 2301 1625 2332 ’Ἄδ-

965 2361 1069 2391 μητος
1101 2348 1313 2390 ἐϋῤῥηνεσσιν
1341 2349 1510 2386 ἀνάσσων,
1541 2350 1626 2392 Μίμ-

967 2410 1025 2429 νεν
1041 2398 1105 2429 ὑπὸ
1121 2400 1263 2437 σκοπιὴν
1275 2399 1365 2440 ὄρεος
1381 2398 1627 2439 χαλκωόὀνιοιο.

968 2453 998 2478 et
1013 2447 1056 2478 ita
1068 2448 1175 2478 Valer.
1193 2448 1298 2478 Flacc.
1316 2447 1338 2477 i.
1356 2448 1430 2477 444.

1013 2496 1051 2526 Te
1065 2507 1176 2536 quoque
1198 2498 1273 2527 dant
1297 2498 1392 2536 campi
1417 2502 1499 2527 tanto
1509 2504 1626 2536 pastore

1055 2546 1169 2575 Pherzri

1014 2595 1123 2625 Felices
1139 2595 1272 2624 Aclmete.

971 2644 1102 2685 Copiose
1117 2643 1184 2673 haec
1200 2642 1307 2672 fabula
1322 2648 1461 2673 narratur
1476 2643 1506 2673 in
1523 2653 1624 2684 paroc-

970 2692 1039 2722 miis
1055 2692 1174 2723 Graecis
1196 2691 1313 2722 Schotti
1335 2703 1367 2733 p.
1382 2693 1435 2723 45.
1458 2691 1510 2722 ubi
1527 2703 1556 2722 v.
1572 2702 1625 2722 no-

971 2747 1029 2772 tas.
1056 2740 1204 2783 Apollod.
1230 2751 1263 2781 p.
1289 2741 1343 2770 27.
1369 2746 1401 2771 ct
1426 2741 1480 2771 37.
1506 2740 1623 2781 Ilygin.

972 2790 1048 2821 Fab.
1067 2791 1117 2827 49,
1129 2790 1183 2826 50,
1199 2790 1252 2821 51.
1266 2800 1297 2820 v.
1311 2788 1440 2820 Frischl.
1458 2789 1488 2821 in
1501 2789 1625 2821 Callim.
