1849 3198
224 179 309 221 338

620 178 670 218 P.
704 177 918 220 OVIDII
951 177 1232 220 NASONIS

232 295 445 342 Tithono
470 295 648 341 vellem
673 295 735 341 de
761 301 810 341 te
836 309 1032 341 narrare
1056 294 1256 341 liceret:
1559 298 1622 341 35

300 371 489 418 Fabula
513 387 611 417 non
636 372 761 418 coelo
786 371 975 434 turpior
999 371 1100 417 ulla
1123 370 1264 417 foret.

233 447 380 494 Illum
406 449 524 494 dum
550 447 750 510 refugis,
778 448 928 509 longo
954 447 1073 510 quia
1096 447 1302 509 frigidus
1329 463 1448 502 aevo,

300 525 473 587 Surgis
500 525 562 571 ad
588 525 769 572 invisas
796 541 825 571 a
849 541 968 571 sene
993 541 1139 571 mane
1158 531 1306 571 rotas.

230 601 299 649 At
324 602 363 649 si
384 619 535 665 quem
560 603 791 650 manibus
814 602 1093 665 Cephalum
1115 603 1379 666 complexa
1398 608 1618 658 teneres;

300 679 579 737 Clamares3
622 679 778 727 Lente
804 680 985 727 currite
1012 680 1170 726 noctis
1197 679 1330 742 equi.

1558 681 1623 725 40

233 756 337 802 Cur
362 773 454 818 ego
480 757 670 819 plectar
696 756 901 803 amans?
940 756 980 802 si
1004 756 1076 802 vir
1101 756 1189 802 tibi
1227 763 1415 803 marcet
1447 757 1510 802 ab
1537 772 1621 802 an-

299 833 433 879 Num
460 849 539 879 me
565 833 777 896 nupsisti
803 832 1099 879 conciliante
1125 833 1265 879 seni?

1493 832 1590 894 [nis
1608 850 1619 888 ;

231 910 468 973 Adspice,
497 916 619 972 quot
644 925 842 956 somnos
861 909 1032 971 juveni
1058 909 1254 956 donarit
1278 916 1441 956 amato

299 986 440 1032 Luna
458 1004 484 1033 :1
504 980 672 1049 vneque
698 987 827 1033 illius
853 986 1009 1033 forma
1033 987 1254 1034 secunda
1277 993 1391 1033 tuae.

232 1064 348 1127 Ipse
376 1052 539 1111 Desim
566 1065 773 1126 genitor,
801 1081 862 1111 ne
887 1071 936 1111 te
961 1072 1063 1111 tam
1089 1080 1223 1127 saepe
1248 1064 1453 1117 videret,

1556 1065 1622 1109 45

300 1141 564 1187 Commisit
589 1148 759 1187 noctes
786 1141 835 1187 in
861 1157 952 1187 sua
974 1148 1088 1188 vota
1113 1141 1252 1187 duas.

231 1216 406 1280 Jurgia
429 1218 669 1265 finieram.
709 1219 861 1266 scires
888 1219 1114 1274 audisse3
1156 1217 1383 1264 rubebat.

300 1294 407 1342 Nec
433 1302 601 1342 tamen
627 1295 834 1342 adsueto
859 1295 1048 1342 tardius
1075 1302 1182 1341 orta
1205 1294 1329 1340 dies.

682 1615 983 1662 ELEGIA
1034 1614 1175 1661 XIV.

234 1736 493 1792 Dicebam,
522 1735 779 1783 Medicare
805 1743 916 1782 tuos
943 1734 1127 1781 desiste
1155 1733 1378 1796 capillos,

299 1813 546 1875 Tinguere
573 1830 724 1876 quam
748 1814 926 1877 possis,
949 1814 1053 1875 jam
1078 1811 1167 1858 tibi
1200 1811 1335 1857 nulla
1359 1826 1504 1857 coma
1527 1818 1620 1858 est.

230 1984 465 2026 recentiori,qui
483 1991 633 2026 praeterea
644 1987 794 2026 agnoscit,
809 1986 891 2021 Quid

229 2037 253 2065 si
282 2035 434 2074 Cephalio.
481 2035 573 2065 Certe
596 2035 635 2066 <le
653 2035 794 2077 Cephalo
819 2046 890 2066 cum

231 2094 301 2114 mox
329 2083 368 2113 sit
388 2087 524 2119 acturus,
547 2085 646 2114 otiosa
673 2092 720 2114 est
743 2084 800 2114 hoc
823 2084 891 2115 loco

232 2134 298 2174 ejus
314 2131 444 2162 mentio.
489 2133 623 2173 Mycillo
639 2133 733 2163 etiam
752 2144 788 2163 ac
806 2134 889 2164 Gru-

232 2187 296 2211 tero
319 2186 497 2222 suspectum
523 2182 698 2212 habebatur
720 2182 778 2212 hoc
803 2183 889 2213 disti-

231 2230 323 2260 chon.
368 2230 489 2260 Hfflxs.

274 2273 326 2303 40.
351 2272 446 2302 Lente
460 2275 576 2303 currite
593 2276 686 2304 noctis
702 2275 798 2314 equi]
818 2275 888 2305 Nox

230 2321 295 2352 filia
310 2321 400 2357 Chai,
417 2332 486 2363 quae
503 2333 540 2352 ex
559 2323 661 2353 Erebo
676 2323 768 2354 fratre
779 2324 889 2354 AEthe-

230 2381 274 2405 ra,
304 2376 335 2400 et
370 2369 465 2400 Diem
503 2371 637 2412 peperit.
668 2371 823 2403 Hesiodus
860 2373 890 2402 in

229 2418 421 2459 Theogonia.
470 2419 561 2450 C10F.

277 2519 304 2548 1.
331 2518 501 2558 Dicebam]
532 2519 668 2559 Elegans
698 2529 771 2549 usus
801 2520 892 2562 hujus

231 2566 328 2603 verbi,
354 2567 412 2597 hoc
437 2572 586 2609 ternpore,
612 2578 672 2608 quo
698 2567 810 2598 frustra
835 2580 890 2600 nos

230 2616 450 2656 praemonuisse
467 2616 653 2653 incredulos,
669 2617 804 2657 quadam
819 2629 888 2648 culn

230 2665 388 2707 voluptate
409 2667 644 2706 exprobramus.
669 2667 758 2707 plura
781 2678 885 2697 exem-

229 2714 282 2754 pla
310 2714 502 2755 collegerunt
527 2716 720 2746 Passeratius
750 2716 788 2746 ad
816 2717 888 2747 Pro-

959 1991 1039 2027 pert.
1057 1985 1111 2015 lib.
1129 1984 1151 2014 i.
1169 1984 1259 2025 Eleg.
1284 1985 1315 2015 9.
1336 1984 1438 2025 princ.
1464 1989 1494 2014 et
1510 1982 1623 2014 Barth.

960 2035 1000 2065 ad
1016 2036 1096 2065 Stat.
1113 2034 1158 2065 iv.
1174 2034 1249 2064 Silv.
1264 2033 1308 2064 iii.
1325 2045 1405 2064 vers.
1426 2034 1476 2063 12.
1501 2034 1620 2064 Bmm.

1004 2084 1119 2114 Desiste
1135 2089 1198 2113 tuos
1211 2084 1355 2113 medicare
1368 2082 1521 2122 capillos]
1537 2082 1623 2124 Cyn-

960 2133 1055 2163 thiam
1085 2143 1209 2174 quoque
1245 2131 1386 2173 increpat
1416 2132 1555 2173 Propert.
1591 2131 1625 2162 ii.

959 2182 1050 2223 Eleg.
1070 2182 1133 2212 xiv.
1150 2183 1203 2212 25.
1225 2191 1293 2222 sqq.
1318 2181 1401 2221 quod
1424 2186 1550 2211 externo
1571 2191 1622 2211 ca-

960 2237 1016 2272 put
1030 2231 1127 2261 nitore
1145 2230 1289 2271 tingeret,
1304 2236 1335 2260 et
1349 2241 1400 2260 nra
1417 2241 1538 2260 romana
1555 2235 1621 2260 tur-

959 2279 1037 2321 piter
1066 2279 1167 2310 colore
1195 2280 1307 2320 belgico
1344 2279 1492 2309 inficeret.
1538 2279 1622 2310 Nam

959 2339 1052 2369 supra
1067 2329 1159 2359 fidem
1180 2327 1278 2358 libido
1302 2339 1444 2359 romanas
1467 2334 1626 2359 matronas

960 2377 1116 2408 invaserat
1131 2377 1230 2408 crines
1249 2379 1428 2413 medicandi,
1446 2383 1480 2407 ut
1495 2376 1622 2408 rutilum

960 2427 1091 2457 colorem
1114 2427 1272 2462 referrent,
1288 2427 1341 2467 qui
1367 2427 1490 2457 nativus
1504 2426 1624 2467 Belgis,

960 2474 1132 2511 Britannis,
1151 2481 1181 2505 et
1205 2474 1242 2505 iis
1257 2475 1399 2506 omnibus
1419 2475 1552 2517 populis,
1569 2476 1623 2517 qui

959 2523 1209 2564 Septentrionem
1225 2534 1334 2554 versus
1346 2530 1455 2565 agunt.
1482 2523 1544 2554 Sed
1558 2534 1622 2554 mo·

958 2582 1021 2602 rem
1038 2572 1120 2603 hunc
1134 2572 1273 2613 tingendi
1289 2573 1419 2615 capillos
1435 2573 1532 2603 multo
1548 2579 1621 2603 ante

959 2621 1040 2662 apud
1054 2621 1214 2652 Romanas
1228 2622 1372 2663 viguisse,
1384 2632 1479 2663 quam
1495 2622 1533 2652 de
1546 2622 1620 2653 Bel-

957 2671 1004 2711 gis
1033 2671 1082 2701 vel
1118 2671 1281 2702 Britannis*
1315 2672 1498 2707 audiissent,
1536 2672 1622 2702 testis

959 2720 1038 2750 Cato
1054 2720 1085 2751 in
1094 2720 1274 2759 originibus.
1299 2726 1317 2738 ‘⁶
1334 2720 1496 2753 Mulieres,
1510 2720 1623 2761 inquit.
