1849 3198
661 232 958 275 AMORUM.
1029 233 1148 273 LIB.
1184 232 1219 273 Ι.
1252 233 1292 274 6.
1582 234 1667 274 309

276 349 510 412 Cumque
526 349 595 396 ita
609 355 869 412 pugnaret,
882 355 1140 409 tamquam
1156 364 1267 410 quae
1283 348 1478 394 vincere
1495 347 1663 402 nollet,

342 425 490 473 Victa
514 433 590 473 est
614 441 713 471 non
739 441 869 487 aegre
894 424 1175 487 proditione
1203 425 1311 470 sua.
1608 427 1664 470 16

281 501 349 548 Ut
373 503 511 549 stetit
535 510 649 549 ante
675 503 862 557 oculos,
889 502 1051 565 posito
1077 501 1336 556 velamine,
1364 510 1573 557 nostros,

342 579 402 625 In
426 586 530 626 toto
555 595 803 642 nusquam
829 595 1034 642 corpore
1058 579 1239 625 menda
1263 577 1370 624 suit.

277 655 414 710 Quos
441 656 688 711 humeros,
717 656 892 719 quales
916 656 1016 703 vidi
1040 656 1285 718 tetigique
1310 655 1547 701 lacertos!

344 732 524 779 Forma
548 733 843 796 papillarum
871 749 1022 796 quam
1048 732 1140 779 fuit
1165 739 1282 795 apta
1304 731 1490 794 premi!
1603 735 1666 776 20

275 808 440 862 Quam
459 810 702 871 castigato
729 810 907 873 planus
934 811 1026 856 sub
1051 816 1253 872 pectore
1277 807 1474 855 venter!

342 885 597 940 Quantum
623 893 674 932 et
699 887 847 949 quale
872 887 1002 933 latus
1024 886 1033 931 ἔ
1074 902 1226 949 quam
1245 884 1464 947 juvenile
1485 883 1664 930 femur!

278 961 486 1024 Singula
509 963 630 1026 quid
656 963 897 1011 referam?
935 963 1002 1009 nil
1028 979 1125 1010 non
1151 961 1399 1009 laudabile
1424 961 1522 1007 vidi
1543 979 1551 1008 :

343 1038 410 1085 Et
434 1039 618 1086 nudam
642 1040 800 1103 pressi
825 1056 1006 1103 corpus
1032 1040 1094 1086 ad
1120 1054 1280 1102 usque
1307 1054 1490 1085 meum.

277 1115 461 1162 Cetera
485 1116 598 1178 quis
624 1117 816 1163 nescit?
853 1117 973 1163 lassi
999 1116 1334 1179 requievimus
1360 1116 1522 1162 ambo.
1605 1118 1666 1162 25

343 1191 647 1239 Proveniant
671 1193 820 1240 medii
848 1194 919 1240 sic
946 1193 1065 1240 mihi
1091 1208 1225 1256 saepe
1250 1192 1375 1240 dies.

754 1460 1057 1507 ELEGIA
1105 1460 1193 1506 VI.

276 1570 470 1618 Janitor
495 1571 800 1633 (indignum)
827 1571 952 1617 dura
980 1571 1184 1633 religate
1210 1573 1406 1626 caten-21,

347 1648 611 1694 Difficilem
638 1654 771 1696 moto
798 1647 999 1694 cardine
1025 1649 1189 1711 pande
1215 1648 1386 1695 forem.

279 1725 426 1780 Quod
452 1741 642 1789 precor,
670 1725 908 1787 exiguum
934 1732 1027 1772 est.
1068 1725 1204 1772 aditu
1231 1725 1308 1772 fac
1329 1727 1484 1788 janua
1510 1742 1659 1789 parvo

346 1802 624 1865 Obliquum
650 1801 816 1864 capiat
841 1802 1208 1864 semiadaperta
1232 1802 1378 1848 latus.

280 1879 478 1942 Longus
500 1880 654 1926 Amor
677 1879 802 1926 tales
828 1895 1008 1942 corpus
1034 1879 1255 1925 tenuavit
1279 1879 1329 1925 in
1355 1895 1502 1926 usus:
1644 1883 1671 1925 5

344 1957 579 2020 Aptaque
606 1957 856 2004 subducto
882 1957 1101 2020 pondere
1127 1957 1351 2003 membra
1375 1955 1529 2003 dedit.

280 2033 370 2081 Ille
395 2050 483 2097 per
508 2034 748 2081 excubias
774 2034 1042 2080 custodum
1067 2033 1245 2079 leniter
1269 2032 1340 2078 ire

345 2110 621 2158 Monstrat:
662 2109 930 2156 inoffensos
956 2109 1124 2171 dirigit
1150 2109 1231 2156 ille
1258 2109 1430 2173 pedes.

319 2274 374 2302 21.
413 2272 512 2306 Quum
540 2273 713 2314 castigata]
753 2273 939 2309 Emendaw,
1053 2272 1103 2303 El.
1121 2272 1236 2302 vi.—l.
1262 2271 1433 2313 Religate]
1460 2271 1529 2301 Hoc
1546 2272 1673 2301 verbum

275 2328 422 2357 correcto,
447 2321 604 2357 nimirum,
625 2332 680 2363 per
702 2321 852 2359 fasciam3
878 2333 941 2363 qua
1008 2334 1062 2364 pro
1085 2321 1220 2362 simplici
1245 2323 1341 2363 ligure
1365 2321 1416 2352 vel
1441 2322 1579 2361 alligari,
1601 2320 1672 2362 poni

276 2376 485 2402 tumescentes
499 2377 530 2402 et
545 2372 753 2401 exuberantes
768 2371 860 2401 nimis
883 2381 939 2412 pa·
1008 2370 1105 2401 solere
1123 2370 1230 2401 docuit
1244 2370 1388 2401 Torrent.
1401 2369 1440 2400 ad
1455 2369 1566 2400 Horat.
1579 2369 1598 2399 i.
1612 2368 1673 2399 Od.

275 2419 368 2461 pillas
382 2419 524 2450 solebant
539 2420 694 2456 coercere,
711 2425 745 2450 ut
768 2420 799 2449 in
818 2419 874 2450 lib.
892 2419 939 2449 iii.
1009 2421 1064 2450 32.

276 2468 348 2499 Art.
364 2469 473 2499 Amat.
490 2469 566 2498 274.
584 2468 708 2499 instruit
722 2469 855 2510 puellas.
901 2469 940 2498 Et
1052 2470 1082 2499 2.
1109 2468 1305 2509 Difficilem]
1333 2467 1565 2509 Contra-similis
1585 2470 1674 2498 cardo

277 2517 421 2548 Achilles
433 2518 542 2548 Tatius
557 2517 613 2547 lib.
631 2517 653 2547 i.
671 2529 744 2560 pag.
761 2520 792 2548 8.
817 2518 866 2548 De
878 2518 940 2548 Eu·
1009 2518 1125 2548 Juven.
1148 2517 1214 2548 Sat.
1238 2517 1280 2547 iv.
1298 2518 1352 2548 43.
1377 2523 1409 2548 et
1434 2518 1542 2548 Horat.
1558 2517 1580 2547 i.
1609 2516 1672 2547 Od.

277 2578 361 2608 ropa,
386 2567 497 2604 Βαθὺς
520 2567 676 2608 ὀμφαλὸς,
699 2568 828 2608 γαστὴρ
851 2578 942 2597 ‘rera-
1011 2568 1065 2598 25.

275 2615 368 2655 μένη,
408 2615 546 2657 λαπάρα
577 2615 687 2654 στενὴ.
725 2615 778 2646 ubi
808 2614 943 2657 plurima
1056 2617 1128 2650 Qua:
1164 2618 1248 2655 prius
1277 2617 1405 2646 multum
1436 2615 1549 2657 faciles
1582 2626 1674 2644 nioce-

277 2664 349 2694 huic
374 2664 515 2695 Corinnae
533 2663 698 2695 Ovidianae
727 2675 787 2695 non
808 2663 941 2694 ‹lis-simi·
1042 2688 1047 2697 ,
1140 2666 1189 2693 bat

278 2713 332 2743 lia.
350 2714 414 2744 vid.
430 2714 507 2744 Jun.
532 2714 570 2744 dc
586 2713 722 2745 Pictura.
738 2714 792 2744 lib.
809 2714 854 2743 iii.
873 2724 941 2753 cap.
1057 2714 1214 2743 Curdines.
1511 2712 1629 2741 lissixs.

279 2761 321 2792 ix.
338 2769 414 2793 sect.
432 2764 486 2793 28.
535 2764 651 2793 Burm-

1096 2815 1121 2844 Χ
1139 2817 1157 2843 8
