1849 3198
234 174 320 214 240

236 287 511 336 Hactenus.
551 303 784 334 arcanum
810 286 999 334 furtivae
1026 287 1228 334 conscia
1251 287 1431 335 mentis

626 172 675 212 P.
712 171 924 212 OVIDII
960 171 1238 212 NASONIS

1523 291 1620 336 265

303 366 483 421 Litera,
504 366 610 428 jam
634 366 765 412 lasso
791 365 986 428 pollice,
1015 365 1158 411 sistat
1181 381 1323 428 opus.

236 443 418 490 Cetera
432 459 520 507 per
535 443 696 490 socias
711 443 989 506 Clymenen
1001 443 1327 504 AEthramque
1342 442 1618 504 loquamur,

302 519 426 574 Quae
452 520 570 566 mihi
597 526 713 566 sunt
736 519 942 566 comites
968 519 1335 581 consiliumque·
1356 518 1483 565 duae.

629 801 979 849 EPISTOLA
1016 801 1218 849 XVIII.

537 940 920 983 LEANDER
976 941 1309 983 HERONI.

233 1059 391 1106 Mittit
414 1058 709 1122 Abydenus,
737 1074 888 1122 quam
914 1059 1084 1107 mallet
1107 1059 1249 1115 ferre,
1278 1059 1506 1114 salutem,

300 1136 353 1183 Si
378 1136 526 1183 cadat
549 1136 621 1183 ira
644 1136 810 1192 maris,
841 1135 988 1183 Sesta
1011 1136 1193 1200 puella,
1220 1136 1327 1183 tibi.

228 1292 300 1332 est.]
329 1291 434 1322 Caesar
455 1292 535 1323 libro
555 1292 653 1334 primo
675 1292 750 1323 belli
767 1292 888 1329 Civilis,

227 1351 299 1382 cap.
316 1341 370 1372 48.
419 1341 542 1381 Tempus
565 1348 632 1372 erat
652 1344 727 1372 anni
742 1341 887 1383 difficilli-

226 1402 319 1426 mum,
347 1402 402 1431 quo
430 1402 523 1431 aeque
541 1391 708 1433 frumenta
731 1393 765 1422 in
794 1392 890 1422 herbis

226 1446 326 1475 erant,
344 1451 437 1480 neque
457 1441 587 1470 multum
608 1452 626 1470 a
642 1442 818 1471 maturitate
838 1442 887 1471 ab·

226 1496 325 1519 erant.
355 1489 407 1520 ubi
433 1489 499 1520 vid.
522 1494 612 1520 notas
635 1489 711 1519 Aldi
736 1489 887 1521 Manutii.

226 1540 314 1569 herba
328 1538 360 1569 in
376 1545 481 1580 segete
497 1545 554 1575 est,
570 1539 751 1581 priusquam
768 1539 800 1569 in
812 1540 887 1571 aris-

224 1594 272 1619 tas
300 1588 410 1629 surgit.
469 1588 570 1630 quue
600 1588 758 1619 Proverbii
786 1589 887 1619 vicem

225 1638 357 1673 obtinet,
375 1637 413 1668 de
433 1637 480 1674 iis,
497 1637 550 1679 qui
574 1638 640 1668 vita
663 1643 694 1668 et
709 1648 763 1679 spe
779 1638 886 1680 praeci-

224 1686 339 1728 pitant.
386 1686 511 1718 Persius
534 1687 644 1728 Satyra
673 1692 779 1717 sexta:
806 1687 888 1721 Quid

225 1736 359 1766 >7necuass²
382 1747 461 1772 occa,
483 1743 512 1766 et
531 1747 609 1778 seges
629 1737 727 1766 altera
743 1738 777 1766 in
798 1737 888 1766 herba

224 1792 275 1816 est.
321 1785 359 1815 In
375 1785 523 1816 Oratione
538 1786 588 1815 M.
605 1785 733 1816 Catonis
747 1785 887 1816 Censorii

225 1834 263 1865 de
293 1833 453 1865 AEdilibus
482 1833 557 1866 vitio
583 1833 706 1870 creatis,
731 1834 886 1865 Noctibus

225 1883 340 1914 Atticis
363 1883 406 1914 A.
423 1883 520 1915 Gellii
544 1883 622 1914 libro
637 1883 703 1914 xiii.
719 1894 790 1925 cap.
808 1883 884 1915 xvii.

226 1932 319 1963 Nunc
333 1934 378 1963 ita
400 1934 502 1972 ajunt,
519 1935 552 1963 in
571 1934 724 1974 segetibus,
739 1934 772 1962 in
792 1933 887 1964 herbis

225 1983 299 2012 bona
307 1983 472 2024 frumenta
487 1994 556 2014 esse.
581 1984 674 2013 nolite
695 1984 737 2013 ibi
761 1984 886 2014 nimiam

223 2043 300 2071 spem
317 2033 433 2063 habere.
458 2043 529 2072 soepe
544 2033 648 2063 audivi
662 2033 742 2062 inter
756 2042 785 2062 os
800 2038 827 2062 et
839 2032 884 2074 qf-

213 2081 287 2122 fam
313 2082 409 2111 multa
435 2083 619 2112 intervenire
654 2092 745 2120 posse.
783 2091 885 2111 verum

223 2141 291 2161 vero
305 2132 386 2161 inter
405 2130 495 2172 offam
517 2137 604 2170 atque
628 2131 745 2160 herbam
764 2131 804 2159 ibi
819 2141 885 2161 vero

225 2180 346 2220 longum
361 2180 558 2209 intervallum
573 2186 626 2209 est.
643 2178 684 2210 iv.
708 2179 794 2209 Fast.
811 2179 885 2211 645.

268 2228 347 2268 Saepe
365 2229 450 2259 Ceres
463 2230 569 2268 primis
587 2230 739 2259 dominum
749 2228 885 2268 fallebat

310 2280 343 2308 in
359 2279 464 2309 herbis.
724 2278 841 2309 mes.

267 2328 343 2359 267.
369 2328 531 2369 Clymenen
544 2327 770 2367 AEthramque.]
797 2327 883 2358 Prio-

225 2387 289 2407 rem
311 2376 400 2407 aliter
418 2382 508 2408 vocat
523 2376 668 2418 Hyginus
683 2387 751 2418 cap.
767 2378 821 2407 92.
844 2377 884 2408 de

220 2426 340 2468 judicio
363 2426 496 2457 Paridis.
542 2426 723 2457 Alexander
752 2426 885 2457 Veneris

223 2475 361 2517 impulsu
382 2476 538 2506 Helenam
558 2486 576 2505 a
599 2475 823 2506 Lacedaemone
845 2476 883 2506 ab

224 2523 345 2565 hospite
357 2524 504 2556 Menelao
515 2524 639 2565 Trojam
648 2524 789 2560 abduxit,
799 2535 883 2555 eam-

225 2584 285 2613 que
309 2572 340 2603 in
364 2573 507 2615 conjugio
530 2573 639 2603 habuit
668 2584 739 2603 cum
764 2573 884 2603 ancillis

224 2621 346 2652 duabus
362 2623 475 2653 iEthra
494 2629 523 2653 et
540 2622 697 2658 Pbisaidc,
714 2634 792 2663 quas
808 2623 883 2653 Cas-

224 2677 270 2701 tor
295 2678 326 2702 et
349 2673 461 2703 Pollux
484 2672 625 2714 captivas
655 2673 682 2702 ei
707 2673 882 2714 assignave-

224 2727 302 2758 rant,
320 2722 488 2765 aliquando
503 2722 634 2763 reginas.
681 2722 775 2753 Cior.

1000 1292 1092 1323 Hanc
1119 1291 1291 1333 Epistolam
1310 1291 1459 1322 Barthius
1473 1290 1513 1321 ad
1528 1290 1620 1322 Statii

955 1341 1057 1372 Theb.
1075 1342 1118 1372 vi.
1135 1343 1210 1373 545.
1245 1341 1360 1372 Ovidio
1376 1341 1551 1372 adscribere
1566 1340 1618 1371 vix

957 1390 1065 1426 audet,
1099 1390 1247 1421 inductus
1280 1401 1360 1421 vers.
1383 1390 1459 1420 247.
1485 1395 1516 1420 et
1540 1391 1617 1420 248.

957 1451 1034 1482 quos
1049 1451 1087 1471 ex
1100 1441 1222 1470 Musaeo
1234 1450 1338 1471 versos
1354 1450 1420 1470 esse
1434 1445 1524 1481 putat
1536 1451 1544 1478 ;
1559 1439 1618 1470 nisi

956 1489 1097 1520 Musaeus
1114 1489 1153 1520 sit
1177 1488 1344 1530 antiquior,
1364 1499 1458 1530 quam
1479 1489 1619 1530 persuasi

956 1549 1039 1569 nunc
1052 1539 1113 1569 sint
1128 1538 1212 1569 docti
1227 1538 1382 1569 homines.
1407 1538 1462 1569 sed
1474 1538 1619 1569 Lutatius

955 1587 995 1618 ad
1010 1589 1156 1619 eumdem
1171 1587 1261 1618 Statii
1273 1588 1376 1618 locum
1385 1587 1504 1623 scribit,
1517 1588 1618 1619 Lean-

954 1638 1135 1679 drifabula
1165 1644 1216 1674 est,
1249 1638 1355 1668 Ouidio
1381 1637 1539 1679 referente,
1565 1650 1618 1668 no-

956 1688 1079 1724 rissima,
1098 1698 1191 1729 quem
1207 1686 1247 1718 ad
1264 1687 1344 1717 hanc
1366 1687 1540 1728 Epistolam
1554 1698 1617 1718 res-

954 1736 1060 1777 picere
1077 1736 1277 1767 manifestum
1296 1741 1353 1771 est,
1371 1746 1442 1766 cum
1458 1736 1490 1766 in
1511 1737 1617 1768 Meta-

954 1785 1109 1827 morphosi
1142 1785 1209 1816 liaec
1240 1784 1345 1822 sabula
1383 1796 1444 1816 non
1480 1785 1615 1827 legatur.

953 1834 1070 1865 Euam.

999 1885 1027 1913 1.
1052 1884 1152 1913 Mittit
1168 1884 1339 1923 Abydenus,
1355 1882 1435 1923 δια]
1462 1881 1615 1919 Leander,

954 1932 1007 1974 qui
1029 1943 1067 1963 ex
1091 1932 1219 1974 Abydo,
1243 1932 1357 1974 oppido
1380 1931 1462 1973 quod
1486 1931 1560 1962 olim
1584 1932 1617 1963 in

953 1988 1092 2013 extrema
1116 1982 1201 2012 Asiae
1226 1987 1325 2023 parte,
1355 1981 1395 2012 ad
1420 1992 1505 2012 oram
1531 1981 1617 2012 sinus

953 2031 1213 2073 Hellespontiaci,
1229 2030 1389 2061 conditum
1405 2036 1471 2061 erat
1486 2041 1503 2061 a
1518 2031 1614 2062 Mile-

952 2080 1017 2116 siis,
1048 2085 1205 2111 annuente
1230 2085 1262 2110 et
1291 2079 1483 2110 concedente
1511 2080 1615 2121 Gyge,

953 2130 1110 2171 Lydorum
1143 2140 1227 2170 rege,
1257 2129 1310 2170 qui
1344 2120 1418 2160 tun'c
1454 2129 1614 2170 regionem

953 2178 1034 2209 hanc
1049 2189 1182 2214 omnem,
1199 2178 1280 2209 sicut
1291 2184 1321 2207 et
1335 2177 1467 2214 Troada,
1482 2178 1540 2208 sub
1556 2177 1614 2208 im-

952 2229 1038 2269 perio
1052 2239 1108 2259 suo
1122 2228 1261 2259 tenebat.
1287 2227 1390 2258 strab.
1407 2228 1473 2258 xiii.
1491 2238 1562 2270 cap.
1582 2229 1612 2259 l.

952 2279 1040 2309 Sesto
1065 2277 1194 2318 Abydos
1219 2278 1393 2319 objacebat,
1410 2288 1428 2308 a
1443 2288 1504 2318 quo
1527 2277 1614 2309 mille

951 2337 1099 2368 passuum
1131 2326 1263 2368 trajectu
1289 2326 1444 2357 distabat:
1478 2326 1533 2357 sed
1570 2326 1613 2358 ibi

951 2376 1065 2408 fretum
1080 2376 1223 2418 rapidum
1248 2376 1325 2406 adeo
1349 2382 1381 2407 et
1405 2376 1614 2413 intractabile,

952 2432 987 2457 ut
1008 2427 1033 2456 si
1046 2425 1099 2467 qui
1125 2436 1163 2456 ex
1178 2425 1257 2456 Asia
1278 2426 1311 2456 in
1336 2426 1490 2467 Europam
1509 2431 1613 2456 essent

951 2474 1119 2511 transituri,
1130 2485 1227 2511 oram,
1241 2480 1318 2506 teste
1330 2474 1440 2505 eodem
1449 2474 1612 2512 Strabone,

953 2525 1001 2556 cix
1022 2525 1103 2556 stad.
1121 2524 1219 2566 spatio
1236 2525 1338 2565 legere
1361 2528 1555 2565 cogerentur,
1571 2534 1611 2555 ne

952 2574 1104 2604 undarum
1134 2573 1163 2603 vi
1192 2573 1368 2615 praecipites
1405 2572 1610 2604 auferrentur.

952 2624 1083 2654 Exstant
1108 2622 1209 2653 adhuc
1232 2622 1338 2664 Abydi
1363 2620 1504 2661 vestigia.
1524 2621 1609 2652 haud

952 2672 1056 2714 procul
1073 2682 1091 2702 a
1106 2672 1183 2707 loco,
1199 2671 1252 2712 qui
1271 2668 1398 2712 Nagara,
1413 2670 1542 2708 dicitur;
1558 2681 1609 2700 su—

951 2727 1078 2763 persunt
1101 2731 1225 2762 quoque
1248 2720 1279 2752 in
1301 2721 1430 2752 adversa
1455 2730 1507 2750 ora
1528 2718 1609 2759 Sesti
