1849 3198
191 190 281 231 254

589 188 639 228 P.
664 186 876 229 OVIDII
910 187 1190 230 NASONIS

202 305 336 352 Pace
360 303 494 351 brevi
521 303 662 350 nobis
688 319 812 367 opus
838 311 940 361 est;
981 304 1099 350 dum
1124 303 1389 351 transferor
1415 304 1536 352 isto:

270 382 399 429 Cum
423 387 510 427 tua
533 380 785 443 contigero
809 380 967 437 litora,
994 388 1184 445 perstet
1207 381 1382 428 hiems.

1488 384 1583 429 206

204 460 312 506 Illic
338 465 414 505 est
439 465 609 522 aptum
635 465 814 505 nostrae
840 460 1012 506 navale
1037 460 1244 507 carinae:

272 535 338 583 Et
361 535 537 582 melius
562 535 698 582 nulla
725 542 823 582 stat
847 552 959 583 mea
982 537 1165 600 puppis
1192 537 1341 599 aqua.

206 614 316 661 Illic
340 629 420 661 me
445 613 645 661 claudat
670 613 886 670 Boreas3

926 613 1011 660 ubi
1037 615 1183 661 dulce
1209 614 1385 661 morari
1404 632 1414 671 3

271 691 411 738 Tunc
431 691 571 754 piger
590 690 652 737 ad
671 690 906 745 nandum,
923 697 1040 737 tunc
1062 707 1153 753 ego
1173 698 1350 738 cautus
1364 707 1463 738 ero.
1491 693 1588 737 210

208 769 315 816 Nec
341 768 517 815 faciam
544 767 704 814 surdis
730 767 952 814 convicia
976 768 1209 814 fiuctibus
1235 768 1362 815 ulla:

272 846 435 893 Triste
460 851 686 892 nataturo
711 861 803 891 nec
830 860 1007 907 querar
1031 861 1141 892 esse
1166 844 1361 892 fretum.

209 924 296 971 Me
321 923 503 987 pariter
527 922 659 969 venti
684 928 902 977 teneant,
930 921 1214 985 pariterque
1238 922 1438 979 lacerti;

275 1001 373 1048 Per
398 1016 600 1047 caussas
626 999 737 1046 istic
763 999 1107 1062 impediarque
1132 999 1273 1046 duas.

210 1079 340 1126 Cum
365 1077 581 1141 patietur
604 1076 781 1132 hiems,
809 1076 956 1124 remis
982 1092 1074 1138 ego
1100 1076 1317 1140 corporis
1343 1082 1467 1123 utar.
1495 1078 1591 1121 215

277 1156 468 1202 Lumen
493 1155 542 1200 in
568 1155 809 1218 adspectu
834 1161 887 1201 tu
913 1154 1059 1200 modo
1085 1170 1281 1217 semper
1305 1153 1450 1200 habe.

211 1234 409 1281 Interea
427 1249 515 1297 pro
540 1249 620 1279 me
644 1239 904 1296 pernoctet
928 1232 1140 1295 epistola
1162 1238 1357 1287 tecum3

276 1311 456 1366 Quam,
483 1326 674 1374 precor,
696 1316 751 1356 ut
775 1310 980 1357 minima
1006 1324 1279 1374 prosequar
1303 1309 1411 1372 ipse
1435 1307 1591 1354 mora.

250 1445 326 1475 205.
353 1444 433 1473 Dum
450 1443 617 1485 transferor
630 1442 730 1482 istum]
753 1442 790 1472 In
802 1442 870 1483 qui-

206 1494 351 1530 busdam,
377 1493 452 1523 dum
478 1492 659 1534 transfretm·
683 1494 770 1523 istnc.
794 1491 870 1522 mihi

208 1544 375 1585 tminifs'erm·
390 1542 489 1583 magis
503 1542 619 1583 placet.
654 1542 870 1573 Nicoma-s.

210 1593 402 1634 Tr11'1nj'retm·
418 1602 456 1621 ne
480 1590 626 1633 recipiam
642 1590 716 1621 facit
739 1591 870 1621 auctori·

206 1649 254 1674 tas
270 1642 346 1672 Aul.
363 1640 472 1672 Gellii.
497 1640 553 1671 lib.
571 1651 600 1671 x.
624 1641 678 1670 26.
695 1639 748 1681 qui
770 1647 868 1670 trans-

199 1694 331 1735 fretasse
342 1691 456 1722 dixisse
467 1696 587 1721 veteres
603 1689 719 1721 docuit.
743 1690 871 1721 deberet

208 1753 281 1783 ergo
296 1741 346 1772 hic
363 1740 525 1782 transfreta
540 1739 667 1770 dixisse.
692 1738 747 1769 sed
765 1739 869 1769 seculo

209 1790 317 1822 Ovidii
332 1801 392 1820 non
404 1788 571 1820 admodum
582 1789 731 1819 usitatum
741 1789 870 1819 verbum

209 1841 267 1871 hoc
284 1839 438 1870 existimo.
463 1839 581 1868 Bcnn.

253 1890 328 1919 206.
361 1888 509 1928 Perstet]
542 1888 580 1917 In
611 1897 671 1917 uno
700 1886 872 1916 Heinsiano

209 1945 285 1975 crat,
298 1939 416 1979 perflet.
441 1937 496 1968 sed
519 1936 595 1967 nihil
611 1942 727 1967 temere
740 1941 872 1966 mutem.

210 1987 313 2030 Epist.
329 1986 392 2017 xvi.
405 1988 460 2017 25.

255 2038 385 2071 Perstet,
403 2043 430 2066 et
447 2042 479 2066 ut
494 2037 595 2077 pelagi
609 2037 650 2066 sic
669 2036 794 2075 pectoris
816 2035 869 2064 ad-

288 2089 379 2127 juret
393 2093 506 2116 cfstum.

214 2137 351 2178 Peiflure
372 2135 465 2166 aliam
488 2135 583 2165 habet
606 2132 874 2175 significationem,

215 2191 249 2216 ut
265 2185 295 2215 in
311 2185 364 2215 illo
382 2184 505 2225 Virgilii
520 2183 541 2213 i.
559 2182 688 2213 AEneid.
705 2182 781 2211 813.

404 2234 440 2263 Et
458 2240 551 2264 terras
568 2234 685 2263 turbine
698 2232 840 2272 perflant.

715 2282 832 2311 Bmm.

980 1444 1055 1473 207.
1081 1442 1152 1473 Illic
1168 1441 1239 1482 est.]
1269 1441 1340 1471 Istic
1359 1441 1546 1475 Puteaneus,
1563 1444 1597 1470 ut

937 1498 969 1523 et.
984 1493 1036 1524 alii
1053 1491 1155 1523 multi.
1180 1490 1333 1533 quomodo
1348 1490 1442 1521 iidem
1457 1500 1528 1520 mox
1543 1489 1596 1520 de-

938 1553 1012 1573 nuo.
1038 1543 1155 1572 mes.

980 1592 1057 1622 211.
1083 1590 1268 1630 Fluctibus]
1293 1589 1376 1620 Novi
1398 1589 1512 1619 mullos
1533 1599 1600 1619 esse

940 1641 1056 1671 Poetas
1071 1640 1102 1670 in
1118 1640 1173 1670 illa
1196 1639 1362 1675 locutione,
1377 1639 1496 1669 surdior·
1510 1640 1601 1674 mari,

937 1689 1092 1730 velfrelo,
1110 1690 1164 1720 sed
1188 1688 1238 1719 hic
1253 1688 1301 1719 bis
1322 1688 1406 1718 idem
1428 1688 1556 1725 diceret,
1574 1689 1598 1720 si

938 1749 1011 1769 vera
1036 1744 1082 1770 est
1103 1738 1207 1774 lectio,
1224 1738 1383 1779 fluctibus.
1408 1739 1491 1767 triste
1516 1738 1599 1768 enim

927 1787 1050 1829 fretum
1066 1794 1111 1819 est
1123 1788 1219 1823 idem,
1237 1798 1273 1817 ac
1289 1786 1434 1818 fluctibus
1449 1787 1600 1828 agitatum

939 1842 969 1867 et
984 1836 1148 1867 tumidum.
1172 1846 1267 1877 quare
1290 1835 1417 1866 mallem
1438 1836 1601 1877 hic,flati-

940 1888 991 1916 bus
1014 1885 1129 1927 legere,
1145 1885 1258 1926 quibus
1278 1885 1344 1925 jam
1367 1884 1529 1926 sequentia
1547 1896 1601 1927 op—

939 1935 1013 1966 time
1029 1934 1233 1976 respondent:
1260 1934 1310 1964 Me
1323 1936 1440 1973 pariter
1462 1937 1542 1965 venti
1558 1941 1600 1966 te-

940 1991 1042 2016 neant.
1066 1984 1132 2015 vid.
1149 1984 1188 2015 ad
1204 1983 1257 2015 vii.
1273 1984 1353 2015 Met.
1369 1985 1443 2015 532.
1466 1985 1585 2016 Euam.

983 2035 1059 2066 216.
1084 2034 1201 2064 Lumen
1217 2036 1246 2064 in
1262 2040 1393 2074 aspectu,
1408 2034 1487 2075 δια]
1505 2034 1600 2076 Apud

940 2086 1097 2115 Musaeum
1109 2083 1203 2120 idem,
1216 2084 1308 2114 216.:

983 2133 1100 2169 Ἀλλὰ,
1116 2134 1207 2175 ψιλὴ,
1234 2133 1401 2175 πεφύλαξο
1421 2133 1602 2175 βαρυπνεί-

1028 2195 1141 2220 οντας,

988 2236 1019 2264 M
1027 2232 1045 2270 ι’]
1060 2244 1118 2274 μιν
1133 2230 1298 2274 (λύχνον)
1313 2230 1555 2271 ἀποσβέσσωσι.

1444 2280 1560 2311 Ama.
