1849 3198
575 171 855 213 AMORUM
901 171 1020 212 LIB.
1047 171 1136 213 ΙΙΙ.
1167 173 1209 213 9.

1527 175 1612 215 425

221 285 404 332 Omnia
427 286 763 349 possideantz-
785 283 880 332 illis
908 285 1233 349 Campusque
1260 286 1543 351 Forumque

288 363 504 410 Serviat:
544 364 594 410 hi
618 379 795 427 pacem
821 363 1075 425 crudaque
1099 364 1231 410 bella
1255 372 1444 426 gerant.

218 438 433 486 Tantum
458 435 520 487 n'e
546 447 741 486 nostros
767 439 895 486 avidi
920 439 1205 502 praedentur
1230 455 1450 497 amores3

285 515 352 563 Et
375 517 494 563 satis
520 523 612 572 est,
640 517 828 579 aliquid
853 515 1086 579 pauperis
1112 532 1223 563 esse
1248 516 1427 563 sinant.
1545 521 1608 563 60

219 593 286 639 At
310 609 457 648 nunc,
485 600 719 656 exaequet
745 593 945 640 tetricas
971 593 1088 639 licet
1112 593 1196 639 illa
1222 593 1451 650 Sabinas,

287 669 508 733 Imperat
532 678 586 717 ut
609 677 788 734 captae,
816 670 900 733 qui
927 670 1044 717 dare
1070 670 1227 716 multa
1251 676 1433 732 potest.

221 745 307 794 Me
332 747 562 810 prohibet
585 754 753 795 custos
773 764 783 795 :
823 748 872 794 in
898 764 977 795 me
1001 748 1146 794 timet
1170 747 1254 793 illa
1278 747 1525 793 maritum.

289 823 341 869 Si
367 824 605 879 dederim,
632 825 736 871 tota
764 825 910 872 cedet
933 832 1144 888 uterque
1168 825 1333 871 domo.

222 899 284 955 O,
312 900 351 946 si
378 901 591 962 neglecti
618 901 886 964 quisquam
913 901 1052 948 Deus
1078 901 1206 948 ultor
1231 900 1458 955 amantis,
1546 903 1609 947 65

287 976 410 1024 Tam
435 978 562 1025 male
588 980 825 1041 quaesitas
850 978 1051 1041 pulvere
1076 984 1235 1025 mutet
1259 978 1402 1043 opes!

700 1324 1000 1372 ELEGIA
1039 1324 1134 1372 IX.

224 1451 497 1498 Memnona
522 1452 562 1497 si
589 1459 760 1507 mater,
788 1459 946 1499 mater
970 1452 1178 1515 ploravit
1203 1452 1447 1508 Achillen,

291 1527 356 1574 Et
379 1535 590 1590 tangunt
615 1544 820 1590 magnas
846 1529 1006 1576 tristia
1030 1529 1131 1575 fata
1156 1528 1319 1586 Deas3

226 1604 427 1652 Flebilis
453 1605 698 1667 indignos,
727 1605 948 1667 Elegeia,
977 1606 1110 1652 solve
1135 1605 1358 1669 capillos,

288 1681 367 1728 Ah
393 1682 537 1728 nimis
563 1698 625 1744 ex
653 1698 765 1729 vero
792 1699 921 1729 nunc
948 1682 1036 1729 tibi
1063 1698 1243 1729 nomen
1268 1682 1386 1729 erit!

224 1758 312 1805 Ille
337 1759 407 1805 tui
433 1766 569 1805 vates
596 1759 777 1821 operis,
806 1766 891 1806 tua
916 1759 1062 1814 fama,
1090 1758 1317 1805 Tibullus
1580 1765 1609 1807 5

289 1835 444 1881 Ardet
468 1835 515 1881 in
541 1843 787 1890 extructO,
814 1851 992 1899 corpus
1018 1835 1179 1890 inane,
1207 1851 1341 1897 rogo.

224 1912 373 1967 Ecce,
401 1927 524 1975 puer
548 1911 756 1959 Veneris
782 1911 876 1959 fert
901 1927 1225 1974 eversamque
1251 1912 1550 1974 pharetram,

290 1989 356 2036 Et
380 1988 560 2035 fractos
588 2004 747 2044 arcuS,
776 1996 826 2035 et
849 1987 956 2035 sine
981 1989 1090 2034 luce
1116 1987 1292 2034 facem.

264 2176 316 2205 59.
343 2175 463 2205 Nostros
475 2176 556 2204 aridi
568 2176 728 2204 lucrentur
739 2174 879 2215 artiores]

224 2224 460 2265 Liceuuturjam
476 2224 686 2253 Bersmannus
701 2224 732 2253 in
744 2224 881 2265 margine

221 2273 350 2308 notavit,
367 2278 398 2303 et
417 2271 579 2314 explicuit,
600 2272 734 2313 pretium
757 2272 787 2302 in
805 2283 878 2304 auc-

221 2321 302 2353 tione
314 2321 444 2351 offerant
460 2332 513 2361 pro
525 2331 596 2351 mea
610 2321 727 2362 puella.
751 2321 805 2351 se'd
821 2332 881 2352 non

221 2371 322 2411 agitur
351 2370 401 2400 hie
428 2370 467 2400 dc
496 2369 630 2405 ancillis,
659 2380 728 2410 quae
756 2370 882 2401 venales

222 2430 287 2449 esse
310 2418 465 2453 solebant,
492 2429 587 2459 quare
612 2418 687 2448 mihi
713 2419 881 2460 praeplacet

222 2467 315 2497 lectio
341 2466 477 2497 Palatini
499 2472 530 2496 et
546 2466 821 2502 Francofurtensis,
835 2478 882 2497 re-

225 2522 350 2546 nentur:
373 2516 422 2546 vel
436 2516 622 2555 prcrdenlur.
667 2516 783 2545 vai.

267 2566 320 2596 60.
356 2566 392 2595 Et
422 2567 492 2595 salis
519 2572 572 2606 est,
603 2567 719 2605 aliquid
743 2566 883 2604 pauperis

223 2626 278 2643 etse
294 2615 423 2655 sitiant]
453 2614 542 2648 Qneis
565 2615 635 2643 §alls
659 2620 696 2642 {M
715 2614 823 2643 Donni
840 2613 881 2643 le-

224 2664 329 2703 gebat,
355 2663 385 2693 isl
417 2669 474 2697 ost,
501 2663 552 2704 qui
584 2673 685 2692 amore
714 2669 745 2692 et
774 2662 883 2703 opibu=

226 2712 394 2744 abundant.
414 2711 478 2743 vid.
499 2717 528 2742 et
545 2723 626 2753 supr.
653 2711 740 2752 Eleg.
758 2711 788 2741 ii.
806 2722 882 2742 vers.

949 2174 1006 2204 ult.
1022 2179 1069 2205 est
1082 2184 1153 2204 vero
1170 2173 1219 2204 hic
1232 2173 1349 2214 ellipsis
1358 2175 1414 2204 τοῦ
1429 2176 1463 2209 si,
1481 2180 1513 2204 ut
1528 2186 1610 2216 saepe

950 2222 1024 2254 alibi
1041 2222 1226 2253 notavimus.
1242 2222 1304 2252 vid.
1321 2222 1359 2252 ad
1374 2222 1396 2253 i.
1413 2223 1484 2253 Ain.
1500 2224 1539 2253 iv.
1557 2225 1609 2254 29.

950 2278 981 2301 ct
997 2271 1072 2302 satis
1087 2277 1144 2307 est,
1160 2271 1184 2301 si
1198 2270 1301 2301 sinant
1317 2271 1436 2313 aliquid
1452 2282 1518 2302 esse
1534 2284 1609 2313 pau-

949 2319 1043 2362 peris.
1090 2321 1206 2350 Brun.

992 2370 1043 2400 66.
1070 2369 1200 2399 Ριιίϊρνε
1215 2371 1339 2408 mutet.)
1364 2369 1400 2399 Id
1416 2376 1462 2400 est
1477 2370 1515 2399 arl
1531 2370 1608 2400 nihi-

949 2418 1012 2448 lum
1024 2417 1156 2459 redigat.
1172 2417 1278 2448 Tibul.
1296 2418 1316 2447 i.
1332 2430 1362 2448 x.
1382 2420 1431 2448 12.
1456 2419 1609 2449 MAnu's.

998 2516 1027 2545 l.
1054 2515 1185 2555 Mater-‚J
1210 2516 1343 2546 Aurora.
1392 2516 1503 2546 Mater.
1525 2517 1607 2547 The·

951 2564 1002 2594 tis.

995 2615 1026 2643 5.
1056 2612 1112 2642 Tui
1131 2620 1207 2643 vales
1229 2613 1352 2653 operm]
1382 2612 1417 2642 ld
1443 2619 1486 2642 esi
1511 2624 1609 2644 sacro-

952 2672 1016 2691 rum
1034 2667 1154 2692 tuorum
1169 2661 1307 2692 antistes.
1331 2667 1364 2690 ut
1380 2672 1449 2699 opus
1464 2667 1494 2692 et
1508 2674 1609 2702 ‹ipera-

954 2713 978 2739 ri
995 2711 1112 2751 proprie
1130 2711 1167 2741 de
1183 2711 1287 2742 sacris.
1335 2710 1450 2740 Brun.
