1849 3198
226 200 312 242 218

620 198 670 238 P.
695 196 908 239 OVIDII
942 194 1223 238 NASONIS

228 316 425 380 Jupiter
448 314 524 361 his
550 313 750 377 gaudet,
778 313 963 375 gaudet
988 312 1159 360 Venus
1185 328 1335 361 aurea
1358 313 1516 361 furtis.

297 393 420 440 Haec
439 392 530 439 tibi
550 407 729 456 nempe
745 397 935 455 patrem
955 390 1086 438 furta
1104 391 1283 438 dedere
1298 390 1326 437 J
1333 407 1491 439 ovem.
1519 395 1616 440 290

229 471 328 518 Vix
352 470 474 526 fieri,
502 469 542 516 si
568 475 683 516 sunt
706 468 832 515 vires
858 468 907 514 in
933 468 1122 515 semine
1149 484 1365 524 avorum,

295 548 362 595 Et
384 547 414 594 J
419 547 521 594 ovis
547 554 597 594 et
622 546 769 594 Ledae
793 545 910 601 filia,
938 552 1078 593 casta
1101 553 1261 610 potes.

229 626 385 674 Casta
407 632 575 673 tamen
599 631 705 672 tum
730 625 813 680 siS,
841 640 955 671 cum
980 630 1030 671 te
1055 640 1168 672 mea
1191 623 1340 687 Troja
1364 625 1582 673 tenebit:

296 704 363 751 Et
385 710 472 751 tua
496 703 605 759 sim,
633 718 820 765 quaeso,
848 702 1056 749 crimina
1080 703 1213 749 solus
1240 719 1348 766 ego.

230 781 278 829 N
283 799 380 829 unc
405 797 465 829 ea
487 796 771 845 peccemus,
791 796 902 843 quae
921 780 1134 843 corrigat
1152 781 1272 828 hora
1283 780 1492 844 jugalis:
1522 783 1617 827 295

297 860 350 907 Si
376 859 522 907 modo
547 858 774 922 promisit
797 874 895 904 non
919 857 1039 904 mihi
1064 873 1190 905 vana
1213 857 1401 906 Venus.

232 938 334 986 Sed
358 937 448 984 tibi
474 943 524 984 et
547 936 640 984 hoc
666 935 844 982 suadet
867 936 1031 991 rebus,
1060 952 1159 982 non
1183 952 1320 992 voce,
1349 935 1552 982 maritus
1572 951 1582 982 :

298 1014 438 1062 Neve
463 1014 535 1060 tui
559 1012 702 1059 furtis
727 1012 938 1076 hospitis
966 1013 1148 1068 obstet,
1177 1013 1335 1060 abest.

231 1092 347 1140 Non
371 1091 546 1139 habuit
568 1098 784 1154 tempUS‚
812 1107 911 1153 quo
939 1091 1141 1138 Cressia
1166 1107 1318 1153 regna
1341 1092 1546 1147 videret,

293 1169 491 1234 Aptius.
529 1168 559 1214 ὂ
583 1168 706 1214 mira
730 1169 1000 1216 calliditate
1024 1169 1208 1215 virum!

1520 1172 1617 1216 300

232 1247 342 1301 Ivit,
371 1253 436 1302 et,
466 1245 604 1302 Idaei,
632 1246 814 1293 mando
840 1246 946 1302 tibi,
974 1245 1102 1292 dixit
1127 1246 1301 1301 iturus,

296 1324 481 1371 Curam
507 1339 596 1387 pro
622 1324 765 1371 nobis
791 1324 1018 1388 hospitiS‚
1045 1340 1186 1379 uxor,
1215 1340 1350 1387 agas.

230 1402 457 1464 Negligis
484 1401 704 1448 absentis
731 1401 931 1463 (testor)
958 1402 1193 1448 m'andata
1217 1401 1407 1449 mariti:

296 1479 433 1525 Cura
456 1477 546 1525 tibi
571 1494 671 1524 non
697 1485 773 1525 est
793 1478 1003 1542 hospitis
1030 1479 1131 1525 ulla
1154 1479 1243 1525 tui.

229 1555 493 1603 Hunccine
518 1562 572 1601 tu
599 1572 769 1619 speres
795 1556 1047 1602 hominem
1073 1556 1179 1603 sine
1205 1563 1407 1620 pectore
1432 1556 1592 1602 dotes,

297 1633 456 1680 Posse
483 1633 602 1679 satis
627 1632 813 1688 formae,
841 1633 1078 1697 Tyndari,
1106 1651 1253 1681 nosse
1278 1634 1411 1680 tuae?

1524 1636 1619 1679 306

230 1711 465 1759 Falleris:
506 1711 715 1773 ignorat.
756 1727 865 1767 nec,
894 1711 935 1757 si
960 1712 1092 1758 bona
1116 1727 1310 1758 summa
1334 1716 1533 1774 putaret

298 1789 422 1843 Quae
447 1796 600 1845 tenet,
628 1796 835 1836 externo
861 1790 1088 1836 crederet
1113 1789 1196 1835 illa
1220 1789 1338 1835 viro.

270 1883 346 1913 298.
373 1882 458 1922 Sim]
488 1881 546 1911 Tm·
562 1880 694 1922 Regius.
720 1887 754 1912 ut
770 1893 840 1912 mox
856 1893 887 1912 v.

227 1933 304 1962 304.
340 1930 466 1961 rectius.
505 1930 594 1972 quasi
623 1930 688 1972 ipse
723 1931 891 1961 Menelaus

229 1980 344 2011 Parida
359 1979 459 2021 magis
474 1979 577 2010 uxoris
592 1991 666 2016 suae,
684 1991 777 2021 quam
801 1991 891 2011 suum

228 2030 382 2072 hospitem
394 2030 615 2060 existimasset.
647 2030 763 2060 BunM.

272 2080 348 2110 302.
376 2079 488 2109 Curam
517 2080 619 2121 agas]
650 2079 798 2120 Quinque
822 2078 891 2109 libri

229 2130 314 2160 habe.
338 2128 393 2159 sed
409 2129 504 2159 male.
541 2128 636 2159 Trist.
652 2128 706 2159 lib.
723 2139 753 2158 v.
768 2127 819 2158 El.
836 2127 892 2159 vii.

229 2179 285 2208 38.

462 2224 748 2266 Cnramqnefuturi

275 2275 423 2311 Nominis,
437 2276 546 2305 utilius
561 2277 640 2315 quod
664 2276 809 2309 latuisset,
827 2286 891 2315 ego.

730 2324 849 2354 Hmss.

232 2372 347 2414 virgil.
366 2371 467 2403 Culic.
482 2372 537 2402 98.

277 2422 400 2452 Talibus
415 2423 445 2451 in
461 2422 578 2457 studiis,
590 2421 694 2451 baculo
706 2422 778 2451 ditm
795 2423 891 2456 nisus,

318 2473 434 2510 apricas

278 2520 387 2550 Pastor
401 2522 466 2561 ugit
482 2531 582 2550 curas.

234 2570 273 2600 Et
297 2569 369 2600 hinc
395 2569 472 2600 nihil
496 2580 649 2600 moverem
673 2568 740 2599 xiii.
758 2570 891 2601 Metam.

231 2619 309 2650 371.

278 2669 396 2708 Proque
433 2675 473 2698 tot
510 2680 657 2699 (initorum
693 2670 786 2704 curis,
823 2679 894 2709 quus

318 2719 427 2748 armins
441 2720 501 2759 egi.

235 2767 303 2798 Nec
319 2766 363 2797 ix.
380 2767 512 2798 Metam.
531 2766 604 2798 107.
652 2766 747 2797 Caras
756 2778 811 2806 pro
825 2779 893 2798 con-

949 1883 1029 1922 juge
1054 1887 1202 1922 agentem.
1242 1879 1349 1911 Livius
1370 1879 1402 1910 ii.
1419 1880 1473 1910 48.
1522 1878 1624 1919 Neque

959 1932 1046 1967 bella,
1061 1942 1152 1971 neque
1163 1932 1305 1966 delectus,
1317 1941 1409 1970 neque
1426 1930 1520 1959 ullam
1530 1930 1623 1959 αἰὶαηι

956 1983 1085 2020 priorem
1100 1992 1204 2010 curam
1219 1991 1320 2022 agere.
1338 1985 1369 2009 et
1384 1977 1448 2010 viii.
1462 1979 1495 2009 3.
1536 1978 1623 2008 Tam—

959 2041 1047 2069 quam
1065 2032 1100 2060 de
1125 2029 1321 2066 Samnitibus,
1336 2041 1395 2059 non
1410 2030 1446 2058 de
1466 2038 1495 2058 se
1517 2038 1622 2058 curam

960 2085 1096 2120 agerent.
1124 2078 1209 2108 xxiv.
1237 2078 1292 2108 27.
1340 2077 1401 2112 Qui
1427 2087 1531 2107 curam
1555 2087 1620 2106 cum

963 2127 1144 2157 Praetoribus
1172 2129 1208 2157 de
1233 2128 1402 2157 renovando
1415 2126 1534 2167 foedere
1553 2136 1623 2166 age-

961 2183 1041 2206 rent.
1066 2176 1176 2206 Senec.
1192 2175 1214 2205 i.
1240 2181 1340 2205 contr.
1359 2176 1391 2205 3.
1438 2175 1487 2204 An
1505 2175 1549 2204 dii
1564 2175 1621 2203 im-

961 2226 1099 2255 mortales
1131 2225 1332 2254 hlUHlUer'lHn
1376 2234 1478 2253 'rerum
1518 2233 1624 2253 curam

961 2280 1067 2315 agant.
1090 2274 1153 2314 leg.
1181 2273 1201 2304 i.
1224 2273 1263 2304 C.
1289 2273 1327 2303 de
1354 2272 1448 2303 Offic.
1473 2271 1621 2313 Magistr.

962 2323 1099 2354 Officior.
1131 2323 1341 2361 Principutum
1359 2323 1543 2360 adipiscatur
1557 2332 1619 2350 ma-

962 2374 1087 2403 tricula.
1122 2374 1309 2407 decurrente,
1335 2372 1380 2401 ita
1405 2377 1438 2401 ut
1464 2373 1503 2401 ad
1535 2381 1623 2401 curas

959 2424 1091 2463 agendas
1106 2428 1133 2452 et
1146 2433 1266 2452 cursum
1280 2423 1327 2451 illi
1339 2427 1456 2455 areant,
1470 2432 1538 2460 quos
1553 2422 1623 2450 ordo

959 2472 1074 2502 militiae
1090 2477 1182 2502 vocat.
1220 2471 1316 2502 Plura
1331 2469 1402 2501 vide
1418 2470 1457 2500 ad
1470 2468 1622 2506 Quinctil.

961 2532 992 2551 v.
1009 2521 1089 2551 Inst.
1106 2522 1194 2551 Orat.
1210 2521 1242 2551 6.
1267 2521 1385 2550 Bumu.

1003 2570 1079 2600 303.
1106 2569 1246 2609 Mariti]
1274 2569 1422 2609 Tyranni,
1447 2567 1478 2597 id
1505 2572 1553 2598 est
1575 2578 1621 2598 re-

961 2619 1018 2660 gis,
1035 2630 1141 2660 margo
1157 2619 1354 2649 Bersmanni.
1379 2624 1411 2648 et
1434 2617 1477 2648 ita
1497 2616 1622 2659 plurimi

961 2667 1082 2709 scripti.
1290 2673 1293 2677 '

1004 2718 1081 2748 307.
1110 2717 1194 2747 Bima
1219 2717 1362 2758 summm]
1398 2716 1448 2746 Ita
1474 2723 1621 2756 excerpta

963 2767 1129 2798 Gallicana
1158 2772 1189 2797 et
1218 2765 1322 2797 Editio
1353 2764 1496 2797 Colinaei.
1539 2763 1621 2804 quod
