<?xml version="1.0" encoding="UTF-8"?>
<!DOCTYPE html PUBLIC "-//W3C//DTD XHTML 1.0 Transitional//EN"
    "http://www.w3.org/TR/xhtml1/DTD/xhtml1-transitional.dtd">
<html xmlns="http://www.w3.org/1999/xhtml" xml:lang="en" lang="en">
 <head>
  <title>
</title>
<meta http-equiv="Content-Type" content="text/html;charset=utf-8" />
  <meta name='ocr-system' content='tesseract 3.04.00' />
  <meta name='ocr-capabilities' content='ocr_page ocr_carea ocr_par ocr_line ocrx_word'/>
</head>
<body>
  <div class='ocr_page' id='page_1' title='image "./povidiinasonisop01oviduoft_0420.png"; bbox 0 0 1849 3198; ppageno 0'>
   <div class='ocr_carea' id='block_1_1' title="bbox 223 201 309 243">
    <p class='ocr_par' dir='ltr' id='par_1_1' title="bbox 223 201 309 243">
     <span class='ocr_line' id='line_1_1' title="bbox 223 201 309 243; baseline 0 -1"><span class='ocrx_word' id='word_1_1' title='bbox 223 201 309 243; x_wconf 83' lang='lat'>334</span> 
     </span>
    </p>
   </div>
   <div class='ocr_carea' id='block_1_2' title="bbox 618 198 1235 241">
    <p class='ocr_par' dir='ltr' id='par_1_2' title="bbox 618 198 1235 241">
     <span class='ocr_line' id='line_1_2' title="bbox 618 198 1235 241; baseline 0 -1"><span class='ocrx_word' id='word_1_2' title='bbox 618 200 670 240; x_wconf 93' lang='grc' dir='ltr'>Ρ.</span> <span class='ocrx_word' id='word_1_3' title='bbox 705 199 920 241; x_wconf 90' lang='lat' dir='ltr'>OVIDII</span> <span class='ocrx_word' id='word_1_4' title='bbox 954 198 1235 241; x_wconf 87' lang='lat' dir='ltr'><strong>NASONIS</strong></span> 
     </span>
    </p>
   </div>
   <div class='ocr_carea' id='block_1_3' title="bbox 227 314 1622 764">
    <p class='ocr_par' dir='ltr' id='par_1_3' title="bbox 228 314 1622 455">
     <span class='ocr_line' id='line_1_3' title="bbox 228 314 1496 380; baseline -0.002 -17"><span class='ocrx_word' id='word_1_5' title='bbox 228 317 407 372; x_wconf 86' lang='lat' dir='ltr'>Quam,</span> <span class='ocrx_word' id='word_1_6' title='bbox 434 323 572 380; x_wconf 90' lang='lat' dir='ltr'>puto,</span> <span class='ocrx_word' id='word_1_7' title='bbox 600 316 663 363; x_wconf 88' lang='lat' dir='ltr'>de</span> <span class='ocrx_word' id='word_1_8' title='bbox 688 316 847 377; x_wconf 80' lang='lat' dir='ltr'>longae</span> <span class='ocrx_word' id='word_1_9' title='bbox 872 314 1132 362; x_wconf 82' lang='lat' dir='ltr'>collectam</span> <span class='ocrx_word' id='word_1_10' title='bbox 1158 315 1278 361; x_wconf 86' lang='lat' dir='ltr'>flore</span> <span class='ocrx_word' id='word_1_11' title='bbox 1302 315 1496 369; x_wconf 76' lang='lat' dir='ltr'>cicutae,</span> 
     </span>
     <span class='ocr_line' id='line_1_4' title="bbox 294 391 1622 455; baseline -0.002 -16"><span class='ocrx_word' id='word_1_12' title='bbox 294 393 449 440; x_wconf 87' lang='lat' dir='ltr'>Melle</span> <span class='ocrx_word' id='word_1_13' title='bbox 475 393 567 440; x_wconf 88' lang='lat' dir='ltr'>sub</span> <span class='ocrx_word' id='word_1_14' title='bbox 593 392 763 439; x_wconf 83' lang='lat' dir='ltr'>infami</span> <span class='ocrx_word' id='word_1_15' title='bbox 787 392 994 439; x_wconf 87' lang='lat' dir='ltr'>Corsica</span> <span class='ocrx_word' id='word_1_16' title='bbox 1018 392 1153 438; x_wconf 80' lang='lat' dir='ltr'>misit</span> <span class='ocrx_word' id='word_1_17' title='bbox 1178 391 1302 455; x_wconf 85' lang='lat' dir='ltr'>apis.</span> <span class='ocrx_word' id='word_1_18' title='bbox 1564 394 1622 438; x_wconf 87' lang='lat'>10</span> 
     </span>
    </p>

    <p class='ocr_par' dir='ltr' id='par_1_4' title="bbox 227 468 1543 608">
     <span class='ocr_line' id='line_1_5' title="bbox 227 468 1543 533; baseline -0.002 -16"><span class='ocrx_word' id='word_1_19' title='bbox 227 471 310 526; x_wconf 83' lang='lat' dir='ltr'>At,</span> <span class='ocrx_word' id='word_1_20' title='bbox 337 478 595 533; x_wconf 78' lang='lat' dir='ltr'><strong>tamquam</strong></span> <span class='ocrx_word' id='word_1_21' title='bbox 619 469 787 524; x_wconf 88' lang='lat' dir='ltr'>minio,</span> <span class='ocrx_word' id='word_1_22' title='bbox 815 469 1014 532; x_wconf 88' lang='lat' dir='ltr'>penitus</span> <span class='ocrx_word' id='word_1_23' title='bbox 1041 468 1286 515; x_wconf 88' lang='lat' dir='ltr'>medicata</span> <span class='ocrx_word' id='word_1_24' title='bbox 1312 468 1543 515; x_wconf 64' lang='lat' dir='ltr'>rubebas⁶</span> 
     </span>
     <span class='ocr_line' id='line_1_6' title="bbox 295 547 1264 608; baseline 0 -15"><span class='ocrx_word' id='word_1_25' title='bbox 295 547 386 595; x_wconf 88' lang='lat' dir='ltr'>Ille</span> <span class='ocrx_word' id='word_1_26' title='bbox 411 548 546 594; x_wconf 86' lang='lat' dir='ltr'>color</span> <span class='ocrx_word' id='word_1_27' title='bbox 569 563 683 594; x_wconf 83' lang='lat' dir='ltr'>vere</span> <span class='ocrx_word' id='word_1_28' title='bbox 710 547 1118 608; x_wconf 81' lang='lat' dir='ltr'>sanguinolentus</span> <span class='ocrx_word' id='word_1_29' title='bbox 1145 554 1264 593; x_wconf 86' lang='lat' dir='ltr'>erat.</span> 
     </span>
    </p>

    <p class='ocr_par' dir='ltr' id='par_1_5' title="bbox 229 623 1398 764">
     <span class='ocr_line' id='line_1_7' title="bbox 229 623 1345 687; baseline 0 -17"><span class='ocrx_word' id='word_1_30' title='bbox 229 624 474 687; x_wconf 86' lang='lat' dir='ltr'>Projectae</span> <span class='ocrx_word' id='word_1_31' title='bbox 499 624 653 670; x_wconf 79' lang='lat' dir='ltr'>triviis</span> <span class='ocrx_word' id='word_1_32' title='bbox 674 623 901 686; x_wconf 82' lang='lat' dir='ltr'>jaceatis,</span> <span class='ocrx_word' id='word_1_33' title='bbox 930 623 1103 670; x_wconf 88' lang='lat' dir='ltr'>inutile</span> <span class='ocrx_word' id='word_1_34' title='bbox 1128 624 1345 685; x_wconf 81' lang='lat' dir='ltr'>lignum:</span> 
     </span>
     <span class='ocr_line' id='line_1_8' title="bbox 294 700 1398 764; baseline 0 -18"><span class='ocrx_word' id='word_1_35' title='bbox 294 700 499 764; x_wconf 78' lang='lat' dir='ltr'>Vosque</span> <span class='ocrx_word' id='word_1_36' title='bbox 525 708 644 747; x_wconf 84' lang='lat' dir='ltr'>rotae</span> <span class='ocrx_word' id='word_1_37' title='bbox 669 700 864 762; x_wconf 79' lang='lat' dir='ltr'>frangat</span> <span class='ocrx_word' id='word_1_38' title='bbox 888 701 1231 763; x_wconf 78' lang='lat' dir='ltr'>praetereuntis</span> <span class='ocrx_word' id='word_1_39' title='bbox 1257 717 1398 747; x_wconf 90' lang='lat' dir='ltr'>onus.</span> 
     </span>
    </p>
   </div>
   <div class='ocr_carea' id='block_1_4' title="bbox 229 777 1620 840">
    <p class='ocr_par' dir='ltr' id='par_1_6' title="bbox 229 777 1620 840">
     <span class='ocr_line' id='line_1_9' title="bbox 229 777 1620 840; baseline -0.002 -15"><span class='ocrx_word' id='word_1_40' title='bbox 229 779 377 825; x_wconf 88' lang='lat' dir='ltr'>Illum</span> <span class='ocrx_word' id='word_1_41' title='bbox 403 779 568 832; x_wconf 84' lang='lat' dir='ltr'>etiam,</span> <span class='ocrx_word' id='word_1_42' title='bbox 598 777 683 840; x_wconf 90' lang='lat' dir='ltr'>qui</span> <span class='ocrx_word' id='word_1_43' title='bbox 704 794 790 823; x_wconf 88' lang='lat' dir='ltr'>vos</span> <span class='ocrx_word' id='word_1_44' title='bbox 818 793 879 823; x_wconf 85' lang='lat' dir='ltr'>ex</span> <span class='ocrx_word' id='word_1_45' title='bbox 907 778 1081 824; x_wconf 83' lang='lat' dir='ltr'>arbore</span> <span class='ocrx_word' id='word_1_46' title='bbox 1106 778 1252 824; x_wconf 85' lang='lat' dir='ltr'>vertit</span> <span class='ocrx_word' id='word_1_47' title='bbox 1277 778 1325 823; x_wconf 90' lang='lat' dir='ltr'>in</span> <span class='ocrx_word' id='word_1_48' title='bbox 1351 794 1513 832; x_wconf 84' lang='lat' dir='ltr'>usum,</span> <span class='ocrx_word' id='word_1_49' title='bbox 1563 780 1620 823; x_wconf 73' lang='lat' dir='ltr'>lo</span> 
     </span>
    </p>
   </div>
   <div class='ocr_carea' id='block_1_5' title="bbox 226 854 1621 1539">
    <p class='ocr_par' dir='ltr' id='par_1_7' title="bbox 226 854 1621 1539">
     <span class='ocr_line' id='line_1_10' title="bbox 296 854 1379 918; baseline -0.002 -16"><span class='ocrx_word' id='word_1_50' title='bbox 296 856 600 902; x_wconf 76' lang='lat' dir='ltr'>Convincam</span> <span class='ocrx_word' id='word_1_51' title='bbox 627 870 775 918; x_wconf 84' lang='lat' dir='ltr'>puras</span> <span class='ocrx_word' id='word_1_52' title='bbox 801 870 899 900; x_wconf 91' lang='lat' dir='ltr'>non</span> <span class='ocrx_word' id='word_1_53' title='bbox 924 854 1159 901; x_wconf 77' lang='lat' dir='ltr'>habuisse</span> <span class='ocrx_word' id='word_1_54' title='bbox 1186 871 1379 901; x_wconf 85' lang='lat' dir='ltr'>manus.</span> 
     </span>
     <span class='ocr_line' id='line_1_11' title="bbox 229 932 1409 995; baseline 0 -16"><span class='ocrx_word' id='word_1_55' title='bbox 229 933 452 979; x_wconf 76' lang='lat' dir='ltr'>Praebuit</span> <span class='ocrx_word' id='word_1_56' title='bbox 477 933 560 979; x_wconf 85' lang='lat' dir='ltr'>illa</span> <span class='ocrx_word' id='word_1_57' title='bbox 584 933 728 978; x_wconf 74' lang='lat' dir='ltr'>arbor</span> <span class='ocrx_word' id='word_1_58' title='bbox 752 932 932 978; x_wconf 79' lang='lat' dir='ltr'>misero</span> <span class='ocrx_word' id='word_1_59' title='bbox 959 933 1230 995; x_wconf 84' lang='lat' dir='ltr'>suspendia</span> <span class='ocrx_word' id='word_1_60' title='bbox 1255 933 1409 979; x_wconf 87' lang='lat' dir='ltr'>collo:</span> 
     </span>
     <span class='ocr_line' id='line_1_12' title="bbox 296 1008 1248 1071; baseline 0 -15"><span class='ocrx_word' id='word_1_61' title='bbox 296 1009 530 1056; x_wconf 84' lang='lat' dir='ltr'>Carnifici</span> <span class='ocrx_word' id='word_1_62' title='bbox 556 1008 686 1055; x_wconf 85' lang='lat' dir='ltr'>diras</span> <span class='ocrx_word' id='word_1_63' title='bbox 712 1008 925 1071; x_wconf 76' lang='lat' dir='ltr'>praebuit</span> <span class='ocrx_word' id='word_1_64' title='bbox 950 1008 1033 1055; x_wconf 85' lang='lat' dir='ltr'>illa</span> <span class='ocrx_word' id='word_1_65' title='bbox 1057 1025 1248 1056; x_wconf 67' lang='lat' dir='ltr'>cruces</span> 
     </span>
     <span class='ocr_line' id='line_1_13' title="bbox 231 1086 1434 1149; baseline 0 -17"><span class='ocrx_word' id='word_1_66' title='bbox 231 1087 324 1133; x_wconf 89' lang='lat' dir='ltr'>Illa</span> <span class='ocrx_word' id='word_1_67' title='bbox 348 1087 486 1133; x_wconf 81' lang='lat' dir='ltr'>dedit</span> <span class='ocrx_word' id='word_1_68' title='bbox 510 1093 681 1149; x_wconf 84' lang='lat' dir='ltr'>turpes</span> <span class='ocrx_word' id='word_1_69' title='bbox 708 1086 869 1132; x_wconf 80' lang='lat' dir='ltr'>raucis</span> <span class='ocrx_word' id='word_1_70' title='bbox 895 1087 1179 1133; x_wconf 85' lang='lat' dir='ltr'>bubonibus</span> <span class='ocrx_word' id='word_1_71' title='bbox 1206 1086 1434 1133; x_wconf 85' lang='lat' dir='ltr'>umbras:</span> 
     </span>
     <span class='ocr_line' id='line_1_14' title="bbox 294 1164 1621 1226; baseline -0.002 -16"><span class='ocrx_word' id='word_1_72' title='bbox 294 1164 518 1211; x_wconf 84' lang='lat' dir='ltr'>Vulturis</span> <span class='ocrx_word' id='word_1_73' title='bbox 544 1165 593 1210; x_wconf 87' lang='lat' dir='ltr'>in</span> <span class='ocrx_word' id='word_1_74' title='bbox 618 1164 765 1211; x_wconf 85' lang='lat' dir='ltr'>ramis</span> <span class='ocrx_word' id='word_1_75' title='bbox 793 1171 842 1211; x_wconf 89' lang='lat' dir='ltr'>et</span> <span class='ocrx_word' id='word_1_76' title='bbox 867 1164 1032 1226; x_wconf 83' lang='lat' dir='ltr'>strigis</span> <span class='ocrx_word' id='word_1_77' title='bbox 1059 1180 1151 1211; x_wconf 85' lang='lat' dir='ltr'>ova</span> <span class='ocrx_word' id='word_1_78' title='bbox 1173 1164 1303 1210; x_wconf 87' lang='lat' dir='ltr'>tulit.</span> <span class='ocrx_word' id='word_1_79' title='bbox 1557 1166 1621 1208; x_wconf 83' lang='lat'>20</span> 
     </span>
     <span class='ocr_line' id='line_1_15' title="bbox 228 1242 1376 1305; baseline -0.002 -17"><span class='ocrx_word' id='word_1_80' title='bbox 228 1242 321 1289; x_wconf 88' lang='lat' dir='ltr'>His</span> <span class='ocrx_word' id='word_1_81' title='bbox 348 1259 440 1305; x_wconf 81' lang='lat' dir='ltr'>ego</span> <span class='ocrx_word' id='word_1_82' title='bbox 466 1243 691 1289; x_wconf 87' lang='lat' dir='ltr'>commisi</span> <span class='ocrx_word' id='word_1_83' title='bbox 717 1249 911 1289; x_wconf 83' lang='lat' dir='ltr'>nostros</span> <span class='ocrx_word' id='word_1_84' title='bbox 937 1242 1140 1288; x_wconf 90' lang='lat' dir='ltr'>insanus</span> <span class='ocrx_word' id='word_1_85' title='bbox 1167 1256 1376 1295; x_wconf 76' lang='lat' dir='ltr'>amores,</span> 
     </span>
     <span class='ocr_line' id='line_1_16' title="bbox 295 1317 1517 1383; baseline -0.002 -18"><span class='ocrx_word' id='word_1_86' title='bbox 295 1319 572 1383; x_wconf 77' lang='lat' dir='ltr'>Molliaque</span> <span class='ocrx_word' id='word_1_87' title='bbox 598 1320 660 1367; x_wconf 87' lang='lat' dir='ltr'>ad</span> <span class='ocrx_word' id='word_1_88' title='bbox 686 1319 938 1366; x_wconf 85' lang='lat' dir='ltr'>dominam</span> <span class='ocrx_word' id='word_1_89' title='bbox 963 1320 1115 1366; x_wconf 83' lang='lat' dir='ltr'>verba</span> <span class='ocrx_word' id='word_1_90' title='bbox 1138 1318 1344 1365; x_wconf 86' lang='lat' dir='ltr'>ferenda</span> <span class='ocrx_word' id='word_1_91' title='bbox 1367 1317 1517 1364; x_wconf 78' lang='lat' dir='ltr'>dedi?</span> 
     </span>
     <span class='ocr_line' id='line_1_17' title="bbox 226 1396 1428 1462; baseline -0.002 -19"><span class='ocrx_word' id='word_1_92' title='bbox 226 1397 405 1461; x_wconf 81' lang='lat' dir='ltr'>Aptius</span> <span class='ocrx_word' id='word_1_93' title='bbox 432 1398 507 1444; x_wconf 86' lang='lat' dir='ltr'>hae</span> <span class='ocrx_word' id='word_1_94' title='bbox 535 1398 733 1462; x_wconf 84' lang='lat' dir='ltr'>capiant</span> <span class='ocrx_word' id='word_1_95' title='bbox 757 1397 1039 1445; x_wconf 83' lang='lat' dir='ltr'>vadimonia</span> <span class='ocrx_word' id='word_1_96' title='bbox 1064 1396 1260 1459; x_wconf 81' lang='lat' dir='ltr'>garrula</span> <span class='ocrx_word' id='word_1_97' title='bbox 1284 1411 1428 1449; x_wconf 85' lang='lat' dir='ltr'>cerae,</span> 
     </span>
     <span class='ocr_line' id='line_1_18' title="bbox 295 1473 1319 1539; baseline -0.002 -18"><span class='ocrx_word' id='word_1_98' title='bbox 295 1474 432 1528; x_wconf 86' lang='lat' dir='ltr'>Quas</span> <span class='ocrx_word' id='word_1_99' title='bbox 458 1475 637 1539; x_wconf 88' lang='lat' dir='ltr'>aliquis</span> <span class='ocrx_word' id='word_1_100' title='bbox 664 1476 787 1522; x_wconf 84' lang='lat' dir='ltr'>duro</span> <span class='ocrx_word' id='word_1_101' title='bbox 812 1473 1038 1536; x_wconf 82' lang='lat' dir='ltr'>cognitor</span> <span class='ocrx_word' id='word_1_102' title='bbox 1062 1489 1145 1520; x_wconf 86' lang='lat' dir='ltr'>ore</span> <span class='ocrx_word' id='word_1_103' title='bbox 1169 1473 1319 1535; x_wconf 80' lang='lat' dir='ltr'>legat.</span> 
     </span>
    </p>
   </div>
   <div class='ocr_carea' id='block_1_6' title="bbox 224 1610 891 2781">
    <p class='ocr_par' dir='ltr' id='par_1_8' title="bbox 224 1610 890 1841">
     <span class='ocr_line' id='line_1_19' title="bbox 273 1610 890 1652; baseline 0 -12"><span class='ocrx_word' id='word_1_104' title='bbox 273 1612 322 1640; x_wconf 88' lang='lat'>10.</span> <span class='ocrx_word' id='word_1_105' title='bbox 350 1610 441 1641; x_wconf 83' lang='lat' dir='ltr'>Melle</span> <span class='ocrx_word' id='word_1_106' title='bbox 463 1612 516 1641; x_wconf 78' lang='lat' dir='ltr'>sub</span> <span class='ocrx_word' id='word_1_107' title='bbox 541 1611 649 1652; x_wconf 76' lang='lat' dir='ltr'>infizmz&#39;</span> <span class='ocrx_word' id='word_1_108' title='bbox 667 1611 786 1641; x_wconf 78' lang='lat' dir='ltr'>Corsica</span> <span class='ocrx_word' id='word_1_109' title='bbox 810 1612 890 1640; x_wconf 68' lang='lat' dir='ltr'>misit</span> 
     </span>
     <span class='ocr_line' id='line_1_20' title="bbox 225 1659 890 1700; baseline 0.002 -12"><span class='ocrx_word' id='word_1_110' title='bbox 225 1660 319 1699; x_wconf 72' lang='lat' dir='ltr'>‹tJ›is.]</span> <span class='ocrx_word' id='word_1_111' title='bbox 354 1660 521 1700; x_wconf 84' lang='lat' dir='ltr'>Propterea</span> <span class='ocrx_word' id='word_1_112' title='bbox 542 1659 624 1700; x_wconf 87' lang='lat' dir='ltr'>quod</span> <span class='ocrx_word' id='word_1_113' title='bbox 652 1659 786 1690; x_wconf 84' lang='lat' dir='ltr'>Corsicae</span> <span class='ocrx_word' id='word_1_114' title='bbox 815 1669 890 1700; x_wconf 71' lang='lat' dir='ltr'>apesv</span> 
     </span>
     <span class='ocr_line' id='line_1_21' title="bbox 224 1708 890 1750; baseline 0.002 -13"><span class='ocrx_word' id='word_1_115' title='bbox 224 1718 365 1738; x_wconf 83' lang='lat' dir='ltr'>amarum</span> <span class='ocrx_word' id='word_1_116' title='bbox 381 1709 441 1738; x_wconf 89' lang='lat' dir='ltr'>mel</span> <span class='ocrx_word' id='word_1_117' title='bbox 455 1714 628 1750; x_wconf 81' lang='lat' dir='ltr'>procreant,</span> <span class='ocrx_word' id='word_1_118' title='bbox 653 1709 833 1739; x_wconf 79' lang='lat' dir='ltr'>abundante</span> <span class='ocrx_word' id='word_1_119' title='bbox 858 1708 890 1738; x_wconf 89' lang='lat' dir='ltr'>in</span> 
     </span>
     <span class='ocr_line' id='line_1_22' title="bbox 224 1755 889 1793; baseline 0.002 -7"><span class='ocrx_word' id='word_1_120' title='bbox 224 1767 263 1786; x_wconf 86' lang='lat' dir='ltr'>ea</span> <span class='ocrx_word' id='word_1_121' title='bbox 288 1755 389 1786; x_wconf 87' lang='lat' dir='ltr'>insula</span> <span class='ocrx_word' id='word_1_122' title='bbox 405 1764 488 1793; x_wconf 81' lang='lat' dir='ltr'>taxo,</span> <span class='ocrx_word' id='word_1_123' title='bbox 504 1757 652 1787; x_wconf 83' lang='lat' dir='ltr'>videlicet</span> <span class='ocrx_word' id='word_1_124' title='bbox 667 1757 773 1787; x_wconf 88' lang='lat' dir='ltr'>arbore</span> <span class='ocrx_word' id='word_1_125' title='bbox 798 1768 889 1788; x_wconf 87' lang='lat' dir='ltr'>vene—</span> 
     </span>
     <span class='ocr_line' id='line_1_23' title="bbox 225 1805 759 1841; baseline 0.002 -7"><span class='ocrx_word' id='word_1_126' title='bbox 225 1811 309 1841; x_wconf 81' lang='lat' dir='ltr'>nata,</span> <span class='ocrx_word' id='word_1_127' title='bbox 326 1810 359 1835; x_wconf 89' lang='lat' dir='ltr'>ut</span> <span class='ocrx_word' id='word_1_128' title='bbox 378 1805 462 1835; x_wconf 88' lang='lat' dir='ltr'>Plin.</span> <span class='ocrx_word' id='word_1_129' title='bbox 477 1806 584 1836; x_wconf 83' lang='lat' dir='ltr'>tradit.</span> <span class='ocrx_word' id='word_1_130' title='bbox 630 1807 759 1836; x_wconf 69' lang='lat' dir='ltr'>MICYL.</span> 
     </span>
    </p>

    <p class='ocr_par' dir='ltr' id='par_1_9' title="bbox 224 1853 891 2277">
     <span class='ocr_line' id='line_1_24' title="bbox 273 1853 890 1894; baseline -0.002 -11"><span class='ocrx_word' id='word_1_131' title='bbox 273 1855 323 1884; x_wconf 87' lang='lat' dir='ltr'>ll.</span> <span class='ocrx_word' id='word_1_132' title='bbox 349 1854 447 1884; x_wconf 64' lang='lat' dir='ltr'>Minio</span> <span class='ocrx_word' id='word_1_133' title='bbox 459 1856 580 1894; x_wconf 77' lang='lat' dir='ltr'>penitus</span> <span class='ocrx_word' id='word_1_134' title='bbox 596 1855 773 1894; x_wconf 49' lang='lat' dir='ltr'>medicata]</span> <span class='ocrx_word' id='word_1_135' title='bbox 793 1853 890 1883; x_wconf 83' lang='lat' dir='ltr'>Mini-</span> 
     </span>
     <span class='ocr_line' id='line_1_25' title="bbox 225 1903 889 1945; baseline 0 -12"><span class='ocrx_word' id='word_1_136' title='bbox 225 1914 289 1939; x_wconf 84' lang='lat' dir='ltr'>um,</span> <span class='ocrx_word' id='word_1_137' title='bbox 299 1904 347 1945; x_wconf 86' lang='lat' dir='ltr'>cuj</span> <span class='ocrx_word' id='word_1_138' title='bbox 353 1914 388 1933; x_wconf 83' lang='lat' dir='ltr'>us</span> <span class='ocrx_word' id='word_1_139' title='bbox 396 1909 583 1945; x_wconf 82' lang='lat' dir='ltr'>repertorem</span> <span class='ocrx_word' id='word_1_140' title='bbox 590 1903 889 1935; x_wconf 82' lang='lat' dir='ltr'>fuisse&#39;traditTheo-</span> 
     </span>
     <span class='ocr_line' id='line_1_26' title="bbox 225 1951 890 1994; baseline 0.002 -13"><span class='ocrx_word' id='word_1_141' title='bbox 225 1951 380 1993; x_wconf 85' lang='lat' dir='ltr'>phrastus,</span> <span class='ocrx_word' id='word_1_142' title='bbox 397 1953 489 1994; x_wconf 78' lang='grc' dir='ltr'>(περὶ</span> <span class='ocrx_word' id='word_1_143' title='bbox 503 1953 633 1989; x_wconf 77' lang='grc' dir='ltr'>λίθων,)</span> <span class='ocrx_word' id='word_1_144' title='bbox 644 1952 779 1984; x_wconf 85' lang='lat' dir='ltr'>Calliam</span> <span class='ocrx_word' id='word_1_145' title='bbox 790 1952 890 1982; x_wconf 87' lang='lat' dir='ltr'>Athe-</span> 
     </span>
     <span class='ocr_line' id='line_1_27' title="bbox 226 2002 888 2043; baseline 0.002 -12"><span class='ocrx_word' id='word_1_146' title='bbox 226 2002 377 2038; x_wconf 86' lang='lat' dir='ltr'>niensem,</span> <span class='ocrx_word' id='word_1_147' title='bbox 396 2012 475 2032; x_wconf 84' lang='lat' dir='ltr'>cerae</span> <span class='ocrx_word' id='word_1_148' title='bbox 492 2012 716 2043; x_wconf 87' lang='lat' dir='ltr'>nonnunquam</span> <span class='ocrx_word' id='word_1_149' title='bbox 732 2002 888 2033; x_wconf 85' lang='lat' dir='ltr'>immisce-</span> 
     </span>
     <span class='ocr_line' id='line_1_28' title="bbox 225 2050 890 2092; baseline 0 -11"><span class='ocrx_word' id='word_1_150' title='bbox 225 2051 328 2087; x_wconf 81' lang='lat' dir='ltr'>batur,</span> <span class='ocrx_word' id='word_1_151' title='bbox 347 2061 410 2092; x_wconf 86' lang='lat' dir='ltr'>qua</span> <span class='ocrx_word' id='word_1_152' title='bbox 424 2050 558 2081; x_wconf 84' lang='lat' dir='ltr'>tabellas</span> <span class='ocrx_word' id='word_1_153' title='bbox 573 2059 694 2082; x_wconf 88' lang='lat' dir='ltr'>veteres</span> <span class='ocrx_word' id='word_1_154' title='bbox 715 2051 890 2081; x_wconf 75' lang='lat' dir='ltr'>illinebant.</span> 
     </span>
     <span class='ocr_line' id='line_1_29' title="bbox 224 2100 891 2142; baseline 0 -13"><span class='ocrx_word' id='word_1_155' title='bbox 224 2100 286 2130; x_wconf 74' lang='lat' dir='ltr'>Sed</span> <span class='ocrx_word' id='word_1_156' title='bbox 301 2100 371 2142; x_wconf 92' lang='lat' dir='ltr'>plus</span> <span class='ocrx_word' id='word_1_157' title='bbox 386 2110 476 2141; x_wconf 84' lang='lat' dir='ltr'>aequo</span> <span class='ocrx_word' id='word_1_158' title='bbox 488 2101 635 2130; x_wconf 61' lang='lat' dir='ltr'>rubebant</span> <span class='ocrx_word' id='word_1_159' title='bbox 649 2100 712 2130; x_wconf 75' lang='lat' dir='ltr'>ill-ae.</span> <span class='ocrx_word' id='word_1_160' title='bbox 724 2100 763 2130; x_wconf 88' lang='lat' dir='ltr'>de</span> <span class='ocrx_word' id='word_1_161' title='bbox 777 2100 891 2140; x_wconf 83' lang='lat' dir='ltr'>quibus</span> 
     </span>
     <span class='ocr_line' id='line_1_30' title="bbox 227 2148 890 2191; baseline 0.002 -13"><span class='ocrx_word' id='word_1_162' title='bbox 227 2148 277 2179; x_wconf 85' lang='lat' dir='ltr'>llic</span> <span class='ocrx_word' id='word_1_163' title='bbox 291 2149 403 2189; x_wconf 78' lang='lat' dir='ltr'>agitur,</span> <span class='ocrx_word' id='word_1_164' title='bbox 420 2154 451 2179; x_wconf 84' lang='lat' dir='ltr'>et</span> <span class='ocrx_word' id='word_1_165' title='bbox 467 2155 553 2180; x_wconf 81' lang='lat' dir='ltr'>erant</span> <span class='ocrx_word' id='word_1_166' title='bbox 569 2150 658 2191; x_wconf 79' lang='lat' dir='ltr'>quasi</span> <span class='ocrx_word' id='word_1_167' title='bbox 676 2151 890 2190; x_wconf 75' lang='lat' dir='ltr'>sunguinolen··</span> 
     </span>
     <span class='ocr_line' id='line_1_31' title="bbox 227 2197 890 2239; baseline 0.002 -13"><span class='ocrx_word' id='word_1_168' title='bbox 227 2203 272 2232; x_wconf 71' lang='lat' dir='ltr'>tce,</span> <span class='ocrx_word' id='word_1_169' title='bbox 290 2197 373 2238; x_wconf 85' lang='lat' dir='ltr'>quod</span> <span class='ocrx_word' id='word_1_170' title='bbox 388 2204 480 2239; x_wconf 87' lang='lat' dir='ltr'>poeta</span> <span class='ocrx_word' id='word_1_171' title='bbox 496 2198 528 2228; x_wconf 90' lang='lat' dir='ltr'>in</span> <span class='ocrx_word' id='word_1_172' title='bbox 546 2198 664 2228; x_wconf 89' lang='lat' dir='ltr'>malum</span> <span class='ocrx_word' id='word_1_173' title='bbox 680 2209 770 2228; x_wconf 82' lang='lat' dir='ltr'>omen</span> <span class='ocrx_word' id='word_1_174' title='bbox 786 2197 890 2228; x_wconf 86' lang='lat' dir='ltr'>vertit.</span> 
     </span>
     <span class='ocr_line' id='line_1_32' title="bbox 225 2245 343 2277; baseline 0.017 -2"><span class='ocrx_word' id='word_1_175' title='bbox 225 2245 343 2277; x_wconf 74' lang='lat' dir='ltr'>AMAR.</span> 
     </span>
    </p>

    <p class='ocr_par' dir='ltr' id='par_1_10' title="bbox 225 2295 891 2622">
     <span class='ocr_line' id='line_1_33' title="bbox 271 2295 891 2336; baseline 0 -11"><span class='ocrx_word' id='word_1_176' title='bbox 271 2296 435 2336; x_wconf 65' lang='lat' dir='ltr'>Rnbebas]</span> <span class='ocrx_word' id='word_1_177' title='bbox 467 2296 608 2327; x_wconf 84' lang='lat' dir='ltr'>Fortasse</span> <span class='ocrx_word' id='word_1_178' title='bbox 643 2306 660 2327; x_wconf 85' lang='lat' dir='ltr'>a</span> <span class='ocrx_word' id='word_1_179' title='bbox 694 2295 780 2336; x_wconf 80' lang='lat' dir='ltr'>ligno</span> <span class='ocrx_word' id='word_1_180' title='bbox 809 2295 891 2326; x_wconf 90' lang='lat' dir='ltr'>hunc</span> 
     </span>
     <span class='ocr_line' id='line_1_34' title="bbox 225 2345 890 2375; baseline 0.002 -1"><span class='ocrx_word' id='word_1_181' title='bbox 225 2345 359 2375; x_wconf 83' lang='lat' dir='ltr'>colorem</span> <span class='ocrx_word' id='word_1_182' title='bbox 372 2345 508 2375; x_wconf 88' lang='lat' dir='ltr'>habebat</span> <span class='ocrx_word' id='word_1_183' title='bbox 524 2356 595 2375; x_wconf 89' lang='lat' dir='ltr'>cera</span> <span class='ocrx_word' id='word_1_184' title='bbox 610 2357 616 2374; x_wconf 90' lang='lat'>:</span> <span class='ocrx_word' id='word_1_185' title='bbox 642 2351 729 2375; x_wconf 87' lang='lat' dir='ltr'>erant</span> <span class='ocrx_word' id='word_1_186' title='bbox 746 2345 828 2375; x_wconf 89' lang='lat' dir='ltr'>enim</span> <span class='ocrx_word' id='word_1_187' title='bbox 844 2345 890 2375; x_wconf 78' lang='lat' dir='ltr'>hae</span> 
     </span>
     <span class='ocr_line' id='line_1_35' title="bbox 226 2394 887 2436; baseline 0.002 -12"><span class='ocrx_word' id='word_1_188' title='bbox 226 2394 351 2424; x_wconf 69' lang='lat' dir='ltr'>tabella}</span> <span class='ocrx_word' id='word_1_189' title='bbox 365 2396 416 2435; x_wconf 89' lang='lat' dir='ltr'>(ut</span> <span class='ocrx_word' id='word_1_190' title='bbox 431 2405 524 2436; x_wconf 84' lang='lat' dir='ltr'>supra</span> <span class='ocrx_word' id='word_1_191' title='bbox 539 2395 619 2426; x_wconf 82' lang='lat' dir='ltr'>dixit</span> <span class='ocrx_word' id='word_1_192' title='bbox 634 2395 737 2431; x_wconf 75' lang='lat' dir='ltr'>Naso)</span> <span class='ocrx_word' id='word_1_193' title='bbox 754 2406 887 2425; x_wconf 66' lang='lat' dir='ltr'>acernae.</span> 
     </span>
     <span class='ocr_line' id='line_1_36' title="bbox 226 2443 890 2485; baseline 0.002 -12"><span class='ocrx_word' id='word_1_194' title='bbox 226 2444 266 2473; x_wconf 83' lang='lat' dir='ltr'>Et</span> <span class='ocrx_word' id='word_1_195' title='bbox 282 2443 403 2474; x_wconf 79' lang='lat' dir='ltr'>Plinius</span> <span class='ocrx_word' id='word_1_196' title='bbox 417 2444 474 2474; x_wconf 87' lang='lat' dir='ltr'>lib.</span> <span class='ocrx_word' id='word_1_197' title='bbox 497 2445 545 2474; x_wconf 90' lang='grc'>16.</span> <span class='ocrx_word' id='word_1_198' title='bbox 563 2445 637 2474; x_wconf 78' lang='lat' dir='ltr'>(lum</span> <span class='ocrx_word' id='word_1_199' title='bbox 663 2444 761 2474; x_wconf 82' lang='lat' dir='ltr'>aceris</span> <span class='ocrx_word' id='word_1_200' title='bbox 775 2455 890 2485; x_wconf 79' lang='lat' dir='ltr'>genera</span> 
     </span>
     <span class='ocr_line' id='line_1_37' title="bbox 227 2493 887 2535; baseline 0.003 -13"><span class='ocrx_word' id='word_1_201' title='bbox 227 2493 326 2523; x_wconf 85' lang='lat' dir='ltr'>multa</span> <span class='ocrx_word' id='word_1_202' title='bbox 350 2493 454 2534; x_wconf 88' lang='lat' dir='ltr'>ponit:</span> <span class='ocrx_word' id='word_1_203' title='bbox 487 2494 622 2523; x_wconf 76' lang='lat' dir='ltr'>Tertium</span> <span class='ocrx_word' id='word_1_204' title='bbox 645 2505 751 2534; x_wconf 76' lang='lat' dir='ltr'>genus,</span> <span class='ocrx_word' id='word_1_205' title='bbox 775 2493 887 2535; x_wconf 84' lang='lat' dir='ltr'>inquit,</span> 
     </span>
     <span class='ocr_line' id='line_1_38' title="bbox 228 2541 888 2584; baseline 0.003 -13"><span class='ocrx_word' id='word_1_206' title='bbox 228 2541 354 2583; x_wconf 73' lang='lat' dir='ltr'>Zygiam</span> <span class='ocrx_word' id='word_1_207' title='bbox 376 2543 529 2573; x_wconf 48' lang='lat' dir='ltr'>*rubentem</span> <span class='ocrx_word' id='word_1_208' title='bbox 541 2544 634 2583; x_wconf 65' lang='lat' dir='ltr'>fissili</span> <span class='ocrx_word' id='word_1_209' title='bbox 663 2545 754 2584; x_wconf 72' lang='lat' dir='ltr'>ligno,</span> <span class='ocrx_word' id='word_1_210' title='bbox 780 2545 888 2573; x_wconf 55' lang='lat' dir='ltr'>cortice</span> 
     </span>
     <span class='ocr_line' id='line_1_39' title="bbox 228 2592 684 2622; baseline 0.004 -2"><span class='ocrx_word' id='word_1_211' title='bbox 228 2592 318 2621; x_wconf 68' lang='lat' dir='ltr'>livido</span> <span class='ocrx_word' id='word_1_212' title='bbox 332 2596 361 2621; x_wconf 79' lang='lat' dir='ltr'>et</span> <span class='ocrx_word' id='word_1_213' title='bbox 375 2593 486 2621; x_wconf 79' lang='lat' dir='ltr'>scabro.</span> <span class='ocrx_word' id='word_1_214' title='bbox 531 2592 684 2622; x_wconf 68' lang='lat' dir='ltr'>Bmes.</span> 
     </span>
    </p>

    <p class='ocr_par' dir='ltr' id='par_1_11' title="bbox 225 2640 888 2781">
     <span class='ocr_line' id='line_1_40' title="bbox 268 2640 887 2682; baseline 0.002 -12"><span class='ocrx_word' id='word_1_215' title='bbox 268 2641 321 2670; x_wconf 86' lang='lat'>20.</span> <span class='ocrx_word' id='word_1_216' title='bbox 349 2640 517 2681; x_wconf 59' lang='lat' dir='ltr'>Vulturis]</span> <span class='ocrx_word' id='word_1_217' title='bbox 545 2640 643 2682; x_wconf 82' lang='lat' dir='ltr'>Atqui</span> <span class='ocrx_word' id='word_1_218' title='bbox 662 2641 807 2672; x_wconf 52' lang='lat' dir='ltr'>killianus</span> <span class='ocrx_word' id='word_1_219' title='bbox 830 2641 887 2672; x_wconf 90' lang='lat' dir='ltr'>lib.</span> 
     </span>
     <span class='ocr_line' id='line_1_41' title="bbox 226 2690 888 2720; baseline 0.002 -1"><span class='ocrx_word' id='word_1_220' title='bbox 226 2690 260 2719; x_wconf 90' lang='lat' dir='ltr'>ii.</span> <span class='ocrx_word' id='word_1_221' title='bbox 278 2690 362 2719; x_wconf 83' lang='lat' dir='ltr'>Hist.</span> <span class='ocrx_word' id='word_1_222' title='bbox 381 2691 434 2720; x_wconf 88' lang='lat'>48.</span> <span class='ocrx_word' id='word_1_223' title='bbox 460 2690 536 2720; x_wconf 79' lang='lat' dir='ltr'>dicit</span> <span class='ocrx_word' id='word_1_224' title='bbox 552 2690 690 2720; x_wconf 66' lang='lat' dir='ltr'>vultures</span> <span class='ocrx_word' id='word_1_225' title='bbox 710 2701 770 2720; x_wconf 85' lang='lat' dir='ltr'>non</span> <span class='ocrx_word' id='word_1_226' title='bbox 786 2690 888 2720; x_wconf 83' lang='lat' dir='ltr'>nidifi-</span> 
     </span>
     <span class='ocr_line' id='line_1_42' title="bbox 225 2739 888 2781; baseline 0.005 -14"><span class='ocrx_word' id='word_1_227' title='bbox 225 2749 307 2775; x_wconf 69' lang='lat' dir='ltr'>care,</span> <span class='ocrx_word' id='word_1_228' title='bbox 340 2749 440 2779; x_wconf 85' lang='lat' dir='ltr'>neque</span> <span class='ocrx_word' id='word_1_229' title='bbox 469 2750 527 2769; x_wconf 76' lang='lat' dir='ltr'>ova</span> <span class='ocrx_word' id='word_1_230' title='bbox 556 2750 681 2780; x_wconf 73' lang='lat' dir='ltr'>ponere,</span> <span class='ocrx_word' id='word_1_231' title='bbox 709 2739 762 2769; x_wconf 75' lang='lat' dir='ltr'>scd</span> <span class='ocrx_word' id='word_1_232' title='bbox 787 2740 888 2781; x_wconf 88' lang='lat' dir='ltr'>pullos</span> 
     </span>
    </p>
   </div>
   <div class='ocr_carea' id='block_1_7' title="bbox 956 1607 1624 2782">
    <p class='ocr_par' dir='ltr' id='par_1_12' title="bbox 957 1607 1624 2143">
     <span class='ocr_line' id='line_1_43' title="bbox 958 1607 1623 1650; baseline -0.003 -11"><span class='ocrx_word' id='word_1_233' title='bbox 958 1608 1063 1646; x_wconf 86' lang='lat' dir='ltr'>edere,</span> <span class='ocrx_word' id='word_1_234' title='bbox 1083 1609 1136 1650; x_wconf 88' lang='lat' dir='ltr'>qui</span> <span class='ocrx_word' id='word_1_235' title='bbox 1151 1608 1257 1639; x_wconf 84' lang='lat' dir='ltr'>statim</span> <span class='ocrx_word' id='word_1_236' title='bbox 1272 1619 1309 1639; x_wconf 84' lang='lat' dir='ltr'>ac</span> <span class='ocrx_word' id='word_1_237' title='bbox 1322 1607 1386 1638; x_wconf 86' lang='lat' dir='ltr'>nati</span> <span class='ocrx_word' id='word_1_238' title='bbox 1403 1612 1475 1637; x_wconf 84' lang='lat' dir='ltr'>sunt</span> <span class='ocrx_word' id='word_1_239' title='bbox 1486 1607 1623 1638; x_wconf 80' lang='lat' dir='ltr'>avolant.</span> 
     </span>
     <span class='ocr_line' id='line_1_44' title="bbox 959 1657 1624 1699; baseline 0 -11"><span class='ocrx_word' id='word_1_240' title='bbox 959 1658 1080 1690; x_wconf 86' lang='lat' dir='ltr'>Plinius</span> <span class='ocrx_word' id='word_1_241' title='bbox 1095 1669 1166 1688; x_wconf 87' lang='lat' dir='ltr'>vero</span> <span class='ocrx_word' id='word_1_242' title='bbox 1181 1657 1236 1689; x_wconf 89' lang='lat' dir='ltr'>lib.</span> <span class='ocrx_word' id='word_1_243' title='bbox 1252 1669 1285 1688; x_wconf 77' lang='lat' dir='ltr'>x.</span> <span class='ocrx_word' id='word_1_244' title='bbox 1302 1668 1373 1699; x_wconf 80' lang='lat' dir='ltr'>cap.</span> <span class='ocrx_word' id='word_1_245' title='bbox 1391 1658 1423 1687; x_wconf 86' lang='lat'>6.</span> <span class='ocrx_word' id='word_1_246' title='bbox 1451 1668 1502 1687; x_wconf 91' lang='lat' dir='ltr'>eos</span> <span class='ocrx_word' id='word_1_247' title='bbox 1518 1662 1549 1687; x_wconf 88' lang='lat' dir='ltr'>et</span> <span class='ocrx_word' id='word_1_248' title='bbox 1564 1668 1624 1688; x_wconf 81' lang='lat' dir='ltr'>ova</span> 
     </span>
     <span class='ocr_line' id='line_1_45' title="bbox 958 1705 1624 1744; baseline -0.003 -5"><span class='ocrx_word' id='word_1_249' title='bbox 958 1708 1032 1739; x_wconf 88' lang='lat' dir='ltr'>dare</span> <span class='ocrx_word' id='word_1_250' title='bbox 1048 1714 1079 1739; x_wconf 91' lang='lat' dir='ltr'>et</span> <span class='ocrx_word' id='word_1_251' title='bbox 1094 1708 1264 1744; x_wconf 82' lang='lat' dir='ltr'>nidificare,</span> <span class='ocrx_word' id='word_1_252' title='bbox 1281 1707 1335 1737; x_wconf 84' lang='lat' dir='ltr'>sed</span> <span class='ocrx_word' id='word_1_253' title='bbox 1358 1707 1390 1737; x_wconf 85' lang='lat' dir='ltr'>in</span> <span class='ocrx_word' id='word_1_254' title='bbox 1406 1705 1624 1737; x_wconf 84' lang='lat' dir='ltr'>excelsissimis</span> 
     </span>
     <span class='ocr_line' id='line_1_46' title="bbox 958 1755 1622 1800; baseline -0.003 -12"><span class='ocrx_word' id='word_1_255' title='bbox 958 1757 1086 1800; x_wconf 84' lang='lat' dir='ltr'>rupibus</span> <span class='ocrx_word' id='word_1_256' title='bbox 1104 1763 1244 1793; x_wconf 81' lang='lat' dir='ltr'>testatur,</span> <span class='ocrx_word' id='word_1_257' title='bbox 1262 1763 1293 1787; x_wconf 84' lang='lat' dir='ltr'>et</span> <span class='ocrx_word' id='word_1_258' title='bbox 1308 1756 1378 1787; x_wconf 84' lang='lat' dir='ltr'>ideo</span> <span class='ocrx_word' id='word_1_259' title='bbox 1395 1755 1548 1786; x_wconf 79' lang='lat' dir='ltr'>rarissime</span> <span class='ocrx_word' id='word_1_260' title='bbox 1565 1756 1622 1786; x_wconf 85' lang='lat' dir='ltr'>ali-</span> 
     </span>
     <span class='ocr_line' id='line_1_47' title="bbox 959 1805 1622 1848; baseline -0.003 -10"><span class='ocrx_word' id='word_1_261' title='bbox 959 1818 1052 1848; x_wconf 90' lang='lat' dir='ltr'>quem</span> <span class='ocrx_word' id='word_1_262' title='bbox 1078 1817 1184 1837; x_wconf 86' lang='lat' dir='ltr'>eorum</span> <span class='ocrx_word' id='word_1_263' title='bbox 1205 1817 1264 1837; x_wconf 86' lang='lat' dir='ltr'>ova</span> <span class='ocrx_word' id='word_1_264' title='bbox 1290 1812 1344 1836; x_wconf 89' lang='lat' dir='ltr'>aut</span> <span class='ocrx_word' id='word_1_265' title='bbox 1367 1805 1470 1846; x_wconf 88' lang='lat' dir='ltr'>pullos</span> <span class='ocrx_word' id='word_1_266' title='bbox 1494 1805 1622 1836; x_wconf 85' lang='lat' dir='ltr'>vidisse.</span> 
     </span>
     <span class='ocr_line' id='line_1_48' title="bbox 958 1855 1621 1891; baseline -0.002 -4"><span class='ocrx_word' id='word_1_267' title='bbox 958 1857 1076 1887; x_wconf 87' lang='lat' dir='ltr'>Mirum</span> <span class='ocrx_word' id='word_1_268' title='bbox 1112 1863 1158 1888; x_wconf 76' lang='lat' dir='ltr'>est</span> <span class='ocrx_word' id='word_1_269' title='bbox 1198 1856 1293 1886; x_wconf 83' lang='lat' dir='ltr'>etiam</span> <span class='ocrx_word' id='word_1_270' title='bbox 1329 1855 1495 1891; x_wconf 81' lang='lat' dir='ltr'>vulturem,</span> <span class='ocrx_word' id='word_1_271' title='bbox 1533 1865 1621 1886; x_wconf 87' lang='lat' dir='ltr'>avem</span> 
     </span>
     <span class='ocr_line' id='line_1_49' title="bbox 958 1904 1622 1946; baseline -0.003 -10"><span class='ocrx_word' id='word_1_272' title='bbox 958 1907 1103 1942; x_wconf 78' lang='lat' dir='ltr'>faustam,</span> <span class='ocrx_word' id='word_1_273' title='bbox 1119 1911 1151 1936; x_wconf 87' lang='lat' dir='ltr'>et</span> <span class='ocrx_word' id='word_1_274' title='bbox 1164 1917 1201 1936; x_wconf 87' lang='lat' dir='ltr'>ex</span> <span class='ocrx_word' id='word_1_275' title='bbox 1216 1904 1357 1946; x_wconf 85' lang='lat' dir='ltr'>Augurio</span> <span class='ocrx_word' id='word_1_276' title='bbox 1368 1904 1495 1935; x_wconf 83' lang='lat' dir='ltr'>Romuli</span> <span class='ocrx_word' id='word_1_277' title='bbox 1510 1910 1541 1935; x_wconf 92' lang='lat' dir='ltr'>et</span> <span class='ocrx_word' id='word_1_278' title='bbox 1556 1904 1622 1935; x_wconf 80' lang='lat' dir='ltr'>Re-</span> 
     </span>
     <span class='ocr_line' id='line_1_50' title="bbox 958 1953 1622 1995; baseline 0 -10"><span class='ocrx_word' id='word_1_279' title='bbox 958 1955 1000 1985; x_wconf 93' lang='lat' dir='ltr'>mi</span> <span class='ocrx_word' id='word_1_280' title='bbox 1026 1954 1198 1985; x_wconf 84' lang='lat' dir='ltr'>felicissimi</span> <span class='ocrx_word' id='word_1_281' title='bbox 1223 1954 1334 1984; x_wconf 88' lang='lat' dir='ltr'>ominis</span> <span class='ocrx_word' id='word_1_282' title='bbox 1356 1953 1507 1990; x_wconf 82' lang='lat' dir='ltr'>habitam,</span> <span class='ocrx_word' id='word_1_283' title='bbox 1533 1953 1622 1995; x_wconf 90' lang='lat' dir='ltr'>(vide</span> 
     </span>
     <span class='ocr_line' id='line_1_51' title="bbox 957 2003 1620 2046; baseline 0 -11"><span class='ocrx_word' id='word_1_284' title='bbox 957 2010 1070 2046; x_wconf 87' lang='lat' dir='ltr'>praeter</span> <span class='ocrx_word' id='word_1_285' title='bbox 1095 2004 1172 2034; x_wconf 80' lang='lat' dir='ltr'>alios</span> <span class='ocrx_word' id='word_1_286' title='bbox 1193 2004 1270 2034; x_wconf 79' lang='lat' dir='ltr'>Stat.</span> <span class='ocrx_word' id='word_1_287' title='bbox 1287 2003 1333 2034; x_wconf 90' lang='lat' dir='ltr'>iii.</span> <span class='ocrx_word' id='word_1_288' title='bbox 1350 2004 1425 2034; x_wconf 88' lang='lat'>507.</span> <span class='ocrx_word' id='word_1_289' title='bbox 1450 2010 1481 2034; x_wconf 86' lang='lat' dir='ltr'>et</span> <span class='ocrx_word' id='word_1_290' title='bbox 1497 2004 1541 2034; x_wconf 92' lang='lat' dir='ltr'>ibi</span> <span class='ocrx_word' id='word_1_291' title='bbox 1556 2004 1620 2035; x_wconf 88' lang='lat' dir='ltr'>Lu-</span> 
     </span>
     <span class='ocr_line' id='line_1_52' title="bbox 957 2053 1623 2095; baseline 0.002 -12"><span class='ocrx_word' id='word_1_292' title='bbox 957 2053 1101 2093; x_wconf 78' lang='lat' dir='ltr'>tatium.)</span> <span class='ocrx_word' id='word_1_293' title='bbox 1134 2053 1183 2083; x_wconf 88' lang='lat' dir='ltr'>hic</span> <span class='ocrx_word' id='word_1_294' title='bbox 1209 2054 1300 2095; x_wconf 81' lang='lat' dir='ltr'>jungi</span> <span class='ocrx_word' id='word_1_295' title='bbox 1333 2063 1405 2083; x_wconf 89' lang='lat' dir='ltr'>cum</span> <span class='ocrx_word' id='word_1_296' title='bbox 1437 2053 1562 2084; x_wconf 88' lang='lat' dir='ltr'>bubone</span> <span class='ocrx_word' id='word_1_297' title='bbox 1591 2059 1623 2084; x_wconf 89' lang='lat' dir='ltr'>et</span> 
     </span>
     <span class='ocr_line' id='line_1_53' title="bbox 958 2102 1229 2143; baseline -0.007 -10"><span class='ocrx_word' id='word_1_298' title='bbox 958 2102 1064 2143; x_wconf 76' lang='lat' dir='ltr'>strige.</span> <span class='ocrx_word' id='word_1_299' title='bbox 1111 2103 1229 2132; x_wconf 66' lang='lat' dir='ltr'>Burin.</span> 
     </span>
    </p>

    <p class='ocr_par' dir='ltr' id='par_1_13' title="bbox 956 2150 1622 2782">
     <span class='ocr_line' id='line_1_54' title="bbox 1004 2150 1621 2191; baseline 0.002 -10"><span class='ocrx_word' id='word_1_300' title='bbox 1004 2153 1056 2182; x_wconf 82' lang='lat'>23.</span> <span class='ocrx_word' id='word_1_301' title='bbox 1080 2152 1189 2191; x_wconf 72' lang='lat' dir='ltr'>Aptius</span> <span class='ocrx_word' id='word_1_302' title='bbox 1202 2152 1243 2181; x_wconf 73' lang='lat' dir='ltr'>hae</span> <span class='ocrx_word' id='word_1_303' title='bbox 1252 2152 1384 2190; x_wconf 71' lang='lat' dir='ltr'>capiant,</span> <span class='ocrx_word' id='word_1_304' title='bbox 1397 2150 1472 2191; x_wconf 76' lang='lat' dir='ltr'>&amp;c.]</span> <span class='ocrx_word' id='word_1_305' title='bbox 1490 2151 1621 2187; x_wconf 87' lang='lat' dir='ltr'>Melius,</span> 
     </span>
     <span class='ocr_line' id='line_1_55' title="bbox 959 2199 1622 2236; baseline 0.002 -6"><span class='ocrx_word' id='word_1_306' title='bbox 959 2200 1205 2230; x_wconf 83' lang='lat' dir='ltr'>convenientius.</span> <span class='ocrx_word' id='word_1_307' title='bbox 1267 2199 1464 2236; x_wconf 52' lang='lat' dir='ltr'>Vadimonim</span> <span class='ocrx_word' id='word_1_308' title='bbox 1503 2201 1541 2230; x_wconf 87' lang='lat' dir='ltr'>ab</span> <span class='ocrx_word' id='word_1_309' title='bbox 1571 2212 1622 2231; x_wconf 80' lang='lat' dir='ltr'>va-</span> 
     </span>
     <span class='ocr_line' id='line_1_56' title="bbox 960 2248 1621 2290; baseline 0.002 -11"><span class='ocrx_word' id='word_1_310' title='bbox 960 2251 1039 2285; x_wconf 72' lang='lat' dir='ltr'>dari,</span> <span class='ocrx_word' id='word_1_311' title='bbox 1055 2249 1104 2279; x_wconf 88' lang='lat' dir='ltr'>vel</span> <span class='ocrx_word' id='word_1_312' title='bbox 1121 2250 1294 2284; x_wconf 72' lang='lat' dir='ltr'>convadari,</span> <span class='ocrx_word' id='word_1_313' title='bbox 1311 2248 1393 2289; x_wconf 89' lang='lat' dir='ltr'>quod</span> <span class='ocrx_word' id='word_1_314' title='bbox 1407 2254 1453 2278; x_wconf 87' lang='lat' dir='ltr'>est</span> <span class='ocrx_word' id='word_1_315' title='bbox 1468 2249 1499 2278; x_wconf 94' lang='lat' dir='ltr'>in</span> <span class='ocrx_word' id='word_1_316' title='bbox 1510 2249 1563 2290; x_wconf 86' lang='lat' dir='ltr'>jus</span> <span class='ocrx_word' id='word_1_317' title='bbox 1578 2250 1621 2280; x_wconf 88' lang='lat' dir='ltr'>ci-</span> 
     </span>
     <span class='ocr_line' id='line_1_57' title="bbox 960 2298 1621 2341; baseline 0.002 -12"><span class='ocrx_word' id='word_1_318' title='bbox 960 2305 1036 2335; x_wconf 84' lang='lat' dir='ltr'>tare,</span> <span class='ocrx_word' id='word_1_319' title='bbox 1059 2298 1108 2329; x_wconf 88' lang='lat' dir='ltr'>die</span> <span class='ocrx_word' id='word_1_320' title='bbox 1125 2298 1226 2328; x_wconf 84' lang='lat' dir='ltr'>dicta:</span> <span class='ocrx_word' id='word_1_321' title='bbox 1252 2298 1324 2328; x_wconf 87' lang='lat' dir='ltr'>hinc</span> <span class='ocrx_word' id='word_1_322' title='bbox 1342 2309 1401 2331; x_wconf 72' lang='lat' dir='ltr'>ras.</span> <span class='ocrx_word' id='word_1_323' title='bbox 1418 2298 1471 2328; x_wconf 91' lang='lat' dir='ltr'>ille</span> <span class='ocrx_word' id='word_1_324' title='bbox 1488 2298 1541 2339; x_wconf 87' lang='lat' dir='ltr'>qui</span> <span class='ocrx_word' id='word_1_325' title='bbox 1565 2310 1621 2341; x_wconf 88' lang='lat' dir='ltr'>pro</span> 
     </span>
     <span class='ocr_line' id='line_1_58' title="bbox 960 2347 1620 2389; baseline 0.002 -11"><span class='ocrx_word' id='word_1_326' title='bbox 960 2348 1058 2378; x_wconf 85' lang='lat' dir='ltr'>altero</span> <span class='ocrx_word' id='word_1_327' title='bbox 1073 2347 1215 2389; x_wconf 82' lang='lat' dir='ltr'>spondet,</span> <span class='ocrx_word' id='word_1_328' title='bbox 1232 2349 1433 2377; x_wconf 67' lang='lat' dir='ltr'>vadinwnizmz</span> <span class='ocrx_word' id='word_1_329' title='bbox 1454 2347 1620 2389; x_wconf 88' lang='lat' dir='ltr'>promittit.</span> 
     </span>
     <span class='ocr_line' id='line_1_59' title="bbox 958 2396 1619 2434; baseline 0 -6"><span class='ocrx_word' id='word_1_330' title='bbox 958 2398 1001 2428; x_wconf 86' lang='lat' dir='ltr'>Ut</span> <span class='ocrx_word' id='word_1_331' title='bbox 1023 2403 1126 2427; x_wconf 86' lang='lat' dir='ltr'>autem</span> <span class='ocrx_word' id='word_1_332' title='bbox 1152 2399 1230 2427; x_wconf 73' lang='lat' dir='ltr'>mdis</span> <span class='ocrx_word' id='word_1_333' title='bbox 1257 2407 1370 2427; x_wconf 85' lang='lat' dir='ltr'>nomen</span> <span class='ocrx_word' id='word_1_334' title='bbox 1395 2396 1455 2427; x_wconf 86' lang='lat' dir='ltr'>duo</span> <span class='ocrx_word' id='word_1_335' title='bbox 1479 2397 1619 2434; x_wconf 85' lang='lat' dir='ltr'>denotat,</span> 
     </span>
     <span class='ocr_line' id='line_1_60' title="bbox 957 2445 1618 2488; baseline 0 -12"><span class='ocrx_word' id='word_1_336' title='bbox 957 2457 1027 2476; x_wconf 90' lang='lat' dir='ltr'>eum</span> <span class='ocrx_word' id='word_1_337' title='bbox 1054 2446 1104 2476; x_wconf 88' lang='lat' dir='ltr'>cui</span> <span class='ocrx_word' id='word_1_338' title='bbox 1132 2446 1198 2476; x_wconf 86' lang='lat' dir='ltr'>dies</span> <span class='ocrx_word' id='word_1_339' title='bbox 1222 2445 1307 2476; x_wconf 77' lang='lat' dir='ltr'>(licta</span> <span class='ocrx_word' id='word_1_340' title='bbox 1329 2447 1381 2481; x_wconf 88' lang='lat' dir='ltr'>sit,</span> <span class='ocrx_word' id='word_1_341' title='bbox 1400 2452 1431 2476; x_wconf 89' lang='lat' dir='ltr'>et</span> <span class='ocrx_word' id='word_1_342' title='bbox 1453 2445 1541 2476; x_wconf 91' lang='lat' dir='ltr'>illum</span> <span class='ocrx_word' id='word_1_343' title='bbox 1566 2446 1618 2488; x_wconf 88' lang='lat' dir='ltr'>qui</span> 
     </span>
     <span class='ocr_line' id='line_1_61' title="bbox 957 2495 1619 2537; baseline 0 -12"><span class='ocrx_word' id='word_1_344' title='bbox 957 2506 1010 2536; x_wconf 89' lang='lat' dir='ltr'>pro</span> <span class='ocrx_word' id='word_1_345' title='bbox 1026 2495 1078 2525; x_wconf 93' lang='lat' dir='ltr'>illo</span> <span class='ocrx_word' id='word_1_346' title='bbox 1095 2495 1155 2525; x_wconf 88' lang='lat' dir='ltr'>fide</span> <span class='ocrx_word' id='word_1_347' title='bbox 1167 2495 1260 2537; x_wconf 82' lang='lat' dir='ltr'>jussit</span> <span class='ocrx_word' id='word_1_348' title='bbox 1275 2507 1282 2532; x_wconf 76' lang='lat'><em>3</em></span> <span class='ocrx_word' id='word_1_349' title='bbox 1308 2495 1351 2525; x_wconf 83' lang='lat' dir='ltr'>sic</span> <span class='ocrx_word' id='word_1_350' title='bbox 1368 2501 1399 2526; x_wconf 87' lang='lat' dir='ltr'>et</span> <span class='ocrx_word' id='word_1_351' title='bbox 1419 2497 1619 2526; x_wconf 71' lang='lat' dir='ltr'>vadimonium</span> 
     </span>
     <span class='ocr_line' id='line_1_62' title="bbox 957 2545 1619 2587; baseline -0.002 -12"><span class='ocrx_word' id='word_1_352' title='bbox 957 2545 1034 2575; x_wconf 80' lang='lat' dir='ltr'>duas</span> <span class='ocrx_word' id='word_1_353' title='bbox 1051 2556 1173 2586; x_wconf 88' lang='lat' dir='ltr'>quoque</span> <span class='ocrx_word' id='word_1_354' title='bbox 1191 2555 1239 2575; x_wconf 87' lang='lat' dir='ltr'>res</span> <span class='ocrx_word' id='word_1_355' title='bbox 1254 2545 1426 2585; x_wconf 81' lang='lat' dir='ltr'>significat:</span> <span class='ocrx_word' id='word_1_356' title='bbox 1451 2545 1551 2587; x_wconf 84' lang='lat' dir='ltr'>ipsam</span> <span class='ocrx_word' id='word_1_357' title='bbox 1567 2545 1619 2587; x_wconf 80' lang='grc' dir='ltr'>ἐμ-</span> 
     </span>
     <span class='ocr_line' id='line_1_63' title="bbox 957 2593 1621 2635; baseline 0.002 -12"><span class='ocrx_word' id='word_1_358' title='bbox 957 2593 1104 2634; x_wconf 74' lang='grc' dir='ltr'>φάνειαν,</span> <span class='ocrx_word' id='word_1_359' title='bbox 1129 2594 1369 2631; x_wconf 81' lang='lat' dir='ltr'>exhibitionem3</span> <span class='ocrx_word' id='word_1_360' title='bbox 1393 2599 1424 2623; x_wconf 83' lang='lat' dir='ltr'>et</span> <span class='ocrx_word' id='word_1_361' title='bbox 1447 2594 1621 2635; x_wconf 69' lang='grc' dir='ltr'><strong><em>ἐμφανείας</em></strong></span> 
     </span>
     <span class='ocr_line' id='line_1_64' title="bbox 957 2642 1614 2684; baseline 0 -12"><span class='ocrx_word' id='word_1_362' title='bbox 957 2642 1090 2684; x_wconf 66' lang='grc' dir='ltr'>ἐγγύην,</span> <span class='ocrx_word' id='word_1_363' title='bbox 1102 2642 1307 2674; x_wconf 78' lang='lat' dir='ltr'>exhibitionis</span> <span class='ocrx_word' id='word_1_364' title='bbox 1315 2643 1524 2684; x_wconf 66' lang='lat' dir='ltr'>sponsionem.</span> <span class='ocrx_word' id='word_1_365' title='bbox 1539 2643 1614 2673; x_wconf 54' lang='lat' dir='ltr'>Gara</span> 
     </span>
     <span class='ocr_line' id='line_1_65' title="bbox 956 2692 1618 2733; baseline 0.003 -12"><span class='ocrx_word' id='word_1_366' title='bbox 956 2694 1040 2722; x_wconf 77' lang='lat' dir='ltr'>rula.</span> <span class='ocrx_word' id='word_1_367' title='bbox 1086 2692 1267 2723; x_wconf 61' lang='lat' dir='ltr'>forensium</span> <span class='ocrx_word' id='word_1_368' title='bbox 1291 2692 1514 2733; x_wconf 83' lang='lat' dir='ltr'>loquacitatem</span> <span class='ocrx_word' id='word_1_369' title='bbox 1532 2692 1618 2723; x_wconf 91' lang='lat' dir='ltr'>vide-</span> 
     </span>
     <span class='ocr_line' id='line_1_66' title="bbox 957 2740 1404 2782; baseline 0.002 -12"><span class='ocrx_word' id='word_1_370' title='bbox 957 2746 1006 2771; x_wconf 80' lang='lat' dir='ltr'>tur</span> <span class='ocrx_word' id='word_1_371' title='bbox 1021 2740 1239 2782; x_wconf 84' lang='lat' dir='ltr'>perstringere.</span> <span class='ocrx_word' id='word_1_372' title='bbox 1286 2741 1310 2771; x_wconf 82' lang='lat' dir='ltr'>A</span> <span class='ocrx_word' id='word_1_373' title='bbox 1319 2752 1404 2771; x_wconf 61' lang='lat' dir='ltr'>nnn.</span> 
     </span>
    </p>
   </div>
  </div>
 </body>
</html>
