1849 3198
556 207 839 249 AMORUM
872 206 991 247 LIB.
1026 207 1116 248 III.
1149 208 1218 249 12.

1503 210 1587 250 43¹7

195 319 224 365 J
230 320 428 384 uppiter
453 328 537 368 aut
561 322 611 368 in
637 338 769 378 aves,
798 327 882 368 aut
907 337 960 368 se
978 322 1295 369 transformat
1313 323 1362 369 in
1383 338 1579 371 aurum:

261 396 364 443 Aut
388 404 525 445 secat
549 397 782 461 imposita
808 397 1001 459 virgine
1020 405 1190 445 taurus
1216 415 1389 462 aquas.

195 472 378 520 Protea
402 474 523 536 quid
547 474 771 529 referam,
793 473 1134 538 Thebanaque
1155 476 1360 531 semina,
1378 471 1584 523 dentes?

261 549 357 603 Qui
383 558 639 598 vomerent
662 552 887 598 flammas
914 568 1013 607 ore,
1040 552 1193 606 fuisse
1214 553 1396 600 boves?

1521 555 1584 600 36

197 626 338 673 Flere
363 627 503 689 genis
529 628 713 675 electra
737 634 864 683 tuas,
891 627 1095 690 Auriga,
1124 630 1345 676 sorores?

262 702 488 766 Quaeque
514 710 643 751 rates
664 704 860 760 fuerint,
888 720 1019 750 nunc
1040 704 1189 751 maris
1216 721 1326 752 esse
1354 705 1519 752 Deas?

195 779 543 843 Aversumque
568 781 701 828 diem
726 781 909 828 mensis
935 781 1193 828 furialibus
1218 781 1387 828 Atrei?

265 856 505 919 Duraque
529 873 817 920 percussam
844 873 968 904 saxa
995 864 1168 905 secuta
1191 858 1380 920 lyram?

1524 862 1587 904 40

200 931 319 979 Exit
343 933 392 979 in
417 933 714 980 immensum
739 934 954 981 fecunda
979 935 1182 982 licentia
1205 942 1400 982 vatum:

267 1009 475 1072 Obligat
496 1010 731 1058 historica
759 1027 850 1058 nec
877 1028 967 1058 sua
990 1013 1143 1059 verba
1166 1012 1280 1060 fide.

200 1085 266 1133 Et
290 1102 401 1133 mea
425 1087 667 1153 debuerat
691 1087 814 1134 falso
839 1088 1039 1135 laudata
1063 1089 1217 1135 videri

267 1158 794 1229 Feminaf·‘'credulitas
821 1181 951 1212 nunc
977 1166 1098 1212 mihi
1124 1173 1288 1213 vestra
1313 1173 1474 1213 nocet.

242 1356 296 1386 37.
314 1356 403 1386 Flere
425 1359 508 1398 genis
525 1359 645 1400 Auriga
667 1362 727 1390 suis
750 1360 859 1390 electra

198 1415 307 1435 sorores
317 1405 346 1445 ?]
374 1405 425 1436 Ita
437 1405 605 1446 legendum
621 1413 655 1438 ut
669 1414 716 1439 est
738 1408 770 1439 in
794 1419 859 1439 ma·

198 1453 384 1495 nuscriptis:

234 1503 334 1533 *Flere
346 1505 431 1544 genis
447 1505 558 1535 electra
574 1511 651 1541 tuas,
673 1508 804 1548 Auriga,
819 1518 861 1537 so-

285 1563 376 1582 rores.

201 1599 287 1631 Ordo
302 1606 361 1636 est,
378 1600 396 1630 ὀ
412 1600 542 1642 Auriga,
558 1603 691 1633 subaudi
713 1613 731 1634 a
745 1604 862 1645 superi-

200 1648 304 1680 oribus
322 1649 404 1684 Quid
418 1650 558 1691 referam,
574 1657 643 1682 tuas
657 1663 772 1683 sorores
791 1653 863 1684 flere

201 1698 318 1729 electra
332 1697 432 1740 genis.
455 1699 608 1730 MAams.
636 1700 780 1741 Hyginus
794 1711 863 1742 cap.

200 1747 275 1778 cliv.
314 1747 451 1778 Phakion
479 1748 617 1789 Clymeni
638 1750 713 1780 Solis
730 1752 808 1790 filii,
836 1758 863 1781 et

204 1796 337 1836 RIeropes
354 1796 498 1837 Nymphae
507 1799 609 1838 filius,
626 1811 713 1839 quam
738 1800 864 1830 Oceani-

204 1847 293 1876 tidem
319 1848 495 1885 accepimus,
523 1858 590 1877 eum
627 1849 738 1878 indicio
767 1851 866 1888 patris

202 1905 291 1924 avum
307 1894 401 1924 Solem
417 1897 604 1936 cognovisset,
620 1898 786 1935 impetratis
796 1909 866 1928 cur-

203 1945 285 1974 ribus
300 1945 376 1974 male
391 1955 460 1974 usus
475 1950 534 1974 est:
557 1957 626 1975 nam
638 1957 706 1975 cum
715 1953 785 1976 esset
798 1958 866 1986 pro—

201 1994 270 2031 pius
293 1999 404 2022 terram
429 1999 539 2029 vectus,
565 1996 661 2024 vicino
681 1996 746 2036 igni
770 1997 868 2025 omnia

204 2042 455 2082 conflagrarunt;
479 2042 650 2083 etfulmine
661 2045 748 2079 ictus,
761 2045 789 2074 in
797 2045 866 2084 flu-

205 2101 271 2120 men
290 2091 409 2120 Padum
424 2093 542 2121 cecidit.
573 2092 634 2121 Hic
645 2094 767 2122 “innisa
783 2094 866 2122 Gras-

206 2142 248 2170 eis
264 2139 419 2169 Eridanus
434 2141 560 2176 dicitur,
576 2152 660 2180 quem
684 2141 867 2181 Pherecydes

202 2189 319 2226 primus
335 2189 462 2218 vocavit.
501 2187 574 2218 Indi
590 2195 701 2225 autem,
718 2192 793 2230 quod
814 2201 864 2219 cu-

208 2237 268 2266 lore
282 2237 375 2267 vicini
388 2237 478 2277 ignis,
497 2239 620 2278 sanguis
642 2240 674 2267 in
699 2244 797 2269 atrum
821 2250 865 2269 co-

928 1360 1017 1391 lorem
1034 1371 1135 1391 rersus
1150 1367 1203 1397 est,
1219 1362 1303 1402 nigri
1326 1365 1396 1390 sunt
1409 1359 1504 1401 facti.
1542 1359 1592 1389 So-

928 1420 1007 1440 rores
1029 1416 1129 1440 autem
1149 1409 1322 1439 phaetontis
1339 1411 1411 1439 dum
1434 1410 1593 1439 interitum

929 1458 1175 1499 defientsratris,
1192 1460 1225 1488 ‘in
1241 1459 1358 1488 arbores
1378 1458 1500 1497 populos
1523 1463 1594 1487 sunt

929 1518 1029 1538 versae.
1067 1507 1189 1537 Harum
1214 1508 1363 1547 lacrymoe,
1386 1513 1422 1537 ut
1448 1506 1596 1536 Hesiodus

929 1556 1057 1591 indicat,
1087 1557 1120 1585 in
1160 1555 1317 1586 Electrum
1354 1562 1422 1585 sunt
1459 1557 1595 1585 ‹lm-azae.-

933 1605 1078 1636 Heliades
1093 1611 1191 1635 tamen
1207 1607 1413 1635 nominantur.
1444 1604 1521 1633 Sunt
1541 1615 1595 1633 au-

932 1660 989 1684 tem
1015 1654 1150 1692 DIerope,
1178 1654 1278 1689 Helie,
1302 1654 1404 1695 sEgle‚
1432 1652 1596 1692 Lampetie,

934 1703 1071 1738 PInrbea,
1104 1703 1237 1739 Etherie‚
1269 1703 1424 1742 Dioiippe.
1454 1701 1536 1731 Vide
1565 1708 1597 1732 et

930 1751 986 1782 lib.
1001 1752 1034 1782 ii.
1049 1751 1350 1793 Metamorphoseos.
1397 1750 1490 1781 C1or.

976 1802 1027 1831 40.
1062 1801 1239 1831 Percussum
1268 1800 1393 1840 lyram]
1436 1800 1596 1830 Percussus

934 1850 1016 1889 lyras
1031 1848 1172 1879 Francos.
1188 1850 1282 1879 Bern.
1298 1848 1431 1879 Serravii
1451 1854 1482 1878 et
1505 1848 1595 1878 multi

934 1897 998 1933 alii,
1014 1903 1049 1928 ut
1064 1903 1094 1928 et
1109 1897 1149 1928 ad
1166 1897 1284 1938 Orphei
1303 1903 1333 1927 et
1348 1896 1533 1937 Amphionis
1548 1897 1595 1927 sa-

934 1947 1025 1977 bulas
1040 1945 1233 1988 respiciatur.

979 1997 1033 2025 44.
1060 1995 1201 2035 Nostra]
1224 1994 1377 2024 Mendose
1394 1993 1449 2024 sic.
1464 1993 1597 2024 Rectius

934 2045 966 2074 in
989 2043 1210 2085 manuscriptis
1225 2042 1454 2083 exemplaribus
1473 2042 1597 2083 legitur,

940 2093 1061 2123 Vestra.-
1094 2091 1262 2132 alloquitur
1287 2090 1370 2121 enim
1390 2090 1502 2121 rivales
1526 2101 1597 2121 suos

935 2141 1044 2172 Po'eta.
1090 2140 1195 2177 Quod,
1217 2138 1329 2180 inquit,
1354 2139 1431 2169 meis
1452 2138 1597 2169 carmini-

934 2190 992 2220 bus
1017 2188 1146 2219 nimium
1173 2188 1291 2218 creduli
1322 2187 1431 2223 fuistis,
1458 2188 1488 2217 id
1520 2187 1594 2219 mihi

936 2244 1035 2270 nocet.
1082 2238 1231 2268 Manius.

1038 2802 1126 2829 Ptzt
