1849 3198
587 202 872 245 AMORUM
923 202 1044 279 LJB.
1076 202 1242 245 111..2.

1546 206 1632 248 403

949 288 959 306 l

236 312 339 361 Sed
364 316 585 379 pendent
608 317 698 364 tibi
724 333 867 365 crura
880 306 1087 393 :sibotes5
1116 318 1157 365 si
1182 318 1306 365 forte
1326 319 1536 382 juvabit,

300 391 550 440 Cancellis
576 393 762 456 primos
787 393 1054 442 inseruisse
1080 395 1253 457 pedes.

232 466 460 516 Maxima
477 470 583 531 jam
607 485 762 517 vacuo
790 469 983 516 Praetor
1009 471 1299 533 spectacula
1325 471 1490 528 Circo,
1562 475 1625 520 65

299 544 632 608 Quadrijuges
659 561 804 609 aequo
829 561 1029 593 carcere
1053 547 1189 594 misit
1212 563 1386 610 equos

234 619 329 667 Cui
355 622 557 669 studeas
582 623 749 671 video:
788 623 954 671 vincet
977 624 1278 688 cuicumque
1303 625 1507 672 favebis.

299 697 433 751 Quid
458 699 631 763 cupias
657 699 753 763 ipsi
779 700 905 746 scire
930 700 1158 747 videntur
1184 701 1319 764 equi.

233 772 320 821 Me
345 775 602 823 miserum!
641 783 825 823 metam
851 776 1069 838 spatioso
1094 777 1270 824 circuit
1293 779 1428 825 orbe.

301 849 433 905 Quid
459 851 610 899 facis?
648 853 847 899 admoto
872 852 1131 915 proximus
1158 869 1252 901 axe
1274 855 1423 901 subit.
1564 857 1626 901 70

234 926 367 981 Quid
392 928 530 984 facis,
558 928 761 976 infelix?
799 929 965 992 perdis
991 930 1123 976 bona
1145 937 1260 978 vota
1282 932 1479 995 puellae.

300 1003 471 1052 Tende
496 1020 672 1068 precor
694 1004 859 1052 valida
885 1006 989 1052 lora
1013 1006 1211 1054 sinistra
1234 1024 1401 1054 manu.

234 1079 465 1128 Favimus
490 1082 685 1145 ignavo.
713 1082 802 1129 sed
828 1081 959 1128 enim
984 1091 1228 1140 revocate,
1257 1084 1500 1139 Quirites;

300 1157 368 1205 Et
391 1159 506 1206 date
524 1159 726 1222 jactatis
752 1159 973 1222 undique
1000 1159 1142 1222 signa
1165 1162 1312 1223 togis,

278 1357 330 1387 64.
344 1357 609 1397 Cancellisprimos
619 1360 773 1389 inseruisse
781 1357 895 1397 pedes]

234 1405 286 1435 Ad
303 1405 457 1437 cancellos
472 1406 557 1447 podii
572 1406 663 1442 refer,
679 1407 792 1448 quibus
806 1416 898 1448 prox-

234 1455 289 1485 imi
317 1455 501 1497 spectabant
526 1455 612 1485 Naso
639 1461 671 1486 et
705 1455 820 1498 puella.
845 1455 899 1497 qui

234 1504 412 1535 remotiores
426 1515 444 1535 a
463 1503 557 1546 podio
584 1504 734 1535 sedebant
753 1505 900 1536 scabellis

234 1553 436 1595 imponebant
460 1553 584 1594 pedem.
618 1553 790 1584 mesrus.
821 1554 898 1584 Haec

234 1614 272 1634 ex
289 1603 420 1633 Salmas.
435 1602 546 1632 Exere.
562 1602 646 1633 Plin.
662 1613 737 1644 pag.
752 1603 826 1634 645.
844 1603 899 1633 sed

235 1662 294 1692 ego
308 1652 453 1681 cancellos
468 1651 561 1681 fuisse
582 1661 700 1682 asseres
719 1661 795 1693 puto
817 1652 894 1684 infe-

235 1701 339 1737 riores,
356 1701 408 1742 (ut
420 1701 504 1731 linea
519 1706 597 1737 erat,
613 1701 769 1742 superior)
786 1702 900 1743 quibus

234 1749 326 1781 sedili
343 1749 445 1780 altiori
461 1749 633 1781 insidentes
647 1756 790 1792 poterant
804 1751 901 1793 pedes

234 1798 402 1841 imponere.
413 1809 484 1829 nam
497 1810 566 1840 quae
580 1800 702 1830 Marius
714 1800 848 1831 somniat
860 1801 899 1831 de

234 1847 448 1884 foraminibus,
462 1858 518 1889 per
540 1858 609 1889 quae
633 1854 786 1890 spectant,
808 1861 899 1891 nugae

235 1903 317 1928 sunt.
342 1899 506 1937 imposuisse
524 1899 612 1937 pedes
636 1898 771 1929 Putean.
786 1899 901 1930 Moreti

235 1952 266 1977 et
281 1945 430 1977 tredecim
447 1946 513 1976 alii.
544 1947 662 1976 Bmur.

279 1995 333 2026 65.
354 1995 480 2035 Vacua]
512 1995 602 2025 Male
624 1994 746 2026 Marius
770 2006 788 2026 a
811 1997 903 2027 turba

235 2044 342 2086 populi
366 2044 526 2085 intelligit.
544 2056 646 2080 vacuo,
665 2055 684 2075 a
704 2056 819 2086 pompa
842 2046 900 2076 sci-

236 2092 312 2123 licet
327 2092 479 2128 Circensi,
496 2103 565 2134 quae
579 2093 643 2134 jam
658 2094 858 2135 praeterierat.

280 2142 334 2172 70.
351 2143 412 2172 Are
427 2142 522 2182 subi-J
553 2142 639 2172 Subit
653 2148 737 2173 recte
749 2144 901 2174 meliores.

236 2192 412 2222 mesrvs.
446 2192 478 2222 Si
501 2191 546 2221 ita
572 2191 694 2232 legatur
720 2203 775 2233 per
800 2193 900 2234 proxi-

238 2251 322 2272 mum
337 2241 487 2272 debemus
502 2241 633 2271 alterum
650 2241 832 2282 agitatorem
855 2242 902 2272 in-

236 2290 389 2330 telligere,
405 2290 459 2331 qui
484 2290 629 2320 flectente
643 2290 741 2331 primo
757 2291 848 2322 nimis
863 2291 902 2322 ad

236 2339 389 2375 dextram,
416 2339 542 2369 mibibat
570 2339 694 2370 admoto
725 2350 817 2371 curru
838 2351 903 2371 me-

237 2393 312 2419 tam.
326 2387 381 2418 sed
397 2394 428 2418 et
442 2389 517 2424 subi,
539 2393 633 2423 recte,
656 2394 690 2418 ut
712 2388 904 2420 adhortantis

237 2436 288 2472 sit,
304 2442 405 2478 potest
420 2436 554 2467 retineri.
601 2437 628 2466 B
645 2448 719 2466 nm.

281 2486 333 2516 72.
351 2485 448 2516 Tende
460 2497 565 2525 precor
589 2487 688 2516 valida
705 2487 767 2516 lora
783 2488 904 2517 sinislra

237 2535 358 2574 manin]
410 2535 470 2565 Hic
497 2534 601 2565 mirari
640 2535 714 2565 licet
750 2535 903 2576 insignem

239 2583 373 2626 Crispini
390 2583 609 2619 eruditionem,
626 2584 679 2626 qui
705 2584 853 2626 explicat,
870 2592 904 2615 ut

238 2635 320 2672 aqui.
336 2635 386 2673 qui
402 2634 527 2663 nimium
544 2635 575 2663 in
595 2634 730 2664 deiferam
750 2640 863 2673 perlem
877 2640 905 2664 et

238 2683 278 2712 ad
294 2688 398 2713 metum
417 2684 578 2718 inclinant,
595 2684 634 2713 ad
649 2685 799 2713 sinistram
818 2684 905 2714 redu—

967 1366 1090 1390 cantur.
1123 1360 1202 1396 Quis
1217 1371 1364 1402 umquam
1379 1359 1498 1390 audivit
1513 1364 1631 1390 metam

968 1407 1007 1437 ad
1028 1408 1170 1439 dextram
1194 1409 1311 1439 fuisse?
1334 1421 1353 1438 α
1378 1414 1455 1438 meta
1477 1408 1631 1438 declinant

967 1455 1127 1488 debuisset
1140 1457 1256 1494 dicere,
1272 1457 1297 1488 si
1314 1456 1397 1488 Circi
1410 1456 1548 1498 aliquam
1559 1466 1632 1497 cog-

967 1505 1117 1536 nitionem
1140 1506 1314 1537 habuisset.
1335 1517 1373 1536 ne
1397 1505 1429 1535 in
1450 1516 1481 1535 re
1504 1504 1634 1546 protrita

967 1556 1062 1585 verba
1086 1556 1225 1597 perdam,
1250 1556 1321 1586 vide
1342 1561 1411 1597 post
1433 1553 1633 1596 Onuphrium

967 1608 998 1633 et
1012 1604 1236 1645 Bulengerum,
1251 1603 1391 1635 Fabretti
1413 1603 1576 1645 Syntagm.
1593 1602 1634 1633 ad

969 1651 1116 1683 Column.
1137 1653 1223 1694 Traj.
1249 1663 1320 1694 cap.
1339 1652 1383 1683 vi.
1408 1663 1480 1694 pag.
1506 1651 1577 1682 146.
1602 1656 1634 1681 et

967 1711 1032 1742 seq·
1060 1702 1175 1732 clamat
1200 1712 1272 1743 ergo
1292 1702 1403 1737 Poeta,
1426 1706 1461 1731 ut
1483 1699 1523 1730 ad
1543 1699 1632 1731 sinis-

967 1756 1058 1786 tram,
1087 1761 1182 1792 prope
1210 1755 1326 1781 metam
1356 1760 1452 1790 equos
1483 1749 1633 1785 flecteret,

968 1800 1022 1841 qui
1046 1799 1180 1841 spatioso
1201 1799 1293 1829 nimis
1316 1799 1388 1829 orbe
1410 1799 1494 1829 facto
1517 1808 1536 1828 a
1550 1804 1634 1829 meta

968 1848 1090 1889 longius
1105 1848 1246 1879 abibant.
1277 1849 1396 1878 Burni.

1014 1898 1065 1928 73.
1082 1897 1138 1927 Sed
1164 1897 1261 1937 euim]
1301 1895 1387 1926 Illud
1416 1902 1547 1927 revocate
1569 1907 1632 1927 non

969 1946 1124 1977 intellexit
1149 1945 1320 1988 Crispinus,
1351 1945 1403 1987 qui
1433 1956 1487 1987 per
1514 1947 1635 1986 repetite

970 1995 1112 2036 exponit:
1138 1994 1192 2025 sed
1216 1994 1342 2036 respicit
1363 2005 1491 2030 morem,
1516 2004 1577 2035 quo
1600 1994 1633 2025 in

971 2043 1180 2079 Circensibus,
1201 2043 1226 2073 si
1247 2043 1325 2073 lenti
1341 2049 1372 2073 et
1382 2043 1488 2083 ignavi
1503 2043 1634 2074 fuissent

970 2104 1088 2129 currus,
1104 2093 1180 2123 alios
1193 2093 1388 2134 proscebant.
1404 2091 1447 2122 sic
1468 2092 1550 2123 hunc
1566 2092 1632 2134 agi-

969 2147 1099 2173 tatorem
1113 2148 1291 2172 revocatum
1305 2140 1405 2182 fingit,
1421 2140 1486 2177 sed,
1497 2147 1531 2172 ut
1546 2148 1632 2182 puto,

970 2201 1064 2221 novos
1087 2201 1183 2232 equos
1206 2189 1411 2231 agitaturum:
1436 2189 1527 2231 primi
1550 2190 1633 2220 enim

970 2246 1001 2270 et
1021 2239 1093 2270 fessi
1116 2246 1146 2270 et
1172 2238 1348 2279 ignaviores
1371 2238 1428 2268 visi
1442 2244 1529 2268 erant
1544 2249 1632 2280 spec-

970 2288 1131 2320 tatoribus.
1156 2288 1247 2329 hujus
1274 2287 1365 2318 moris
1390 2287 1557 2328 vestigium
1579 2288 1634 2319 de-

970 2337 1170 2380 prehendisse
1189 2347 1238 2367 me
1259 2343 1335 2378 puto
1361 2336 1447 2378 apud
1469 2337 1632 2368 Plutarch.

971 2387 1002 2418 in
1018 2387 1096 2428 Syll.
1109 2397 1182 2428 pag.
1198 2386 1273 2416 463.
1289 2385 1341 2416 ubi
1357 2385 1395 2416 de
1410 2385 1522 2427 proelio
1537 2386 1633 2417 Sullae

971 2447 1043 2467 cum
1058 2436 1213 2466 Archelao
1229 2445 1326 2477 agens
1342 2434 1400 2465 ait:
1429 2435 1545 2465 Primos
1559 2446 1632 2466 cur-

971 2497 1024 2516 rus
1047 2487 1198 2527 ignaviter
1221 2487 1333 2515 emissos
1359 2490 1387 2514 et
1408 2485 1485 2514 lente
1506 2486 1635 2515 invectos

974 2535 1101 2565 Romani
1112 2535 1310 2574 propellentes
1323 2545 1391 2563 cum
1402 2535 1463 2563 risu
1475 2540 1503 2563 et
1511 2535 1636 2573 plausu,

972 2591 1005 2614 ut
1024 2585 1103 2614 ludis
1126 2583 1313 2613 Circensibus
1327 2583 1434 2618 solent,
1451 2583 1524 2613 alios
1536 2593 1633 2621 posce—

973 2635 1054 2664 bant.
1083 2632 1202 2662 var.

1111 2733 1231 2765 Dd2
