1849 3198
228 225 311 266 '180
614 222 663 262 P.
698 220 911 263 OVIDII
945 221 1225 264 NASONIS

230 340 321 388 Ille
344 339 481 387 ferox
507 338 639 385 solus
666 338 787 385 solio
812 345 1109 402 sceptroque
1134 338 1346 402 potitur:

297 417 426 464 Cum
451 432 569 466 sene
594 432 683 463 nos
708 416 841 479 inopi
866 417 1013 463 turba
1036 433 1272 479 vagamur
1296 417 1454 480 inops.

230 495 308 542 De
332 495 535 542 fratrum
560 495 742 558 populo
768 510 880 557 pars
906 494 1228 556 exiguissima
1253 501 1408 541 restas
1431 513 1441 551 ;
1521 497 1613 541 115

296 572 496 636 Quique
521 573 624 620 dati
647 573 763 627 leto,
792 588 1004 634 quaeque
1030 572 1228 628 dedere,
1257 572 1367 619 fleo.

230 650 361 698 Nam
386 651 505 697 mihi
531 657 653 714 quot
676 650 865 705 fratres,
893 650 1100 697 totidem
1126 650 1315 713 periere
1341 666 1563 708 sorores;

294 728 524 792 Accipiat
546 728 773 775 lacrimas
798 734 1008 791 utraque
1032 729 1178 774 turba
1202 744 1355 775 meas,

231 805 307 852 En
333 822 441 868 ego,
469 806 603 869 quod
628 806 765 861 vivis,
793 821 953 868 poenae
980 805 1247 852 crucianda
1271 821 1517 860 reservor;

297 883 429 937 Quid
454 883 538 930 fiet
563 883 708 939 sonti,
736 899 849 929 cum
875 899 958 929 rea
979 882 1140 929 laudis
1167 883 1316 945 agar?
1525 885 1618 928 120

231 960 311 1017 Et,
338 961 718 1022 consanguineae
744 960 997 1023 quondam
1023 960 1295 1007 centesima
1319 961 1491 1015 turbae,

298 1038 492 1094 Infelix,
520 1054 617 1084 uno
642 1037 789 1084 fratre
815 1043 1062 1093 manente,
1091 1037 1282 1085 cadam.

230 1116 298 1163 At
321 1124 390 1172 tu,
419 1116 459 1162 si
486 1132 586 1179 qua
609 1115 719 1179 piae,
750 1114 970 1179 LynceU,
998 1116 1088 1162 tibi
1114 1131 1233 1162 cura
1258 1115 1453 1171 sororis,

297 1193 523 1257 Quaeque
546 1194 637 1241 tibi
662 1194 811 1240 tribui
836 1210 1056 1249 munera,
1084 1194 1264 1256 dignus
1290 1194 1473 1250 habes3

229 1272 323 1321 Vel
341 1272 412 1319 fer
430 1289 577 1336 opem
596 1289 605 1319 :
633 1273 711 1319 vel
730 1272 857 1320 dede
876 1272 986 1319 neci
1005 1289 1014 1319 :
1040 1271 1376 1335 defunctaque
1394 1271 1496 1319 vita
1524 1273 1617 1318 125

299 1349 523 1413 Corpora
546 1349 736 1397 furtivis
762 1350 965 1412 insuper
989 1349 1117 1396 adde
1142 1349 1291 1411 rogis.

233 1427 297 1474 Et
322 1428 479 1491 sepeli
502 1428 718 1475 lacrimis
744 1427 945 1491 perfusa
967 1426 1196 1474 fidelibus
1222 1442 1351 1482 ossa,

301 1505 600 1569 Scriptaque
627 1505 725 1551 sint
748 1505 891 1552 titulo
914 1511 1082 1552 nostra
1105 1505 1335 1568 sepulcra
1357 1504 1510 1551 brevi.

231 1649 345 1681 affectu
360 1649 533 1685 scribentis,
550 1649 602 1690 qui
619 1649 720 1690 patria
738 1649 846 1690 pulsus
861 1649 893 1679 in

230 1700 408 1742 peregrinas
430 1705 461 1730 et
485 1700 576 1740 longe
599 1699 739 1730 diversas
758 1699 895 1730 defertur

231 1755 339 1780 terras.
364 1749 483 1779 Bunm.

277 1798 350 1828 114.
377 1798 450 1828 Cum
467 1809 532 1828 sene
549 1797 655 1838 inopi]
683 1797 764 1828 Cum
780 1798 894 1828 Danao

231 1852 329 1889 patre,
346 1846 410 1888 qui,
423 1857 519 1888 quum
534 1857 660 1882 navem,
673 1846 894 1877 comitantibus

232 1896 323 1932 natis,
349 1895 550 1931 ascendisset,
573 1895 720 1926 Rhodum
749 1895 893 1937 primum,

232 1945 480 1987 Peloponnesum
504 1944 617 1975 deinde
643 1945 782 1981 devenit,
800 1945 853 1976 ubi
877 1957 895 1977 a

233 1995 401 2031 Gelanore,
418 1995 470 2036 qui
487 1994 580 2035 Argis
596 1995 782 2036 imperabat,
800 1995 895 2027 hono—

232 2043 315 2075 rifice
339 2049 489 2086 exceptus
513 2052 574 2074 est:
599 2043 654 2074 sed
676 2043 765 2074 illum
786 2055 856 2075 mox
879 2056 895 2076 e

233 2094 309 2125 solio
325 2094 519 2130 deturbasse,
535 2104 629 2135 seque
644 2093 728 2124 illius
746 2094 777 2124 in
792 2094 895 2125 locum

233 2142 393 2173 suffecisse
402 2143 526 2173 dicitur.
541 2142 731 2184 Apollod.ii.
745 2143 896 2175 LAMAR.

282 2193 352 2222 115.
386 2192 462 2221 Pars
490 2192 705 2233 eriguissimm]
746 2192 784 2223 In
816 2192 896 2223 hanc

234 2241 363 2270 formam
378 2240 458 2270 dixit
473 2241 582 2271 Cicero
597 2240 630 2272 in
645 2241 756 2276 Bruto,
771 2242 894 2272 Assidu-

233 2292 340 2321 issfflze.
372 2290 438 2331 ejus
460 2291 555 2320 verba
578 2296 667 2321 sunt:
694 2291 898 2321 Assiduissime

234 2338 423 2379 mecumfuit
441 2339 603 2379 Dionysius
622 2339 762 2381 DIagnes.
802 2340 897 2371 CIOF.

235 2388 285 2419 Sic
300 2390 436 2429 ewiguius
452 2387 516 2429 leg.
533 2388 609 2418 xlvi.
626 2388 665 2418 de
682 2389 791 2429 Legat.
807 2390 839 2419 3.

283 2438 352 2468 125.
380 2437 431 2467 Γεί
446 2437 504 2478 fei·
526 2449 615 2477 opem,
638 2438 683 2467 vel
705 2439 777 2468 dede
804 2439 897 2479 ileo-12]

236 2487 392 2517 Neutrum
415 2486 539 2517 evenit:
570 2486 666 2517 iratus
691 2486 807 2528 quippe
833 2488 899 2518 Da-

237 2546 325 2571 naus,
342 2535 426 2577 quod
450 2546 513 2568 una
537 2536 616 2566 inter
638 2547 753 2567 sorores
774 2537 899 2578 conjugi

239 2595 293 2614 suo
316 2585 562 2626 Hypermnestra
583 2584 783 2626 pepercisset,
798 2584 830 2615 in
848 2587 898 2626 ju—

239 2633 355 2663 dicium
370 2633 493 2664 vocavit
509 2633 592 2675 apud
618 2634 779 2675 populum,
798 2645 816 2665 a
838 2645 900 2676 quo

239 2693 336 2723 quum
360 2682 469 2713 fuisset
494 2683 576 2713 omni
601 2682 727 2713 crimine
758 2684 899 2719 liberata,

239 2731 374 2772 ligneam
389 2738 524 2764 statuam
541 2732 657 2764 Veneri
674 2733 837 2775 νικηφόρῳ
853 2733 899 2764 di-

962 1648 1055 1683 cavit.
1067 1659 1161 1690 quam
1172 1648 1285 1679 vidisse
1297 1659 1329 1678 se
1342 1648 1513 1679 Pausanias
1529 1653 1622 1679 testa-

961 1703 1021 1734 tur,
1040 1697 1229 1728 Corinthiae.
1245 1708 1273 1728 c.
1292 1698 1341 1728 19.
1370 1697 1407 1727 In
1423 1697 1554 1738 gratiam
1568 1698 1622 1728 de-

961 1748 1034 1780 inde
1052 1748 1196 1789 Lynceus
1210 1747 1305 1778 fertur
1319 1757 1390 1777 cum
1405 1748 1518 1778 Danao
1540 1748 1622 1778 redi-

961 1798 1032 1834 isse,
1052 1803 1083 1828 et
1106 1798 1358 1839 Hypermnestrae
1385 1808 1448 1828 suae
1473 1798 1624 1839 nupsisse,

962 1858 999 1877 ex
1014 1857 1077 1888 qua
1092 1846 1190 1876 filium
1202 1846 1330 1876 Abanta
1341 1845 1487 1887 suscepit,
1501 1847 1554 1888 qui
1568 1858 1623 1889 pa-

962 1901 1008 1926 ter
1024 1895 1123 1926 Proeti
1139 1900 1170 1926 et
1185 1894 1311 1926 Acrisii.
1327 1894 1479 1937 Apollod.
1495 1896 1527 1928 ii.
1547 1898 1575 1932 l,
1589 1898 1622 1928 2.

963 1946 1080 1977 Amr..

1010 1996 1083 2026 126.
1110 1995 1240 2034 Corpora
1256 1996 1389 2037 furtivis
1408 1997 1530 2036 insuper
1551 1999 1628 2028 adde

965 2045 1072 2087 rogis]
1120 2044 1237 2081 Scribe,
1267 2044 1417 2086 quicquid
1446 2045 1627 2077 dissuadent

964 2094 1033 2125 libri
1050 2099 1180 2129 veteres,
1195 2095 1217 2129 i,
1231 2097 1407 2134 superadde.
1450 2095 1625 2127 Hemsms.

964 2144 1031 2184 Ego
1047 2143 1124 2173 nihil
1140 2142 1239 2173 ausim
1251 2149 1384 2174 mutare.
1398 2144 1441 2174 sic
1453 2145 1495 2175 Τὸ
1506 2147 1627 2185 insuper

964 2193 1019 2224 lib.
1035 2192 1067 2223 ii.
1082 2191 1175 2223 Trist.
1197 2193 1267 2224 129.

1009 2242 1136 2281 Insuper
1158 2243 1316 2278 accedunt,
1331 2248 1359 2272 te
1384 2254 1442 2272 non
1464 2244 1625 2280 adimente,

1089 2298 1222 2330 paterna}

1051 2340 1233 2381 (Tamquam
1262 2341 1325 2370 vita
1359 2351 1467 2380 parum
1498 2344 1629 2373 muneris

1093 2388 1178 2428 esset)
1196 2400 1272 2427 opes.

967 2437 1043 2468 Vid.
1075 2438 1183 2468 Gisan.
1213 2437 1286 2468 Ind.
1314 2438 1460 2469 Lucretii.
1506 2439 1629 2471 Furtivi

968 2496 1040 2517 vero
1054 2486 1100 2516 illi
1126 2487 1190 2528 rogi
1216 2497 1278 2517 non
1297 2487 1463 2518 admodum
1488 2488 1628 2529 placent.

970 2536 1122 2567 Finitimis
1138 2542 1203 2567 erat
1216 2536 1248 2566 in
1264 2536 1420 2567 Leidensi.
1445 2538 1533 2574 forte,
1552 2538 1579 2567 F
1580 2550 1629 2569 ra-

968 2587 1071 2617 ternis.
1095 2592 1128 2616 ut
1152 2585 1228 2616 velit
1251 2596 1283 2616 se
1311 2585 1384 2616 addi
1405 2586 1486 2627 rogis
1499 2586 1629 2618 fratrum

967 2635 1046 2676 ejus.
1093 2635 1241 2666 Francius
1263 2645 1317 2680 pro
1336 2637 1422 2672 adde,
1438 2635 1533 2667 vellet
1555 2638 1630 2668 abde

968 2684 1016 2715 vel
1032 2695 1097 2715 ure.
1122 2686 1239 2715 BuuM.

1014 2735 1084 2765 128.
1109 2734 1283 2775 Scriptaque
1294 2735 1352 2765 sint
1371 2734 1487 2775 titulo]
1512 2735 1628 2775 Scripta
