1849 3198
190 211 247 253 68
575 213 626 255 P.
659 212 872 256 OVIDII
905 212 1185 256 NASONIS

192 327 260 375 At
283 328 401 375 mihi
427 344 518 376 nec
537 327 566 375 J
572 345 685 386 uno,
707 345 798 377 nee
826 328 1044 393 Hymen,
1066 330 1154 377 sed
1180 329 1333 376 tristis
1361 329 1576 393 Erinnys

259 404 485 453 Praetulit
508 405 745 453 infaustas
771 406 1150 468 sanguinolenta
1173 406 1322 453 faces,
1510 409 1574 453 46

192 481 325 536 Quid
349 482 467 529 mihi
493 499 606 530 cum
628 482 845 547 Minyis?
872 483 990 546 quid
1011 499 1123 529 cum
1149 483 1403 530 Tritonide
1426 482 1576 547 pinu?

259 559 392 616 Quid
416 560 504 607 tibi
530 576 643 607 cum
668 559 841 624 patria,
870 559 1035 606 navita
1059 559 1241 623 Tiphy,
1268 560 1408 607 mea?

193 635 307 683 Non
333 644 437 685 erat
460 638 539 685 hie
566 638 691 685 aries
715 637 829 684 villo
855 636 1142 700 spectabilis
1169 653 1339 685 aureo:

258 713 305 760 N
311 730 366 761 ec
393 715 523 761 senis
544 714 697 761 AE'etae
723 713 858 775 regia
882 713 1094 760 Lemnos
1121 720 1241 760 erat.
1513 716 1576 759 50

192 790 345 838 Certa
367 792 435 839 fui
460 793 617 856 primo
643 792 753 854 (sed
778 807 857 838 me
882 792 1013 838 mala
1035 791 1136 838 fata
1158 791 1442 852 trahebant)

258 868 470 934 Hospita
493 870 706 917 feminea
728 869 912 933 pellere
936 876 1099 916 castra
1123 885 1288 916 manu.

193 944 588 1010 Lemniadesque
618 948 762 1002 viros,
790 945 995 992 nimium
1021 962 1238 1009 quoque,
1264 946 1459 992 vincere
1488 961 1573 992 no-

258 1023 420 1072 Milite
444 1031 545 1071 tam
570 1024 680 1072 forti
706 1024 811 1087 ripa
834 1023 1020 1069 tuenda
1043 1022 1150 1069 fuit.
1422 1023 1573 1084 [runt.

193 1100 330 1149 Urbe
354 1102 510 1149 virum
534 1103 649 1158 vidi,
676 1109 909 1164 tectoque
935 1100 1197 1163 animoque
1223 1099 1417 1163 recepi:
1512 1102 1573 1146 55

258 1177 355 1225 Hie
380 1179 469 1226 tibi
494 1180 672 1243 bisque
697 1185 860 1234 aestas,
887 1177 1065 1241 bisque
1091 1177 1307 1224 cucurrit
1330 1177 1504 1223 hiems.

232 1286 285 1316 49.
315 1286 392 1317 Villo
420 1289 585 1326 spectabilis
612 1287 731 1328 aurem]
756 1287 847 1328 Syni-

190 1334 278 1365 zesis.
294 1334 337 1366 sic
354 1335 409 1366 lib.
427 1337 448 1366 i.
473 1337 623 1368 Amorum
639 1338 730 1378 Eleg.
748 1337 803 1368 xii.

233 1383 297 1423 Ipse
328 1385 410 1415 Dens
438 1393 550 1422 vatum,
571 1387 654 1426 palla
684 1388 849 1426 spectabilis

315 1445 419 1471 aurea,

264 1482 389 1513 Tractat
398 1485 544 1514 inaurata
553 1495 676 1514 consona
676 1485 738 1525 fila
748 1484 848 1525 Lyrcr.

188 1532 227 1562 Et
243 1531 274 1562 in
290 1532 377 1574 Epist
392 1533 516 1563 Medeae
532 1532 586 1563 xii.
603 1535 676 1564 201.

232 1582 256 1611 A
264 1582 500 1612 ureusz'lleAries
511 1583 578 1612 villo
586 1584 750 1623 spectabilis
758 1593 848 1612 aureo

276 1630 337 1660 Dos
351 1642 427 1660 mea.
709 1632 802 1662 Cxor.

192 1678 287 1709 Multi
301 1679 522 1722 codicesfulro
533 1680 696 1721 spectabilis
706 1692 792 1711 (raro.
814 1687 848 1711 ut

188 1729 299 1758 vellera
318 1729 414 1770 fulva
441 1740 534 1770 supra
561 1728 652 1759 dixit.
688 1729 742 1760 sed
771 1729 848 1760 nihil

189 1778 373 1809 mutandum
386 1784 514 1810 temere.
551 1778 659 1809 Valer.
676 1779 762 1810 Flac.
781 1779 847 1810 viii.

193 1827 265 1857 122.

450 1876 590 1918 Villisque
603 1884 763 1908 comantem

232 1926 358 1956 sidereis
376 1932 447 1957 totos
459 1928 565 1967 pellem
585 1939 666 1958 nunc
680 1928 793 1969 fundit
817 1930 848 1959 in

274 1980 372 2005 artus.

189 2023 243 2054 vii.
262 2024 316 2054 30.

548 2074 649 2104 Aurea
663 2076 760 2115 sijam

234 2121 337 2156 Pelas,
347 2127 372 2151 et
383 2122 485 2152 oblatis
494 2123 659 2153 clarescant
668 2126 748 2154 atria
757 2125 846 2155 villis.

188 2169 300 2200 Senec.
312 2170 423 2200 Troad.
440 2171 533 2202 1035.

235 2219 309 2249 Cum
322 2221 423 2261 gregis
436 2222 543 2250 ductor
558 2222 697 2251 radiante
711 2223 782 2252 villo

232 2270 368 2299 Aureo.—
687 2272 803 2302 Bunm.

231 2318 286 2348 52.
323 2318 440 2348 Pellere
467 2324 565 2348 castra
593 2320 714 2360 manus]
755 2320 847 2351 Domo

190 2367 292 2398 Vossii
317 2373 464 2409 excerpta
485 2374 515 2398 et
545 2367 641 2398 codex
665 2369 766 2399 Junii.
791 2371 845 2401 sed

190 2416 265 2447 nihil
298 2416 481 2447 mutandum
510 2417 641 2457 suadent
669 2419 844 2460 sequentia.

192 2465 299 2495 Castra.
314 2475 385 2495 vero
400 2465 449 2496 hie
462 2471 545 2496 recte
558 2466 751 2498 Hubertinus
766 2468 845 2499 clas-

188 2525 253 2545 sem
269 2514 498 2555 interpretatur.
545 2514 658 2555 Virgil.
670 2514 712 2546 iv.
730 2517 802 2548 604.

234 2563 324 2593 Faces
338 2564 368 2592 in
384 2569 482 2594 castra
498 2565 638 2595 tulissem.

193 2612 253 2642 Ubi
268 2611 333 2643 vid.
350 2612 437 2643 Serv.
454 2618 484 2643 et
500 2624 554 2643 nos
569 2613 608 2644 ad
624 2613 678 2645 vii.
709 2613 844 2646 Metam.

188 2661 244 2692 99.
290 2662 406 2692 Bonna.

232 2712 287 2741 54.
318 2710 419 2741 Milite
447 2711 607 2753 ramforti
638 2712 699 2741 vita
733 2714 845 2743 tuenda

179 2759 279 2801 fuit]
329 2759 465 2791 Fortuna
503 2762 614 2792 tuenda
653 2760 843 2794 Puteaneus.

914 1285 1074 1316 mendose.
1119 1285 1164 1316 At
1192 1286 1224 1315 in
1252 1295 1314 1315 uno
1344 1284 1496 1315 vossiano
1525 1284 1576 1326 (et

915 1334 1078 1374 Francos.)
1106 1346 1161 1377 pro
1190 1334 1312 1367 diversa
1336 1333 1480 1370 lectione,
1509 1335 1576 1374 ripa

916 1387 1040 1415 tuenda.
1057 1385 1139 1426 quod
1156 1384 1272 1426 placet.
1310 1384 1378 1414 Hoc
1394 1383 1477 1415 enim
1492 1384 1576 1415 omni

915 1434 1017 1464 studio
1035 1433 1221 1465 Lemniades
1246 1434 1392 1474 agebant,
1417 1439 1452 1464 ut
1474 1433 1575 1475 Argo-

916 1488 1027 1514 nautas
1063 1483 1166 1514 littore
1195 1483 1405 1524 prohiberent.
1444 1483 1482 1513 de
1513 1483 1577 1513 vita

916 1532 1037 1562 nullum
1053 1539 1211 1563 certamen
1227 1532 1297 1562 fuit.
1338 1532 1474 1563 Causam
1489 1532 1576 1563 dedit

915 1581 982 1612 loco
1018 1581 1245 1623 interpolando,
1275 1582 1358 1623 quod
1391 1584 1486 1621 ripam
1520 1593 1575 1624 pro

915 1632 1015 1661 littore
1051 1641 1273 1671 nonnunquam
1309 1629 1388 1661 sumi
1432 1631 1575 1668 nesciret,

915 1678 1055 1721 quisquis
1070 1682 1158 1710 vitam
1176 1682 1241 1719 ripa
1261 1679 1432 1722 supposuit.
1456 1685 1487 1711 at
1510 1681 1576 1711 Ho-

914 1728 1010 1759 ratius
1025 1728 1081 1759 lib.
1098 1728 1144 1759 iii.
1162 1729 1226 1760 Od.
1243 1728 1329 1760 xxvi.

958 1779 1096 1818 AEquoris
1112 1780 1193 1819 nigri
1200 1778 1363 1820 fremitum
1378 1784 1406 1808 et
1422 1785 1576 1810 trementes

1305 1828 1426 1858 Verbere
1440 1831 1520 1868 ripas

915 1876 1007 1908 dixit.
1054 1877 1162 1907 Florus
1178 1888 1301 1918 quoque
1325 1877 1381 1908 lib.
1395 1877 1438 1908 iv.
1455 1889 1525 1920 cap.
1543 1878 1576 1910 ii.

915 1925 954 1956 de
970 1926 1061 1957 Bello
1076 1926 1206 1957 Antonii
1222 1926 1381 1958 Parthico:
1401 1928 1576 1968 Purpuram

915 1986 1081 2016 auramque
1097 1978 1128 2006 in
1143 1978 1239 2016 ripam
1254 1978 1369 2006 assidue
1390 1983 1468 2007 mota
1483 1979 1576 2008 ventis

915 2026 1011 2055 maria
1027 2027 1224 2056 reveniebant.
1255 2025 1373 2056 Contra
1388 2027 1474 2056 littus
1488 2026 1575 2057 fluvii

915 2084 969 2114 pro
984 2073 1049 2115 ripa
1061 2074 1175 2115 passim
1189 2074 1272 2116 apud
1287 2074 1419 2116 optimos
1434 2081 1576 2107 auctores

914 2122 1102 2154 Latinitatis.
1148 2124 1238 2154 Litus
1254 2126 1334 2155 tueri
1351 2124 1446 2155 habet
1462 2125 1576 2156 Noster

913 2172 996 2204 Met.
1014 2172 1068 2203 xii.
1082 2174 1136 2203 66.

1003 2222 1164 2253 Prohibent
1179 2224 1277 2259 aditu,
1293 2224 1433 2263 littusque
1450 2229 1575 2254 tuentur

959 2271 1056 2301 Troes.
1408 2273 1528 2304 HmNs.

956 2324 1010 2352 55.
1040 2321 1118 2351 Urbe
1135 2323 1233 2351 virum
1255 2322 1348 2362 vidi.]
1376 2323 1419 2353 Τὸ
1442 2325 1504 2354 vidi
1520 2334 1573 2355 ve-

914 2370 1074 2402 hementer
1099 2371 1203 2411 friget.
1242 2382 1299 2402 nec
1329 2372 1442 2413 juvant
1470 2379 1575 2406 tamen

913 2421 1100 2451 membranae
1118 2426 1240 2451 nostrae.
1286 2421 1409 2451 Scribo:

959 2469 1036 2500 Urbe
1045 2471 1143 2499 virum
1156 2469 1258 2505 vidua,
1271 2475 1410 2510 tectoque,
1421 2472 1575 2512 animoque

998 2520 1104 2557 recepi.

917 2567 1044 2597 Viduam
1072 2568 1174 2597 urbem
1199 2567 1358 2607 eleganter
1378 2567 1466 2604 dixit,
1490 2569 1572 2610 quod

913 2616 970 2647 viri
992 2616 1023 2647 in
1047 2627 1084 2647 ea
1104 2627 1212 2648 omnes
1238 2618 1276 2648 ab
1301 2617 1446 2649 uxoribus
1472 2625 1574 2649 essent

911 2665 1100 2697 obtruncati.
1132 2665 1208 2696 nihil
1238 2665 1340 2698 notius
1367 2666 1426 2698 hac
1457 2666 1573 2698 fabula.

912 2714 1031 2745 HssiNs.

955 2762 1121 2805 Ingeniosa
1149 2770 1233 2796 certe
1262 2765 1450 2807 conjectura,
1478 2775 1571 2808 quam
