1849 3198
198 174 283 216 380

584 169 635 210 P.
670 168 884 211 oviml
917 142 1198 210 NASONIS

203 288 336 343 Quid
358 287 556 350 plenam
580 284 778 332 fraudas
802 285 952 332 vitem
977 285 1317 332 crescentibus
1343 285 1477 342 uvis3

270 364 530 426 Pomaque
555 362 743 409 crudeli
767 363 906 409 vellis
933 363 1113 409 acerba
1137 363 1314 408 manu?

205 442 396 505 Sponte
421 440 578 486 fluant
601 445 795 486 matura
818 438 923 485 sua.
963 439 1069 485 sine
1094 454 1317 485 crescere
1343 444 1473 484 nata.
1528 440 1593 484 25

270 516 363 563 Est
386 515 600 580 pretium
626 531 787 578 parvae
813 531 911 560 non
937 515 1043 561 leve
1067 515 1168 561 vita
1192 531 1358 561 morae.

202 594 383 641 Vestra
408 593 529 656 quid
555 592 768 639 effoditis
795 591 1034 654 subjectis
1058 592 1248 639 viscera
1270 591 1410 647 telis3

271 670 337 717 Et
360 670 579 717 nondum
604 670 732 716 natis
758 669 864 715 dira
887 685 1078 716 venena
1101 669 1260 715 datis?

205 747 448 794 Colchida
472 762 750 809 respersam
775 761 1039 808 puerorum
1065 745 1304 807 sanguine
1329 745 1548 807 culpant,

270 824 417 886 Aque
443 824 530 870 sua
556 839 741 870 caesum
766 830 921 869 matre
948 830 1221 885 queruntur
1242 821 1375 885 Ityn.

1530 824 1594 866 30

207 900 431 962 Utraque
451 916 582 946 saeva
600 913 802 963 parens:
832 899 920 946 sed
936 899 1158 945 tristibus
1174 905 1384 961 utraque
1403 898 1597 944 caussis

269 977 298 1023 J
305 977 474 1024 actura
499 977 618 1023 socii
645 977 900 1039 sanguinis
926 977 1031 1022 ulta
1053 975 1226 1022 virum.

210 1054 391 1109 Dicite,
420 1053 532 1116 quis
558 1052 762 1108 Tereus,
791 1053 902 1115 quis
927 1068 1012 1098 vos
1038 1051 1193 1098 irritet
1218 1050 1366 1098 I'ason

272 1130 447 1192 Figere
472 1129 683 1176 sollicita
708 1144 917 1191 corpora
940 1134 1104 1174 vestra
1127 1128 1305 1173 manu?

206 1205 317 1253 Hoc
342 1222 507 1268 neque
532 1206 581 1251 in
606 1204 854 1252 Armeniis
880 1204 1031 1266 tigres
1056 1203 1219 1251 fecere
1245 1204 1466 1251 latebris:
1529 1206 1596 1250 35

272 1287 489 1334 Perdere
515 1302 606 1332 nec
632 1284 778 1331 foetus
804 1298 926 1330 ausa
949 1283 1106 1329 leaena
1129 1298 1260 1329 suos.

204 1365 272 1411 At
295 1371 477 1411 tenerae
503 1362 706 1417 faciunt,
735 1361 824 1408 sed
850 1376 947 1406 non
972 1360 1189 1422 impune,
1217 1359 1412 1422 puellae.

274 1441 435 1503 Saepe,
464 1456 578 1486 suos
605 1446 743 1485 utero
769 1454 880 1501 quae
908 1443 1068 1492 necat,
1096 1437 1205 1499 ipsa
1228 1436 1371 1499 perit.

206 1517 326 1580 lpsa
349 1516 492 1580 perit,
519 1515 771 1577 ferturque
796 1521 901 1560 toro
927 1513 1144 1560 resoluta
1167 1513 1397 1576 capillos:

274 1592 340 1639 Et
357 1594 587 1646 clamant,
609 1591 807 1645 Merito,
827 1589 911 1651 qui
928 1590 1073 1636 modo
1090 1605 1304 1652 cumque
1319 1589 1501 1635 vident.
1530 1590 1599 1633 40

207 1669 312 1716 Ista
337 1670 424 1716 sed
451 1670 690 1715 aethereas
715 1673 983 1714 vanescant
1007 1667 1141 1713 dicta
1165 1682 1254 1729 per
1279 1679 1446 1712 auras:

273 1746 339 1792 Et
364 1747 461 1793 sint
487 1745 736 1792 ominibus
761 1744 984 1807 pondera
1007 1744 1142 1790 nulla
1165 1743 1305 1790 meis.

248 1964 299 1994 23.
326 1964 407 1998 Quid
427 1964 687 2004 plemma-fraudas
703 1965 789 1993 vitem
805 1974 868 1993 cre-

203 2014 350 2042 scentibus
369 2014 450 2043 uvis?
476 2012 624 2052 Pomaque
647 2013 763 2042 crudeli
787 2012 870 2041 vellis

203 2062 309 2091 acerba
323 2073 416 2091 manu
426 2062 454 2101 ?]
481 2061 574 2091 Hanc
591 2060 776 2091 sententiam
791 2070 868 2101 pau-

206 2109 251 2139 cis
266 2110 393 2140 mutatis
407 2121 423 2141 e
438 2109 563 2140 Tibullo
586 2109 641 2140 lib.
665 2109 710 2139 iii.
728 2109 821 2149 Eleg.
838 2120 867 2138 v.

206 2158 340 2200 accepit.
372 2159 466 2189 Cxor.

249 2207 301 2236 28.
318 2206 460 2237 Nondum
477 2206 582 2245 natis]
609 2205 759 2235 Francius
770 2205 863 2235 male-

206 2255 272 2290 bat,
299 2262 382 2285 nato:
413 2254 601 2289 offendebat,
625 2254 755 2289 scilicet,
781 2253 865 2294 ryth-

206 2314 275 2334 mus
297 2304 363 2341 ille,
382 2306 459 2334 natis
475 2309 505 2334 et
522 2305 613 2333 (latis.
630 2303 673 2334 sic
690 2303 788 2345 Epist.
803 2303 866 2333 viii.

210 2353 283 2383 136.

250 2402 291 2432 Ει
328 2403 460 2431 nondum
496 2407 567 2430 nato
598 2400 726 2442 saneris
762 2407 867 2431 auctor

290 2452 360 2481 eris.

248 2501 302 2530 29.
330 2500 498 2530 Puerorum
523 2498 697 2539 sanguina]
734 2499 771 2528 In
795 2498 864 2539 qui-

204 2548 337 2579 busdam
366 2546 594 2588 exemplaribus
621 2546 734 2587 legitur
759 2547 864 2582 etiam,

206 2604 355 2627 natorum.
372 2595 426 2626 sed
444 2594 559 2636 optime
575 2605 697 2635 quoque
722 2594 864 2635 legimus,

204 2657 375 2686 puerorum,
387 2644 418 2674 id
432 2651 478 2674 est
490 2643 633 2679 tiliorum,
646 2654 727 2673 more
743 2644 864 2679 Graeco,

206 2700 238 2726 ut
255 2693 338 2736 apud
355 2693 462 2723 Horat.
478 2691 547 2722 Art.
564 2691 654 2722 Ροέῑ.
674 2692 744 2722 185.

981 1963 1044 1993 Nec
1056 1975 1162 2002 pueros
1176 1974 1274 1993 coram
1287 1962 1393 2002 populo
1407 1961 1513 1991 Medea
1530 1968 1598 1992 tru-

1021 2015 1110 2043 cidet.
1400 2010 1550 2040 MAmus.

980 2062 1031 2092 31.
1054 2061 1215 2101 Utraque‚]
1246 2059 1364 2090 Medea
1378 2064 1410 2089 et
1424 2059 1558 2100 Progne.

979 2111 1031 2140 39.
1058 2109 1086 2138 F
1086 2117 1226 2149 erturque
1248 2108 1346 2150 roga]
1390 2107 1463 2138 Toro
1487 2108 1593 2138 Sarra-

937 2158 1044 2189 vianus
1060 2165 1091 2189 et
1104 2169 1184 2189 unus
1199 2169 1236 2188 ex
1252 2158 1339 2188 meis.
1361 2158 1452 2187 bene.
1476 2157 1507 2186 in
1531 2162 1596 2187 toro

936 2201 1017 2231 enim
1033 2201 1144 2232 mortui
1160 2201 1378 2231 efferebantur.
1395 2200 1478 2240 quod
1502 2205 1533 2230 et
1556 2200 1595 2230 ab

935 2250 1078 2292 aliisjam
1095 2250 1356 2281 animadversum.
1387 2249 1506 2279 mes.

978 2300 1030 2329 40.
1049 2299 1089 2328 Et
1103 2299 1235 2338 merita]
1268 2297 1404 2332 Scilicet,
1415 2299 1470 2326 ista
1484 2299 1595 2336 per-iit:

935 2353 981 2377 est
995 2346 1077 2377 enim
1094 2357 1151 2376 vox
1171 2345 1386 2377 clamantium.
1433 2344 1470 2375 In
1491 2353 1593 2376 vetus·

935 2396 1058 2426 tissimis
1072 2402 1175 2426 tamen
1194 2394 1354 2425 codicibus
1377 2394 1422 2424 ita
1445 2394 1597 2436 scriptum

935 2452 981 2475 est
996 2445 1052 2475 hoc
1070 2455 1210 2475 carmen:

979 2494 1018 2524 Et
1035 2495 1155 2529 claritat,
1170 2495 1284 2529 merito,
1300 2495 1350 2533 qui
1373 2495 1454 2523 morlo
1477 2504 1595 2533 civique

1017 2544 1108 2572 videt.

935 2593 996 2626 Qui
1010 2593 1090 2621 moda
1103 2602 1228 2631 civique,
1248 2602 1302 2632 pro
1317 2591 1501 2630 quicunque:
1526 2600 1593 2620 car-

932 2641 1024 2671 minis
1043 2640 1124 2671 enim
1140 2639 1324 2670 necessitate
1349 2644 1473 2670 coactus
1495 2638 1590 2669 inter—

933 2690 1044 2732 posuit,
1062 2693 1155 2720 mado.
1183 2689 1329 2719 Munus.
