1849 3198
193 197 288 251 198,

582 198 634 238 P.
667 195 880 239 OVIDII
913 195 1193 237 NASONIS

199 313 297 368 Qui
323 329 434 361 mea
457 314 607 361 verba
630 312 808 369 ferunt,
835 312 1012 359 vellem
1038 318 1124 359 tua
1147 311 1257 359 vela
1281 310 1532 368 referrent,

265 389 375 437 Hoc
400 398 466 447 te,
495 391 535 438 si
561 407 777 455 saperes,
804 391 953 446 lente,
981 390 1193 436 decebat
1217 406 1358 453 opus.

1485 392 1585 436 210

201 468 315 516 Sive
340 468 487 524 redis,
515 468 773 533 puppique
798 475 895 515 tuae
920 468 1083 515 votiva
1106 474 1340 531 parantur

264 545 502 603 Munera3
543 546 663 609 quid
688 547 875 593 laceras
902 553 1105 609 pectora
1129 553 1298 593 nostra
1321 545 1491 591 mora?

200 623 346 671 Solve
364 630 538 671 ratem.
571 623 742 671 Venus
759 630 865 669 orta
880 623 1018 678 mari,
1037 639 1172 669 mare
1190 629 1395 686 praestat
1414 637 1581 668 aman-

264 700 400 748 Aura
423 701 561 748 dabit
585 716 813 757 cursum3
853 706 907 746 tu
933 700 1080 746 inodo
1106 700 1241 746 solve
1266 706 1438 746 ratem.

199 777 316 842 Ipse
341 779 637 841 gubernabit
661 777 882 825 residens
908 778 956 824 in
982 794 1151 841 puppe
1179 777 1406 840 Cupido:

1505 698 1580 759 [ti.

1485 779 1590 829 215,

265 856 382 920 Ipse
407 857 546 904 dabit
568 856 739 903 tenera
762 856 886 912 vela,
913 856 1163 918 legetque,
1192 871 1356 901 manu.

200 933 315 981 Sive
333 935 475 997 juvat
498 934 644 996 longe
670 933 855 995 fugisse
881 932 1151 994 Pelasgida
1179 932 1413 995 Sappl103

263 1011 401 1074 (Non
425 1019 591 1058 tamen
616 1010 852 1065 invenies,
880 1025 967 1056 cui·
992 1026 1084 1071 ego
1110 1009 1260 1071 digna
1284 1008 1442 1071 fuga.)

198 1087 307 1136 Hoc
328 1089 502 1135 saltem
528 1088 719 1134 miserae
745 1086 959 1132 crudelis
986 1086 1197 1149 epistola
1221 1086 1382 1133 dicat:

262 1166 333 1213 Ut
356 1167 474 1213 mihi
502 1165 763 1213 Leucadiae
789 1164 890 1211 fata
914 1170 1146 1227 petantur
1171 1180 1329 1226 aquae.

235 1281 312 1311 211.
339 1281 529 1321 Par-antima]
556 1281 593 1311 In
618 1280 775 1311 nonnullis
800 1291 854 1319 pa-

193 1340 305 1360 ramus·
329 1330 544 1361 NArGEmus.
591 1329 670 1366 Quis
693 1339 754 1359 non
770 1328 855 1358 videt

194 1379 288 1409 etiam
303 1379 494 1410 reclamante
513 1378 656 1409 codicum
672 1377 732 1408 fide
748 1377 854 1418 legen-

192 1427 267 1458 dum
280 1440 434 1468 paramus,
453 1439 513 1459 non
526 1434 677 1468 parantur
695 1438 732 1458 ex
747 1438 853 1458 aman-

193 1476 232 1508 tis
268 1477 407 1508 affectu?
438 1477 611 1519 significare
643 1477 726 1508 enim
757 1477 855 1507 voluit

193 1533 374 1568 nuncupata
389 1538 407 1558 a
422 1538 453 1557 se
474 1527 542 1568 ipsa
556 1532 628 1557 vota
643 1538 697 1569 pro
719 1526 855 1556 Phaonis

190 1576 306 1607 reditu.
352 1577 537 1608 EGNATms.
596 1577 697 1607 Locus
733 1576 855 1607 videtur

192 1625 379 1664 mendosus;
402 1626 461 1657 nisi
476 1632 546 1668 post
561 1626 618 1657 hoc
633 1626 787 1657 distichon
804 1636 852 1656 se-

193 1680 307 1716 quatur
323 1675 415 1711 illud,
437 1677 594 1716 sivejnvat
613 1677 708 1717 Iunge.
733 1682 764 1706 et
779 1681 853 1706 tunc

192 1725 348 1755 constabit
376 1735 494 1755 sensus.
533 1725 708 1755 IIEINsms.
754 1725 794 1755 Et
822 1724 853 1755 in

192 1773 337 1805 Lincoln.
374 1779 505 1816 quatuor
526 1773 620 1804 medii
643 1785 747 1805 versus
772 1774 853 1805 ‹lesi-

192 1822 393 1854 derabantur.
432 1822 488 1853 nisi
518 1833 590 1863 ergo
618 1821 650 1852 in
678 1823 854 1864 parenthesi

192 1878 357 1914 ponantur,
373 1878 404 1903 et
418 1871 482 1907 hic,
501 1874 559 1902 sive
578 1873 668 1908 redis,
683 1874 776 1912 puppi
792 1884 855 1903 ecce

194 1928 252 1952 tute
280 1924 377 1952 votiva
397 1932 540 1961 paramus
568 1921 699 1962 legatur,
730 1932 854 1953 Sensum

194 1971 245 2001 vix
262 1971 364 2002 video.
410 1972 529 2002 Duum.

237 2022 305 2052 Sive
332 2022 420 2057 redis,
450 2021 529 2061 ὅρα]
571 2021 733 2052 AEstuasse
772 2020 855 2051 circa

192 2071 251 2101 loci
263 2071 355 2113 hujus
366 2081 491 2101 sensum
503 2075 534 2100 et
546 2070 711 2101 Heinsium
728 2076 759 2100 et
774 2071 853 2100 But-

193 2131 340 2150 mannum
369 2119 522 2156 videmus,
550 2119 603 2160 qui
630 2125 735 2150 tamen
762 2119 854 2149 facile

192 2168 236 2199 sic
249 2169 398 2210 explicari
414 2169 527 2210 potuit.
566 2168 639 2199 Sive
654 2168 753 2198 redire
770 2169 853 2209 cogi—

193 2224 250 2254 tas,
267 2218 371 2259 etjam
383 2217 448 2258 jam
459 2219 574 2257 parasti
587 2228 726 2252 munera,
742 2218 854 2258 quibus

193 2279 248 2310 pro
274 2268 360 2298 salvo
389 2273 450 2297 tuae
478 2267 565 2297 navis
594 2266 694 2297 reditu
720 2267 790 2297 Diis
816 2278 853 2297 ex

195 2322 266 2346 voto
291 2315 398 2351 facias,
434 2326 487 2345 cur
518 2326 578 2345 non
611 2321 747 2345 maturas
776 2315 853 2346 illud

193 2367 354 2407 coeptum?
378 2366 462 2395 Solve
477 2371 581 2394 ratem.
629 2365 700 2394 Non
716 2376 792 2405 opus
808 2371 855 2395 est

193 2415 293 2446 multa
308 2413 362 2444 (liu
388 2413 540 2444 advocare
564 2413 709 2444 numina:
736 2414 853 2450 Venus,

194 2470 301 2506 utpote
326 2465 403 2493 muri
436 2469 512 2498 osta,
546 2463 612 2493 sola
648 2462 679 2492 id
715 2470 854 2502 7»·‹1¹st‹1re

194 2513 310 2544 amanti
326 2517 448 2554 potest3
476 2513 584 2542 Venus
606 2517 635 2542 et
653 2513 774 2554 Cupido
798 2524 852 2543 na-

195 2561 342 2604 vigationi
353 2568 413 2592 tuae
429 2562 588 2592 favebunt.
613 2562 689 2597 Siue,
700 2565 758 2593 cuc.
774 2563 852 2593 Ver-

193 2623 263 2643 sum
279 2616 383 2642 autem
399 2610 481 2642 hunc
494 2623 499 2640 :

389 2660 485 2689 Venus
500 2667 564 2690 orm
582 2662 667 2696 mari,
686 2672 765 2691 mare
779 2672 853 2700 pmc-

279 2706 337 2740 §tar
353 2712 458 2745 eunti,·

194 2760 277 2792 haud
292 2760 422 2792 dubium
434 2766 477 2790 cst
494 2759 566 2801 quin
580 2766 650 2791 ante
662 2760 767 2790 oculo<
779 2760 853 2790 Mu—

1484 1166 1582 1209 220

922 1289 1002 1310 smus
1015 1279 1171 1315 habuerit,
1188 1289 1268 1310 vers.
1286 1279 1365 1310 249:

965 1329 1164 1371 ’Λγνώσσεις
1179 1329 1229 1360 ὅτι
1244 1328 1375 1370 Κύπρις
1389 1328 1585 1369 ἀπόσπορός

1009 1378 1076 1410 ἐστι
1092 1378 1274 1417 Θαλάσσης,

968 1429 1032 1459 Καὶ
1049 1428 1173 1470 κρατέει
1188 1428 1336 1460 πόντοιο.

965 1479 1041 1509 212.
1069 1479 1150 1513 Quid
1177 1478 1316 1518 laceras]
1356 1478 1437 1512 Quid
1466 1479 1585 1508 crucias

919 1534 1038 1566 pectora
1057 1535 1155 1558 nostra
1172 1530 1243 1558 tuis.
1290 1527 1432 1558 Francos.

966 1577 1041 1607 213.
1081 1578 1209 1608 Prastat
1244 1577 1390 1617 anzanth]
1427 1576 1583 1607 Slichten-

923 1625 1054 1657 horstius
1070 1627 1206 1667 legebat,
1218 1633 1329 1657 sternet
1345 1628 1440 1662 eunti,
1454 1632 1485 1656 et
1498 1631 1582 1657 certe

922 1686 1024 1706 amans
1039 1675 1148 1706 Phaon
1163 1687 1224 1706 non
1240 1675 1301 1706 dici
1318 1680 1430 1717 potest,
1446 1680 1478 1705 et
1498 1677 1583 1705 eunti

922 1730 968 1755 est
1000 1725 1032 1755 in
1070 1725 1176 1755 multis
1213 1725 1402 1755 editionibus
1431 1724 1581 1766 antiquis.

922 1774 1094 1805 mesws.
1149 1776 1215 1815 Ego
1249 1774 1327 1805 nihil
1355 1780 1453 1805 muto.
1491 1785 1582 1805 omen

923 1823 1006 1853 enim
1022 1829 1052 1854 et
1068 1829 1173 1854 votum
1188 1823 1276 1859 latet,
1293 1829 1328 1854 ut
1350 1823 1389 1854 ad
1413 1834 1444 1854 se
1468 1823 1584 1854 rediret

922 1882 1041 1908 amans,
1058 1872 1141 1913 quod
1156 1872 1181 1903 si
1197 1872 1301 1909 faciat,
1317 1878 1436 1903 certum
1456 1878 1503 1903 est
1518 1873 1582 1904 Ve—

922 1931 1030 1951 nerem
1059 1932 1142 1952 mare
1171 1921 1397 1963 praestituram3
1436 1922 1519 1963 quia,
1549 1928 1584 1953 ut

921 1970 1064 2011 sequenti
1089 1970 1241 2013 Epistola,
1269 1973 1300 2001 in
1324 1983 1405 2002 mare
1416 1973 1474 2011 jus
1498 1973 1584 2003 habet

922 2022 1092 2051 ortamari.
1141 2021 1290 2051 Proesmre
1315 2021 1410 2052 etiam
1435 2033 1496 2052 non
1518 2033 1582 2053 mo-

925 2069 1070 2106 vendum,
1082 2069 1156 2100 licet
1167 2069 1261 2100 etiam
1277 2076 1387 2100 sternet
1398 2071 1582 2102 Bersmanni

1422 1428 1540 1458 Amn.

922 2129 1028 2159 margo
1053 2119 1179 2150 habeat.
1207 2124 1253 2150 est
1278 2119 1371 2156 enim,
1390 2125 1424 2150 ut
1449 2125 1480 2150 et
1503 2132 1580 2162 prae-

921 2168 1006 2203 bere,
1024 2168 1251 2198 benevolentiae
1268 2170 1409 2199 verbum.
1440 2169 1558 2200 Bnmu.

965 2218 1040 2247 216.
1066 2218 1246 2258 Legetque]
1275 2218 1425 2259 Regelque
1440 2219 1581 2250 nonnulli

921 2266 1039 2308 scripti.
1078 2266 1132 2296 sed
1165 2277 1346 2308 perperam:
1385 2274 1583 2308 opponuntur

923 2315 1005 2345 enim
1029 2318 1100 2346 dure
1126 2317 1189 2345 vela
1220 2321 1251 2346 et
1278 2316 1383 2357 legere.
1431 2316 1515 2347 Dare
1541 2318 1581 2348 ad

923 2375 1046 2395 cursum
1059 2364 1294 2399 instituendum,
1309 2366 1416 2405 leg-ere,
1430 2376 1501 2396 cum
1514 2378 1581 2408 por-

922 2418 988 2443 tum
1005 2413 1142 2454 attigerit
1158 2413 1255 2449 navis,
1272 2419 1303 2444 et
1322 2414 1448 2445 cessarit
1464 2425 1482 2445 a
1495 2416 1580 2446 navi-

921 2464 1056 2503 gatione.
1102 2463 1210 2493 Valer.
1228 2463 1315 2493 Flac.
1332 2463 1366 2493 ii.
1388 2465 1438 2494 13.

1053 2512 1208 2542 Flumineo
1223 2515 1309 2552 cujus
1323 2514 1476 2543 redeuntia
1495 2520 1580 2544 vento

970 2563 1038 2592 I'ela
1054 2564 1172 2603 legunt.

924 2611 973 2641 Ita
998 2612 1092 2652 legere
1107 2610 1221 2652 sionem
1248 2611 1330 2641 idem
1361 2611 1383 2641 i.
1412 2611 1486 2641 314.
1507 2612 1581 2642 dare

923 2661 986 2690 vela
1003 2659 1128 2690 obvium
1144 2665 1200 2690 est.
1245 2660 1363 2690 Eunu.

965 2710 1038 2740 219.
1067 2710 1127 2740 Hoc
1147 2704 1250 2739 saltem
1272 2709 1410 2749 miseran]
1439 2710 1464 2737 0
1479 2710 1580 2739 saltem

923 2770 993 2790 rum
1009 2758 1143 2800 scriptis.
1162 2764 1192 2789 ut
1216 2758 1332 2789 dictum
1348 2758 1386 2790 ad
1410 2757 1581 2800 Epistolum
