1849 3198
582 211 880 253 AMORUM.
932 209 1051 251 LIB.
1086 209 1150 251 ΙΙ.
1181 211 1224 251 9.

1516 212 1601 252 367

212 326 426 374 Venator
451 327 676 390 sequitur
700 326 956 388 fugientia,
984 332 1133 389 capta
1158 326 1419 388 relinquit:

275 404 485 468 Semper
509 411 560 451 et
584 404 794 451 inventis
820 403 1054 450 ulteriora
1078 403 1220 466 petit.
1545 407 1602 450 10

208 480 313 528 Nos
338 488 425 528 tua
449 481 706 535 sentimus,
734 480 947 544 populus
973 479 1063 525 tibi
1089 479 1304 535 deditus,
1333 496 1491 528 arma:

273 557 425 620 Pigra
449 557 709 604 reluctanti
735 562 900 603 cessat
923 555 973 602 in
998 555 1140 603 hoste
1166 572 1360 603 manus.

207 635 341 689 Quid
360 637 501 698 juvat
525 635 575 682 in
600 635 746 682 nudis
773 634 974 680 hamata
998 633 1261 680 retundere
1286 634 1385 680 tela

275 712 523 759 Ossibus?
560 729 674 760 ossa
699 711 817 758 mihi
844 711 978 758 nuda
1002 710 1240 774 relinquit
1265 726 1416 757 amor.

206 788 304 836 Tot
329 789 434 836 sine
460 806 627 836 amore
652 789 756 843 viri,
784 795 859 835 tot
883 794 999 834 sunt
1024 787 1129 834 sine
1156 803 1323 834 amore
1348 789 1543 850 puellae.

275 865 406 913 Hinc
431 868 522 914 tibi
547 884 659 914 cum
686 868 868 929 magna
894 866 1041 913 laude
1066 867 1346 930 triumphus
1374 875 1470 914 eat.
1545 872 1601 917 16

209 943 385 1000 Roma,
414 945 507 991 nisi
533 945 830 991 immensum
855 944 983 991 vires
1009 945 1289 1007 promosset
1313 945 1362 990 in
1388 946 1574 998 orbem,

275 1020 566 1069 Stramineis
593 1029 728 1069 esset
753 1037 883 1068 nunc
910 1037 1113 1084 quoque
1139 1022 1295 1068 densa
1320 1022 1465 1069 casiS.

208 1097 391 1145 Fessus
417 1099 466 1145 in
491 1105 726 1162 acceptos
753 1098 893 1145 miles
919 1098 1182 1145 deducitur
1208 1115 1350 1161 agros
1371 1116 1380 1146 :

275 1175 492 1223 Mittitur
517 1176 565 1223 in
592 1176 746 1223 saltus
769 1191 968 1223 carcere
993 1176 1118 1222 liber
1142 1191 1331 1238 equus:

1538 1181 1604 1222 20

210 1251 480 1315 Longaque
505 1254 803 1300 subductam
830 1254 995 1300 celant
1020 1253 1212 1300 navalia
1237 1253 1408 1316 pinum
1430 1271 1438 1300 :

274 1328 506 1392 Tutaque
531 1330 759 1393 deposito
784 1330 1005 1393 poscitur
1031 1346 1149 1377 ense
1174 1330 1326 1377 rudis.

210 1405 296 1453 Me
322 1422 539 1470 quoque,
568 1407 653 1470 qui
680 1408 825 1454 toties
852 1408 1007 1454 merui
1035 1408 1128 1454 sub
1155 1423 1321 1454 amore
1347 1408 1543 1471 puellae,

279 1483 583 1531 Defunctum
610 1484 805 1547 placide
830 1484 992 1530 vivere
1018 1491 1215 1547 tempus
1242 1491 1362 1531 erat.

208 1622 381 1664 siveferrea
397 1625 516 1664 cuspide
529 1623 631 1666 fecit.-
656 1626 698 1654 ita
720 1631 796 1656 certe
812 1636 874 1655 eam

209 1679 362 1709 decutiens
387 1680 502 1720 gladio.

209 1736 280 1768 cap.
299 1727 337 1758 ci.
383 1728 479 1759 C1or.

258 1777 307 1806 lo.
359 1777 540 1818 Ulteriora]
582 1778 619 1808 In
652 1776 751 1808 tribus
788 1776 874 1807 libris

209 1831 287 1861 erat,
316 1827 463 1863 utiliorem
495 1826 603 1857 sedin
631 1826 777 1857 Palatino
801 1836 874 1861 uno,

211 1876 359 1911 uberiora,
390 1875 473 1917 quod
502 1876 628 1906 minime
665 1875 874 1917 spernendum

211 1930 298 1965 puto.
355 1925 707 1956 BumrANxvs.—Non
744 1923 876 1954 sensisse

213 1972 304 2003 miror
321 1974 419 2005 virum
435 1974 647 2005 doctissimum
663 1973 738 2004 nihil
762 1973 811 2004 bic
835 1972 873 2003 ad

550 1679 632 1710 Vide
656 1685 687 1710 et
712 1680 872 1721 Hyginum

211 2032 336 2053 sensum
352 2024 502 2059 uberim-a,
519 2023 602 2064 quod
626 2029 708 2054 recte
730 2024 877 2062 promissis

212 2075 306 2112 poeta
319 2073 458 2114 opponit,
474 2072 505 2102 in
529 2073 597 2102 loco
619 2072 737 2102 adlato.
789 2072 874 2102 Ulte-

215 2121 295 2150 riora
322 2131 395 2151 vero
419 2121 496 2151 dicit
516 2121 582 2163 jam
612 2123 741 2151 inventis
769 2126 875 2162 petere

213 2179 335 2211 semper
360 2177 538 2206 venatorem,
568 2181 629 2212 quo
658 2170 769 2200 melius
798 2181 874 2201 nun-

214 2229 308 2259 quam
324 2226 498 2250 cessantem
514 2220 544 2250 in
559 2231 591 2251 se
617 2220 761 2250 Amorem
777 2221 876 2250 insec-

213 2274 305 2300 tetur.
354 2270 473 2300 AMAR.

262 2313 311 2343 12.
337 2312 435 2343 Cessat
458 2315 490 2343 in
515 2313 620 2353 hoste,]
649 2314 693 2343 Ab
717 2313 794 2342 haste
808 2318 878 2342 octo

216 2361 353 2392 codices.
377 2363 470 2393 male.
494 2374 604 2393 cessare
629 2364 659 2392 in
683 2373 726 2394 re.
749 2367 795 2392 est
819 2367 879 2391 tar-

216 2410 291 2441 dum
320 2421 387 2442 esse
412 2411 444 2442 in
469 2422 500 2442 re
530 2411 684 2447 facienda,
707 2422 817 2442 cessare
846 2413 875 2439 ιἰι

219 2471 288 2495 rem,
300 2460 421 2491 tardum
435 2460 474 2491 ad
487 2461 661 2491 faciendam
674 2471 747 2491 rem.
763 2459 877 2491 itadis-

216 2508 332 2551 tinguit
345 2510 469 2541 Servius
493 2510 530 2541 ad
548 2510 660 2552 Virgil.
688 2509 729 2540 vi.
750 2509 877 2540 AEneid.

218 2559 270 2589 51.
285 2558 317 2589 in
341 2559 426 2590 hoste
448 2569 520 2600 ergo
543 2564 602 2594 est,
620 2558 651 2589 in
674 2569 710 2589 eo
726 2558 878 2592 vexandov

218 2608 402 2639 exercendo.
449 2609 565 2638 ΒυκΜ.

267 2658 314 2687 13.
334 2658 466 2687 Hamata
480 2659 637 2688 recondere
653 2657 739 2697 tela}
764 2657 876 2686 Reum-

220 2709 288 2737 dere
305 2707 482 2737 Puteaneus
496 2717 566 2737 cum
580 2706 694 2747 Regio,
714 2716 773 2736 uno
789 2704 879 2735 Vati-

222 2766 310 2787 cano.
330 2762 360 2785 et
387 2755 546 2797 Excerptis
567 2755 679 2786 Jurmi.
704 2761 796 2784 recto.
823 2755 878 2783 boc

942 1629 988 1654 est
1003 1623 1113 1654 obtusa
1128 1622 1267 1659 reddere,
1283 1623 1441 1654 hebetare.
1484 1623 1604 1655 mes.

990 1674 1037 1703 18.
1076 1674 1254 1703 Stramineis
1284 1680 1354 1703 essee
1383 1685 1465 1703 ‘nunc
1495 1686 1607 1713 qnoque

943 1728 1020 1752 tecta
1035 1722 1138 1762 casim]
1167 1721 1298 1753 Rectius
1319 1722 1434 1763 legitur
1455 1721 1486 1751 in
1503 1733 1607 1753 exem-

942 1771 1092 1812 plaribus,
1124 1772 1226 1805 densa,
1258 1776 1291 1801 ut
1322 1770 1453 1801 adludat
1482 1771 1521 1802 ad
1549 1772 1607 1802 fre-

943 1819 1103 1861 quentiam
1133 1819 1510 1860 magnificentissimarum
1532 1821 1607 1851 aedi-

943 1879 1007 1904 um,
1034 1879 1103 1910 quae
1131 1878 1186 1898 suo
1214 1874 1351 1910 tempore
1376 1870 1608 1910 spectabantur.

944 1918 1094 1948 Maurus.
1140 1918 1177 1947 In
1202 1918 1310 1948 eodem
1328 1918 1493 1948 Maffeian.
1517 1921 1606 1949 densa

943 1969 1029 1998 cusis.
1079 1968 1189 1998 Probo.
1239 1967 1327 1998 Tecta
1343 1970 1415 1997 casis
1437 1967 1505 1998 libri
1522 1974 1607 1999 vete-

944 2029 1000 2048 res.
1047 2017 1222 2047 Hssmsms.
1270 2017 1337 2057 Ego
1367 2017 1466 2047 doctis
1493 2018 1607 2059 dijudi-

944 2066 1079 2097 candum
1094 2065 1246 2107 relinquO,
1263 2076 1301 2096 an
1317 2065 1432 2096 rectius
1445 2066 1546 2097 Roma
1561 2067 1608 2098 di-

944 2121 1033 2145 catur
1048 2121 1137 2150 tecta,
1151 2125 1243 2156 quam
1261 2117 1351 2145 densa
1367 2115 1457 2146 casis.
1474 2127 1537 2147 una
1552 2117 1607 2147 do-

944 2175 1013 2195 mus
1029 2164 1142 2206 tegitur
1157 2170 1239 2195 tecto
1255 2164 1384 2200 suo,sed
1401 2175 1440 2195 an
1455 2171 1521 2196 tota
1536 2167 1609 2197 urbs

943 2213 1003 2244 dici
1027 2218 1129 2255 posset
1153 2219 1231 2243 tecta
1251 2215 1381 2243 domibus
1396 2219 1449 2244 aut
1465 2217 1537 2244 casis
1552 2215 1608 2245 (lu-

943 2263 1028 2301 bit0;
1066 2263 1198 2304 ideoque
1229 2273 1283 2293 nos
1311 2265 1399 2293 densa
1435 2264 1607 2299 retulimus.

944 2312 1028 2354 quod
1044 2312 1179 2353 ejecerat
1196 2311 1356 2343 Heinsius.
1401 2313 1520 2344 Burni.

988 2363 1040 2393 23.
1066 2363 1116 2392 Me
1132 2362 1271 2402 quaqua]
1301 2363 1415 2392 Mer-eri
1437 2365 1490 2393 sub
1512 2375 1609 2394 amore

944 2413 1050 2451 puellae
1070 2411 1146 2441 mihi
1174 2422 1233 2441 non
1260 2411 1376 2452 placet.
1424 2411 1483 2441 Sub
1509 2415 1608 2453 aliquo

946 2463 1052 2491 mereri
1080 2460 1195 2501 passim
1222 2459 1305 2501 apud
1331 2459 1453 2490 Livium
1479 2467 1509 2491 et
1531 2461 1609 2491 alios

946 2509 1088 2541 occurrit.
1112 2520 1208 2551 quare
1223 2509 1357 2550 legerem
1374 2521 1379 2538 :

995 2560 1042 2590 Me
1057 2570 1180 2599 quoque,
1198 2560 1248 2599 qui
1266 2559 1347 2588 toties
1360 2560 1455 2587 merui
1469 2559 1521 2588 sub
1538 2559 1606 2588 :lm-

1075 2619 1135 2642 are,
1150 2608 1252 2647 puellti

1037 2656 1223 2697 Defunctum
1245 2656 1361 2695 placide
1384 2657 1481 2685 vivere
1497 2660 1607 2692 tempus*

1073 2711 1151 2734 erat.

948 2755 1010 2783 Sub
1039 2754 1165 2785 Amore.
1192 2753 1254 2782 sivo
1272 2751 1438 2793 Cupidine,
1456 2758 1608 2782 meruerat
