1849 3198
233 202 291 245 24
626 205 677 246 Ρ.
710 206 922 248 OVIDII
955 206 1234 249 NASONIS

238 317 431 367 Duritie
455 318 635 368 ferrum
659 328 715 368 ut
738 338 958 386 supereS‚
985 323 1365 386 adamantaque,
1387 328 1566 386 teque3

304 395 419 443 Non
442 396 532 444 tibi
557 398 643 454 sic,
671 399 823 454 dices,
851 399 1035 463 Phylli,
1063 400 1347 463 sequendus
1373 415 1524 447 eram.

238 471 384 537 Saepe
407 490 705 522 venenorum
730 476 835 524 sitis
861 485 938 525 est
960 479 1108 526 mihi:
1138 495 1271 542 saepe
1296 484 1502 526 cruenta

302 549 344 596 T
347 552 581 615 rajectam
605 550 768 616 gladio
793 561 948 602 morte
972 556 1132 619 perire
1150 556 1306 618 juvat.

1528 557 1620 602 140

237 625 382 675 Colla
405 645 620 693 quoque,
638 630 800 678 infidis
825 632 944 695 quia
967 650 1020 681 se
1045 633 1293 681 nectenda
1314 633 1510 680 lacertis

303 703 644 763 Praebuerunt,
661 708 852 771 laqueis
877 709 1180 774 implicuisse
1204 710 1341 757 libet.

239 781 350 830 Stat
373 799 495 831 nece
519 792 711 832 matura
733 793 957 833 tenerum
983 803 1192 851 pensare
1217 787 1485 851 pudorem:

302 858 362 906 In
386 861 521 908 necis
547 863 759 909 electum
784 879 934 926 parva
957 864 1121 911 futura
1145 880 1281 911 mora
1304 871 1395 911 est.

240 934 514 986 Inscribere
532 955 642 987 meo
667 956 845 988 caussa
867 941 1106 989 invidiosa
1131 942 1385 1005 sepulcro:

1528 943 1619 988 145

303 1013 406 1062 Aut
429 1015 538 1072 hoc,
556 1024 641 1064 aut
665 1018 809 1064 simili
835 1019 1051 1067 carmine
1077 1026 1221 1066 notus
1247 1018 1358 1066 eris.

237 1088 472 1153 Phyllida
496 1092 824 1158 Demophoon
847 1096 946 1145 leto
964 1096 1117 1151 dedit,
1134 1097 1317 1159 hospes
1337 1101 1615 1143 amantem:

303 1167 394 1217 Ille
419 1171 527 1218 neci
552 1186 778 1220 caussam
803 1174 1030 1237 praebuit,
1047 1173 1130 1220 illa
1152 1189 1368 1220 manum.

281 1300 354 1332 143.
371 1301 526 1344 Matura]
544 1304 613 1335 Hoc
628 1304 696 1336 loco
711 1311 757 1337 est
772 1306 893 1345 festina,

235 1354 270 1379 ut
290 1350 401 1382 Senec.
423 1352 531 1395 OEdip.
547 1354 601 1385 73.
628 1355 755 1386 Matura
778 1367 894 1395 poscens

225 1397 517 1440 fata,Tr0ad.600.
543 1403 595 1434 Me
600 1403 675 1446 fata
685 1411 802 1435 maturo
812 1407 894 1436 exitu

225 1447 377 1490 facilique
390 1452 515 1483 solvant.
552 1453 656 1484 Hm«.

281 1499 352 1531 145.
384 1500 574 1543 Sepulchra]
614 1503 695 1534 Cum
727 1503 815 1535 Paris
850 1505 890 1535 ad

234 1548 388 1579 Helenam
406 1550 585 1592 rapiendam
604 1552 845 1594 proficisceretur
858 1553 891 1585 in

235 1597 401 1634 Graeciam,
438 1599 591 1641 Phyllidis
626 1601 823 1643 sepulchrum
858 1603 891 1634 in

233 1647 368 1679 Threicii
387 1649 505 1690 Pangei
528 1651 733 1692 promontorio
751 1653 890 1683 extabat.

234 1698 353 1729 Auctor
378 1698 531 1730 Coluthus
552 1699 592 1730 de
616 1699 723 1742 Raptu
746 1700 889 1732 Helenae.

234 1747 330 1778 Clor.

282 1797 353 1827 148.
376 1795 435 1828 Ille
455 1799 533 1828 necis
553 1798 702 1838 causam.]
730 1798 804 1829 Neci
819 1810 891 1829 cau·

233 1856 294 1876 sam
316 1846 428 1876 rectius
449 1845 608 1882 scribetur,
624 1846 773 1888 quicquid
796 1858 892 1878 mem-

232 1894 338 1925 branae
354 1900 462 1925 nostrae
478 1895 675 1926 dissentiunt.
699 1896 749 1927 Sic
764 1898 791 1928 l.
806 1897 830 1927 F
832 1903 890 1928 ast.

232 1944 309 1975 674.

277 1993 350 2024 Haec
358 1995 464 2033 praebet
474 1994 768 2036 caussamsrugibus,
779 1996 833 2025 illa
849 1996 889 2025 Io-

319 2054 398 2074 cum.

233 2091 403 2133 Vulgatam
419 2098 523 2123 tamen
538 2097 663 2123 tuentur
677 2093 746 2124 loca
759 2092 805 2124 iii.
818 2091 889 2124 Art.

235 2140 310 2173 Am.
323 2141 376 2171 40.

408 2188 516 2220 Tamen
531 2191 626 2229 hospes
641 2197 667 2220 et
683 2202 777 2221 ensem

280 2238 424 2274 Praebuit,
448 2244 476 2268 et
496 2249 627 2268 caussam
650 2241 760 2275 mortis,
784 2240 889 2275 Elissa,

320 2292 388 2317 tuce.

233 2336 275 2367 Et
288 2335 347 2378 Ep.
361 2335 403 2366 vi.
419 2336 491 2367 195.

277 2385 411 2415 Praebuit
427 2385 534 2415 AE'neas
553 2390 581 2414 et
600 2396 731 2415 caussam
746 2387 847 2414 mortis
861 2391 888 2416 et

317 2444 425 2463 ensem.

235 2482 276 2513 Et
292 2483 322 2512 l.
338 2480 493 2512 Art.Am.
508 2481 582 2512 714.

280 2531 329 2561 Da
344 2541 474 2561 caussam
485 2532 544 2561 voti
556 2532 794 2571 principiumque
810 2532 868 2562 tui.

788 2579 891 2611 Ham.

236 2627 302 2669 Ego
330 2627 450 2669 praetuli
479 2629 543 2658 neci
556 2638 566 2665 ;
603 2626 677 2669 quia
713 2629 792 2658 necis
819 2638 890 2659 cum

235 2687 327 2707 manu
355 2675 488 2708 construi
507 2675 557 2708 vix
586 2682 696 2719 potest,
719 2676 791 2707 licet
819 2687 890 2708 cum

959 1317 1062 1338 caussa
1076 1312 1189 1349 posset,
1204 1306 1258 1337 sed
1273 1305 1385 1348 saepius
1399 1306 1493 1337 etiam
1508 1305 1622 1336 Noster

959 1358 1061 1387 mortis
1074 1367 1205 1387 caussam
1219 1354 1310 1389 dixit.
1334 1354 1435 1397 Epist.
1448 1353 1534 1385 xviii.
1546 1355 1621 1386 200.

964 1406 993 1436 1.
1013 1405 1105 1436 Pont.
1124 1404 1158 1436 ii.
1182 1405 1233 1436 17.
1257 1410 1289 1435 et
1312 1404 1399 1435 alibi.
1437 1403 1490 1435 ubi
1514 1409 1619 1434 tamen

955 1454 1049 1485 MSS.
1067 1453 1162 1485 etiam
1178 1453 1310 1485 variant.

1000 1502 1068 1543 Ipsa
1091 1503 1214 1543 mamm]
1260 1501 1388 1533 Plurimi
1417 1500 1522 1543 scripti
1549 1501 1618 1531 illa.

957 1557 988 1582 et
1010 1552 1088 1582 solet
1108 1552 1220 1582 Noster
1241 1551 1279 1581 de
1300 1551 1421 1581 duobus
1444 1560 1538 1591 agens
1560 1549 1618 1580 hoc

956 1613 1123 1644 pronomen
1139 1602 1308 1644 geminare.
1345 1600 1446 1643 Epist.
1462 1600 1617 1642 sequenti.

958 1652 1013 1681 28.

981 1700 996 1730 1
1001 1702 1038 1730 tle
1048 1702 1148 1742 gradu
1156 1701 1275 1740 propior
1283 1700 1450 1741 sanguinis,
1458 1699 1509 1728 ille
1517 1709 1617 1728 comes.

958 1749 981 1780 i.
998 1749 1073 1780 Am.
1090 1751 1123 1780 8.

982 1798 1154 1840 Etfizcz'ant
1168 1799 1244 1828 udas
1258 1798 1312 1827 illa
1327 1797 1371 1827 vel
1384 1797 1438 1827 illa
1451 1807 1555 1838 gena-s.

958 1847 982 1877 i.
998 1847 1105 1878 Amor.
1123 1847 1167 1877 ix.
1180 1848 1213 1877 9.

982 1895 1131 1937 Illefores
1142 1895 1275 1925 Dominae
1286 1900 1392 1930 servat,
1403 1900 1433 1924 at
1452 1894 1501 1923 ille
1512 1893 1619 1924 Ducis.

957 1944 979 1974 i.
996 1944 1090 1975 Trist.
1103 1942 1147 1974 ix.
1158 1945 1212 1975 50.
1225 1954 1263 1974 ex
1275 1943 1369 1972 MSS.

979 1992 1041 2023 Illa
1055 2004 1119 2023 suos
1134 1994 1247 2029 habeat,
1262 2002 1315 2022 nec
1326 1992 1424 2021 minus
1438 1991 1493 2021 illa
1507 2001 1582 2021 suos.

958 2053 989 2073 v.
1006 2043 1031 2072 F
1033 2047 1092 2072 ast.
1111 2042 1184 2072 188.

982 2091 1124 2121 Convenit
1140 2092 1172 2120 in
1189 2090 1289 2119 laudes.
1304 2089 1356 2118 ille
1371 2089 1415 2118 vel
1431 2088 1482 2118 ille
1497 2093 1576 2117 tuas.

957 2139 1008 2170 Ita
1031 2139 1104 2170 olim
1125 2138 1200 2169 editi
1225 2142 1256 2168 et
1277 2136 1382 2179 scripti
1401 2135 1538 2178 plurimi.
1570 2134 1615 2166 sic

958 2187 1040 2230 apud
1063 2186 1216 2224 Quinctil.
1242 2185 1298 2216 lib.
1320 2184 1354 2215 ii.
1374 2185 1428 2215 48.
1458 2195 1496 2214 ex
1521 2184 1616 2214 MSS.

957 2235 1100 2266 Isocrates
1123 2237 1159 2265 de
1184 2235 1298 2274 Ephoro
1327 2240 1414 2273 atque
1441 2233 1617 2273 Theopompo

955 2286 997 2315 sic
1015 2285 1188 2324 judicabat,
1204 2289 1238 2313 ut
1266 2284 1356 2313 alteri
1384 2283 1499 2324 frenis,
1528 2283 1618 2312 alteri

957 2335 1122 2364 calcaribus
1143 2345 1212 2373 opus
1232 2344 1288 2363 esse
1306 2334 1427 2365 dicerer.
1443 2339 1497 2362 aut
1516 2333 1550 2361 in
1564 2333 1617 2362 illo

956 2386 1138 2420 tarditatem,
1160 2390 1215 2413 ant
1238 2385 1269 2413 in
1294 2384 1346 2413 illo
1376 2394 1449 2422 pene
1470 2385 1618 2423 pracipiti

955 2435 1177 2463 concitationem
1198 2434 1399 2472 adjuvandam
1424 2434 1550 2462 docendo
1567 2444 1614 2463 ex-

954 2483 1120 2512 istimavit?
1135 2488 1164 2512 et
1174 2482 1231 2512 lib.
1242 2480 1285 2511 xi.
1301 2483 1333 2512 3.
1350 2481 1388 2512 de
1406 2481 1615 2512 Demosthene

958 2537 990 2562 et
1005 2532 1165 2567 AEschlne,
1181 2542 1272 2572 neque
1296 2532 1348 2561 ille
1366 2542 1419 2570 per
1440 2542 1613 2572 propugna-

959 2587 1033 2611 tores
1045 2582 1179 2620 juravit,
1203 2591 1256 2610 vnec
1278 2580 1329 2610 ille
1353 2580 1460 2610 Thebas
1483 2580 1615 2621 deflerit.

958 2629 1009 2660 Ita
1022 2629 1116 2660 MSS.
1153 2630 1271 2660 Bunm.
1294 2664 1296 2666 ¹
