1849 3198
626 213 970 256 HEROIDES.
1006 214 1096 254 ΕΡ.
1131 214 1266 255 XVI.

1555 215 1641 255 :217

255 331 370 379 Non
395 347 507 378 mea
531 338 646 377 sunt
660 343 859 376 'summa
882 330 1053 376 leviter
1072 330 1310 377 destricta
1330 330 1511 392 sagitta
1542 334 1638 377 275

321 409 562 457 Pectora:
601 407 863 455 descendit
886 407 1063 453 vulnus
1090 407 1152 454 ad
1177 424 1291 454 ossa
1314 424 1496 455 meum.

253 485 363 533 Hoc
390 485 527 540 mihi,
555 486 692 546 (nam
717 483 911 548 repeto)
937 483 1040 530 fore
1065 490 1120 530 ut
1145 500 1174 530 a
1198 485 1400 532 coeleste
1425 485 1608 548 sagitta

321 563 482 626 Figar,
511 570 615 609 erat
638 578 790 609 verax
814 561 1081 608 vaticinata
1105 577 1255 607 soror.

253 640 411 687 Parce
436 641 608 687 datum
633 639 762 695 fatis,
788 638 999 693 Helene,
1022 645 1341 686 contemnere
1366 655 1446 686 am
1519 659 1531 687 3
1558 660 1580 678 w
1606 659 1613 667 ·

321 718 405 764 Sic
431 718 616 764 habeas
642 716 812 763 faciles
838 717 888 763 in
913 724 1000 763 tua
1022 724 1136 764 vota
1163 716 1315 764 Deos.

1544 724 1641 768 ‘280

253 795 417 842 Multa
437 795 640 858 quidem
660 796 897 842 subeunt:
928 795 1016 842 sed
1037 811 1204 842 coram
1230 801 1284 841 ut
1307 795 1450 859 plura
1467 796 1639 859 loqua-

319 871 514 935 Excipe
544 889 623 919 me
650 872 796 927 lecto,
824 879 969 918 nocte
995 872 1187 927 silente,
1214 879 1318 918 tuo.

1493 874 1638 935 [mur‚

250 948 331 995 An
355 950 525 1013 pudet,
554 957 604 997 et
628 950 816 998 metuis
841 949 1088 997 Venerem
1121 956 1362 996 temerare
1395 951 1637 1008 maritam,

319 1027 574 1090 Castaque
599 1026 809 1089 legitimi
835 1026 1004 1073 fallere
1023 1028 1138 1089 jura
1160 1026 1252 1072 tori
1273 1026 1290 1072 ?

250 1103 330 1150 Ah
350 1104 555 1150 nimium
576 1105 808 1168 simplex,
833 1102 1042 1158 Helene,
1060 1120 1122 1150 ne
1142 1103 1328 1150 rustica
1341 1104 1521 1162 dicam,
1543 1111 1638 1155 285

317 1180 462 1229 Hanc
487 1181 664 1229 faciem
690 1182 837 1246 culpa
862 1198 1013 1245 posse
1039 1197 1206 1228 carere
1230 1182 1404 1244 putas!

250 1257 353 1305 Aut
375 1259 551 1306 faciem
576 1266 756 1315 mutes,
779 1266 864 1305 aut
889 1258 959 1305 sis
987 1274 1087 1304 non
1113 1258 1251 1313 dura,
1279 1275 1486 1307 necesse
1511 1268 1602 1308 est.

317 1335 399 1383 Lis
425 1343 501 1384 est
527 1354 642 1384 cum
666 1337 827 1384 forma
850 1352 1031 1398 magna
1055 1335 1324 1399 pudicitiae.

293 1487 367 1518 275.
399 1488 578 1529 Districtm]
621 1489 773 1520 Destricta
802 1490 908 1530 legen-

250 1536 337 1566 dum.
354 1536 425 1568 vide
440 1537 636 1579 Amplissimi
649 1538 766 1580 Cuperi
779 1539 910 1569 ObserV.

250 1585 306 1616 lib.
323 1585 367 1617 iv.
383 1587 448 1617 obs.
465 1590 497 1618 5.
522 1588 604 1618 Stat.
618 1587 640 1618 i.
654 1587 732 1618 Silv.
749 1587 784 1618 ii.
802 1589 853 1618 79.

294 1637 348 1666 Ast
364 1637 450 1666 illum
464 1637 578 1667 summit
595 1638 699 1668 leviter
715 1638 774 1679 <sic
788 1648 912 1678 namque

324 1685 470 1725 jubebas)

293 1733 626 1774 Lampude,parcentes‚
635 1742 663 1766 et
674 1736 780 1766 inermi
787 1737 911 1766 striari-

336 1795 400 1813 mus
414 1795 502 1814 arcu.

251 1831 291 1861 Et
306 1831 371 1862 viii.
385 1832 485 1864 Theb.
501 1834 576 1864 532.

296 1881 403 1915 Qualis
437 1883 594 1923 setigerum
626 1881 755 1912 Lucana
793 1884 913 1922 cuspide

326 1929 464 1971 frontem

294 1978 425 2009 Strictns
438 1991 520 2019 aper.

251 2026 427 2070 Adscripsit
448 2029 558 2059 Douza
572 2028 675 2059 locum
696 2028 808 2059 Senec.
829 2029 911 2059 Con-

251 2082 310 2108 tro.
327 2077 381 2108 vii.
412 2077 453 2108 Ut
477 2080 619 2108 destricta
646 2079 701 2108 leri
725 2079 850 2109 vnlnere
871 2086 913 2110 est

252 2129 339 2163 cutis,
352 2139 407 2158 non
421 2127 653 2169 credusfuctum
668 2139 756 2158 manu
766 2130 910 2170 privigni,

251 2178 354 2207 credas
369 2178 521 2207 amatoris.
568 2177 685 2207 Bmm.

295 2226 371 2256 279.
398 2226 495 2256 Parce
510 2226 730 2267 datumfatis]
751 2226 846 2266 Lego,
863 2237 912 2256 ra-

253 2275 417 2317 tumfazis.
442 2275 485 2306 sic
502 2275 613 2306 Cicero
632 2275 689 2306 lib.
708 2275 759 2306 vii.
776 2276 836 2316 Ep.
854 2276 912 2306 Fa-

253 2325 320 2356 mil.
349 2326 462 2357 Gallo:
498 2326 569 2360 Quae
596 2328 694 2356 emisse
719 2332 745 2355 te
770 2326 912 2361 rescribis,

252 2387 312 2405 non
337 2376 428 2405 solum
454 2376 525 2405 mihi
548 2381 616 2405 rata
642 2381 742 2410 erunt,
759 2377 913 2405 sedetiam

249 2431 354 2466 grata.
393 2425 483 2466 plura
520 2424 558 2455 ad
596 2425 723 2455 Seneeae
761 2424 911 2465 Tragoed.

253 2473 426 2504 Hfflssrcs.
451 2472 591 2503 BIultum
607 2473 725 2508 dubito,
742 2484 780 2503 an
796 2472 912 2514 ubique

253 2521 299 2552 fas
320 2521 360 2551 sit
383 2521 461 2552 illud
480 2528 589 2557 ratum,
617 2521 701 2562 quod
728 2521 856 2552 Heinsio
882 2521 912 2551 in

252 2571 373 2602 deliciis
388 2571 458 2607 fuit,
478 2570 584 2601 invitis
599 2571 692 2601 etiam
713 2570 912 2606 membranis,

253 2619 421 2651 intrudere.
447 2630 518 2650 cum
543 2620 641 2650 altera
662 2619 776 2650 locutio
796 2620 835 2650 sit
857 2630 911 2661 op-

253 2669 328 2700 tima
344 2674 375 2699 et
390 2669 544 2710 frequens.
589 2670 708 2700 Lucan.
723 2669 778 2699 vii.
795 2670 868 2700 544.

297 2717 328 2748 It
351 2720 449 2754 timor,
467 2725 495 2749 et
507 2719 592 2760 fatis
613 2721 702 2750 dutus
717 2726 758 2750 est
775 2731 831 2760 pro
849 2719 910 2750 Ca*-

338 2777 402 2797 sare
416 2778 532 2798 cursus.

979 1487 1093 1529 Virgss.
1111 1488 1154 1518 iv.
1169 1487 1298 1517 AEneid.
1314 1489 1389 1519 225.

1025 1537 1163 1577 Fatisque
1180 1538 1265 1567 datas
1279 1549 1335 1567 non
1352 1539 1473 1577 ¹respicit
1488 1539 1584 1570 urbes.

979 1586 1086 1617 Livius
1102 1598 1177 1616 xxx.
1195 1587 1248 1616 30.
1274 1586 1306 1616 Si
1322 1588 1371 1617 hoc
1390 1589 1432 1617 ita
1443 1587 1516 1629 fato
1537 1588 1639 1619 datum

979 1642 1054 1671 erat,
1083 1642 1116 1665 ut
1140 1637 1201 1676 qui,
1227 1635 1285 1666 Sec.
1322 1636 1432 1667 Valet.
1457 1637 1544 1668 Flac.
1574 1638 1640 1669 viii.

980 1686 1052 1716 397.

1024 1735 1159 1775 Namque
1189 1736 1293 1765 datum
1322 1737 1374 1766 hoc
1397 1736 1481 1777 fatis
1508 1738 1642 1776 trepidus

1064 1785 1242 1824 suppleuitque
1261 1786 1386 1815 canebat

1025 1833 1156 1872 Mopsus.

981 1881 1044 1918 Qui
1061 1888 1091 1912 et
1110 1882 1153 1912 ita
1179 1888 1254 1912 sorte
1279 1884 1383 1913 datum
1410 1882 1502 1913 dixit.
1526 1883 1580 1914 lib.
1596 1883 1639 1914 iv.

981 1930 1053 1960 704.

1176 1979 1243 2009 Heu
1260 1980 1325 2019 quis
1339 1980 1428 2009 datus
1440 1980 1494 2010 iste
1508 1979 1639 2011 Deorum

981 2028 1064 2058 Sorte
1082 2029 1163 2058 labor
1180 2029 1277 2058 nobis?

980 2077 1021 2107 Et
1049 2077 1094 2107 ita
1123 2077 1176 2108 alii
1206 2087 1299 2120 saepe.
1322 2076 1388 2107 vid.
1417 2078 1478 2119 Ep.
1504 2089 1558 2109 xv.
1585 2080 1639 2110 82.

981 2127 1100 2157 Burni.

1024 2178 1098 2207 284.
1115 2176 1350 2217 fullei-ejurat]
1370 2176 1549 2217 Elegantior
1565 2176 1640 2208 mihi

980 2225 1073 2256 lectio
1093 2226 1211 2256 Moreti
1233 2225 1350 2256 codicis
1369 2225 1502 2261 videtur,
1518 2227 1639 2257 solvere.

981 2275 1069 2316 cujus
1095 2275 1229 2316 glossam
1246 2276 1365 2317 fallere
1390 2275 1496 2306 credo.
1522 2275 1642 2307 Fallere

980 2324 1164 2366 enimfidem
1178 2330 1261 2356 recte
1274 2325 1398 2361 dicitur,
1411 2324 1476 2355 vid.
1489 2325 1528 2355 ad
1542 2326 1642 2367 Epist.

980 2373 1035 2404 vii.
1061 2375 1111 2405 18.
1136 2374 1191 2405 sed
1203 2377 1283 2414 jura
1306 2373 1417 2405 melius
1432 2376 1543 2405 solz-ere
1562 2374 1640 2405 ‹lici-

981 2433 1061 2454 mur.
1078 2424 1121 2455 ita
1136 2426 1247 2454 solvere
1265 2426 1354 2465 legem
1368 2424 1477 2455 Valer.
1494 2424 1585 2454 Max.
1600 2424 1641 2455 vi.

981 2484 1012 2502 v.
1029 2483 1078 2503 ex.
1096 2474 1152 2503 ult.
1174 2480 1205 2504 et
1226 2474 1417 2513 disciplinam
1443 2473 1550 2503 Livius
1576 2473 1641 2504 viii.

982 2521 1010 2551 7.
1027 2528 1057 2552 et
1073 2534 1179 2553 morem
1194 2534 1264 2565 cap.
1280 2524 1312 2553 4.
1330 2522 1444 2564 Virgil.
1462 2522 1493 2553 ii.
1513 2523 1640 2553 AEneid.

985 2571 1056 2602 157.

1024 2620 1084 2650 Fas
1099 2622 1169 2652 milii
1187 2622 1349 2661 Grajorum
1365 2628 1484 2651 sacrata
1499 2624 1641 2653 resolvere

1080 2682 1148 2700 ΙΗἩ.

981 2720 1040 2748 Pro
1054 2682 1122 2749 λίην-ι’
1144 2719 1235 2750 multi
1260 2720 1354 2750 etiam
1385 2721 1454 2750 riri.
1480 2719 1544 2751 vid.
1567 2731 1637 2762 sup.

981 2769 1038 2810 Ep.
1055 2781 1085 2800 v.
1102 2780 1181 2800 vers.
1197 2769 1250 2799 78.
1268 2775 1299 2800 et
1313 2769 1378 2800 xix.
1400 2770 1470 2800 100.
1497 2770 1613 2800 Bvim.
