1849 3198
567 181 850 224 AMORUM
883 180 1002 222 LIB.
1038 180 1130 222 III.
1163 182 1231 223 13.

1525 182 1610 223 439

220 298 440 359 Duxque
466 297 630 359 gregis
656 313 809 344 cornu
836 312 924 359 per
949 303 1175 359 tempora
1198 297 1321 342 dura
1341 312 1556 343 recurvo.

286 374 452 420 Invisa
476 381 552 420 est
575 373 788 420 dominae
814 373 918 418 sola
942 372 1134 434 capella
1160 371 1297 417 Deae.

220 450 357 496 Illius
384 451 563 497 indicio
589 450 722 497 silvis
748 450 947 495 inventa
972 449 1063 494 sub
1090 448 1202 494 altis

286 526 481 573 Dicitur
505 526 755 589 inceptam
780 524 1067 572 destituisse
1087 523 1271 585 fugam.

1541 528 1605 570 20

220 602 366 649 Nunc
392 618 593 665 quoque
617 618 705 665 per
729 617 910 664 pueros
929 600 1110 662 jaculis
1136 600 1398 646 incessitur
1425 601 1600 655 index3

286 678 351 725 Et
375 680 587 742 pretium
614 679 801 725 auctori
827 678 1041 742 vulneris
1068 677 1177 740 ipsa
1201 677 1360 723 datur.

219 755 333 809 Qua
358 762 564 802 ventura
591 755 700 802 Dea
723 761 829 810 est,-
837 755 1046 816 juvenes
1072 753 1362 815 timidaeque
1388 753 1563 816 puellae

285 832 601 880 Praeverrunt
624 833 747 879 latas
772 824 909 878 reste
929 832 1131 893 jacente
1155 831 1275 877 vias.

218 908 438 971 Virginei
463 910 623 957 crines
649 925 767 956 auro
793 909 1094 971 gemmaque
1120 915 1438 971 premuntur:
1543 909 1604 952 25

288 985 354 1032 Et
377 986 501 1048 tegit
525 993 722 1034 auratos
747 986 879 1049 palla
904 986 1121 1049 superba
1144 985 1316 1048 pedes.

221 1061 364 1109 More
389 1070 586 1126 patrum
613 1064 767 1126 Grajo
793 1064 966 1110 velatae
992 1062 1213 1109 vestibus
1240 1061 1364 1108 albis

287 1139 489 1186 Tradita
513 1141 772 1204 supposito
798 1140 981 1187 vertice
1008 1155 1148 1186 sacra
1171 1138 1349 1185 ferunt.

221 1215 322 1262 Ore
347 1215 513 1263 favent
536 1218 723 1280 populi,
745 1225 863 1264 tunc
887 1234 1001 1264 cum
1026 1216 1160 1263 venit
1186 1231 1335 1262 aurea
1358 1229 1568 1277 pompa:

288 1291 406 1356 Ipsa
429 1294 712 1341 sacerdotes
739 1294 1164 1356 subsequiturque
1190 1307 1322 1337 suas.
1544 1293 1608 1336 30

221 1368 405 1430 Argiva
429 1377 506 1416 est
530 1387 725 1434 pompae
751 1370 920 1418 facies.
945 1420 954 1428 „
993 1370 1369 1432 Agamemnone
1394 1384 1540 1422 caeso,

290 1444 355 1492 Et
380 1446 542 1493 scelus
562 1454 612 1493 et
636 1447 821 1510 patrias
846 1446 972 1509 fugit
997 1445 1214 1493 Halesus
1240 1461 1379 1508 opeS.

221 1521 437 1585 Jamque
461 1524 724 1586 pererratis
750 1524 988 1587 profugus
1014 1523 1266 1585 terraque,
1295 1521 1539 1583 fretoque,

291 1598 480 1646 Moenia
502 1600 633 1648 felici
657 1601 881 1648 condidit
905 1601 1005 1648 alta
1028 1616 1193 1647 manu.

224 1675 314 1723 llle
340 1693 454 1724 suos
480 1678 650 1724 docuit
673 1678 703 1724 J
709 1679 891 1726 unonia
916 1694 1056 1725 sacra
1082 1677 1319 1723 Faliscos.
1548 1677 1609 1720 35

293 1753 404 1800 Sint
427 1753 564 1810 mihi,
591 1754 690 1801 sint
713 1755 897 1818 populo
924 1770 1121 1817 semper
1145 1753 1306 1799 amica
1330 1767 1435 1797 suo.

222 1844 338 1885 joribus
353 1844 432 1875 sumi
449 1844 578 1875 dixisset
592 1856 599 1883 ;
622 1845 729 1875 hostias
741 1856 825 1881 ver0,
845 1845 884 1876 de

222 1893 393 1923 minoribus
422 1904 492 1935 quae
518 1900 589 1924 ante
619 1904 688 1924 aras
719 1894 884 1931 cadebant,

225 1940 421 1972 animalibus.
467 1941 585 1972 Amn.

273 1991 323 2021 19.
349 1990 438 2022 Illius
454 1992 565 2021 indicio
587 1993 677 2032 sylris
699 1993 818 2022 inventa
832 1995 886 2022 sul)

225 2042 304 2076 altis,
331 2040 458 2070 Dicitur
481 2042 637 2080 incoepeam
652 2042 883 2083 destitztissefii-

222 2089 323 2129 gana]
350 2090 492 2120 Obscura
517 2089 625 2120 fabula
646 2095 704 2126 est,
720 2101 812 2131 quam
837 2090 886 2121 hic

227 2138 328 2179 tangit
355 2139 473 2170 Poeta:
501 2149 602 2179 neque
629 2139 704 2169 alibi
731 2140 815 2181 apud
837 2150 889 2170 eos

228 2193 381 2223 auctores,
394 2187 447 2228 qui
463 2193 582 2222 extant,
598 2187 725 2218 tradita.
762 2188 817 2218 Bis
834 2198 888 2218 au-

228 2241 291 2265 tem
324 2235 439 2276 fugisse
473 2236 556 2266 Juno
589 2235 732 2266 traditur.
777 2235 889 2271 Semel,

228 2284 354 2325 quando
370 2283 455 2325 virgo
481 2284 583 2315 adhuc
607 2284 754 2320 existens,
780 2286 890 2315 Jovem

229 2332 342 2363 amoris
373 2332 508 2374 impulsu
536 2333 623 2363 illam
652 2339 891 2374 persequentem

229 2381 390 2422 fugiebat:
429 2392 491 2422 quo
521 2388 657 2423 tempore
696 2382 819 2423 Jupiter
857 2393 889 2411 se

229 2429 324 2460 etiam
348 2430 379 2460 in
392 2430 541 2460 cuculum
563 2430 749 2461 convertisse
765 2430 888 2465 dicitur,

229 2485 264 2510 ut
280 2478 449 2519 fugientem
465 2489 503 2509 ea
513 2478 616 2520 specie
627 2479 759 2509 falleret.
785 2480 888 2515 Quam

232 2538 321 2558 avem
347 2527 401 2557 illa
424 2533 531 2568 postea
553 2527 647 2568 cepit,
663 2533 694 2557 et
715 2527 794 2557 inter
810 2527 888 2558 ludi-

233 2586 286 2606 cra
301 2586 356 2606 sua
373 2575 497 2605 habuit:
516 2581 548 2606 ut
565 2575 595 2604 in
605 2575 812 2606 Corinthiacis
827 2587 889 2605 me-

235 2625 324 2655 minit
339 2624 522 2655 Pausanias.
568 2625 609 2654 Et
630 2625 751 2661 iterum,
768 2625 891 2666 quando

234 2672 288 2703 Dii
316 2674 520 2704 communiter
548 2684 654 2704 omnes
688 2674 833 2715 sugerunt
861 2675 890 2703 in

234 2722 419 2763 Aigyptum,
436 2728 520 2752 metu
539 2722 712 2763 gigantum.
758 2723 818 2753 Sed
843 2722 891 2753 hic

952 1845 991 1876 de
1007 1845 1105 1887 priore
1121 1844 1196 1884 suga
1213 1842 1388 1883 intelligere
1413 1842 1517 1871 malim
1533 1854 1537 1869 :
1569 1847 1613 1870 tai-

953 1895 1043 1926 metsi
1067 1894 1143 1925 nihil
1161 1893 1236 1924 certi
1259 1892 1456 1934 pronuntiare
1480 1901 1614 1933 possum.

954 1945 1079 1974 Mrem.

996 1994 1048 2023 25.
1074 1989 1473 2030 Geniumquepremunitum]
1502 1988 1614 2017 Putea-

955 2052 1032 2072 neus
1053 2041 1141 2075 alter,
1157 2039 1279 2080 Regius
1301 2049 1390 2073 unuS,
1407 2038 1468 2067 duo
1487 2037 1613 2070 Moreti.

956 2095 987 2120 et
1011 2095 1071 2120 tres
1098 2089 1162 2124 alii,
1179 2094 1336 2129 rogantur.
1360 2087 1411 2117 hic
1435 2092 1613 2126 premuntur

956 2138 1197 2179 praeferendum,
1227 2142 1346 2167 tantam
1380 2135 1462 2166 enim
1492 2135 1557 2165 auri
1586 2140 1616 2164 et

957 2197 1147 2227 gemmarum
1164 2186 1284 2227 copiam
1309 2185 1438 2219 indicat,
1455 2190 1489 2214 ut
1506 2184 1554 2214 vix
1573 2184 1615 2213 se-

958 2235 1053 2265 rendo
1068 2235 1235 2265 sufficiant.
1282 2234 1399 2263 Burni.

1001 2285 1053 2314 28.
1080 2284 1204 2313 Tradita
1222 2282 1334 2322 sacrm]
1362 2282 1487 2311 Tradita
1504 2280 1615 2310 retine-

960 2342 1034 2366 rem,
1065 2331 1118 2362 sed
1145 2341 1331 2371 exponerem
1361 2340 1378 2360 a
1405 2328 1617 2360 sacerdotibus

959 2380 1072 2411 tradita
1086 2380 1213 2410 ferenda
1226 2379 1408 2419 virginibus.
1455 2379 1555 2408 Brun
1566 2401 1572 2406 .

1002 2428 1251 2467 'I'rn‹lilus‹1cra.]
1269 2430 1348 2464 Quae
1366 2429 1533 2457 tradiderat
1550 2426 1615 2455 Ha-

958 2477 1051 2512 lesus,
1063 2477 1175 2507 Graeco
1186 2487 1268 2506 more
1278 2476 1476 2517 perficienda.
1501 2475 1554 2504 Am
1563 2486 1616 2504 Δ111.

1002 2527 1053 2556 34.
1080 2527 1220 2556 Condidit
1250 2526 1341 2565 alim]
1379 2526 1454 2564 ΛΡΜ
1486 2525 1616 2554 Franco-

959 2577 1030 2606 surt.
1047 2576 1213 2605 Ueriiensis
1237 2582 1267 2605 et
1291 2574 1523 2615 quatuordecim
1549 2573 1613 2607 alii,

960 2637 1028 2655 cuni
1057 2624 1154 2666 prima
1181 2624 1330 2654 editione.
1358 2631 1446 2653 uui-ta
1475 2622 1618 2652 Politian.

960 2674 1014 2705 sed
1029 2680 1112 2704 recte
1125 2685 1160 2704 ex
1179 2685 1255 2704 vers.
1272 2675 1303 2703 6.
1339 2674 1457 2704 Marius
1473 2674 1503 2703 in
1517 2677 1618 2702 monte

962 2723 1092 2763 positam
1111 2724 1215 2753 urbem
1232 2722 1348 2753 docuit.

1054 2776 1074 2804 F
1092 2776 1131 2804 14
