1849 3198
618 255 961 299 HEROIDES.
1000 257 1091 297 ΕΡ.
1126 257 1216 298 XI.
1522 259 1604 301 141

231 369 427 420 Interea
450 372 653 437 patrius,
679 372 815 419 vultu
840 377 1092 426 moerente,
1120 372 1317 420 satelles

295 448 459 506 Venit,
487 457 537 497 et
559 449 786 511 indignos
811 447 966 494 edidit
989 463 1072 494 ore
1097 464 1271 496 sonos:

231 525 400 574 AEolus
425 529 555 575 hunc
575 543 744 574 ensem
763 526 912 572 mittit
934 525 1047 572 tibi:
1076 526 1301 586 (tradidit
1325 527 1516 590 ensem)
1542 531 1604 576 95

297 603 363 650 Et
379 605 525 667 jubet
548 621 611 651 ex
634 603 808 650 merito
833 603 974 657 scire,
1002 602 1121 664 quid
1146 602 1239 650 iste
1262 604 1393 652 velit.

231 679 455 738 Scimus3
495 688 545 728 et
568 688 762 728 utemur
785 679 998 727 violento
1022 678 1210 726 fortiter
1234 696 1380 728 ense:

296 756 589 805 Pectoribus
614 757 825 805 condam
849 756 979 802 dona
1002 762 1209 818 paterna
1231 757 1372 804 meis.

230 834 323 882 His
348 852 459 883 mea
482 836 785 890 muneribus,
813 833 1020 896 genitor,
1047 835 1296 881 connubia
1318 835 1506 883 donas?

296 911 404 960 Hac
429 920 516 960 tua
537 914 670 968 dote,
697 918 853 976 pater,
879 910 981 956 filia
1003 909 1140 957 dives
1166 911 1290 958 erit?
1514 917 1605 962 100

228 989 367 1037 Tolle
392 992 563 1054 procul
587 991 797 1053 decepte
821 988 971 1043 faces,
1000 986 1293 1052 Hymenaee,
1321 992 1547 1040 maritas:
1573 1009 1579 1014 ·

296 1067 362 1114 Et
384 1067 500 1131 fuge
524 1068 721 1115 turbato
746 1072 880 1113 tecta
904 1063 1117 1112 nefanda
1140 1067 1284 1129 pede.

231 1144 374 1192 Ferte
397 1145 530 1193 faces
554 1146 606 1192 in
629 1161 724 1201 me,
753 1159 876 1207 quas
901 1142 1053 1199 fertis,
1082 1142 1328 1208 Erinnyes
1353 1153 1486 1204 atrae,

295 1222 366 1269 Ut
389 1239 528 1270 meus
554 1238 617 1270 ex
642 1223 735 1269 isto
760 1222 925 1267 luceat
947 1221 1061 1282 igne
1086 1237 1250 1284 rogus.

230 1299 416 1347 Nubite
440 1300 624 1355 felices,
652 1299 813 1346 Parca
836 1297 1052 1353 meliore,
1080 1315 1299 1347 sorores:
1516 1306 1605 1350 105

294 1376 513 1424 Admissi
538 1392 780 1424 memores
801 1374 888 1421 sed
912 1381 1079 1422 tamen
1104 1384 1209 1424 este
1234 1378 1347 1426 mei.

225 1519 339 1557 licana,
355 1527 386 1552 et
408 1521 532 1563 plurimi
549 1521 614 1552 alii.
639 1527 806 1562 utrumque
829 1520 883 1551 de-

226 1569 311 1600 fendi
326 1576 436 1612 potest.
459 1570 524 1612 ipse
537 1571 650 1601 Noster
660 1570 704 1600 iii.
726 1570 832 1600 Amor.
843 1570 883 1601 vi.

274 1620 381 1662 Ungue
400 1626 504 1651 notata
528 1631 633 1657 comas,
657 1631 759 1662 ungue
780 1627 883 1651 notata

310 1681 413 1712 genas.
721 1671 840 1702 mes.

227 1719 327 1750 Genas
345 1719 396 1750 hic
418 1719 604 1762 praeferrem,
620 1719 694 1761 quia
707 1719 821 1751 rectius
835 1720 882 1750 di-

225 1768 304 1799 citur
319 1770 362 1799 ire
383 1770 535 1810 unguibus
556 1771 588 1799 in
610 1780 711 1811 genas,
727 1779 821 1810 quam
836 1782 881 1800 co—

225 1829 300 1849 mas.
325 1818 388 1849 vid.
404 1829 489 1860 supr.
506 1818 545 1849 ad
561 1819 621 1860 Ep.
636 1830 667 1849 v.
685 1819 739 1849 72.
763 1819 882 1849 Bmm.

268 1868 323 1898 93.
349 1867 469 1898 Interea
489 1870 616 1907 patrius,
631 1869 720 1898 vultu
736 1874 882 1905 moerente,

225 1918 350 1952 satelles,
365 1916 443 1957 &c,]
470 1917 586 1947 Nullus
601 1917 709 1947 dubito
725 1917 801 1958 quin
816 1927 882 1947 om-

227 1965 280 1996 nia
301 1965 369 1996 haec
392 1965 525 1996 Ovidius
547 1965 750 2007 depromserit
771 1977 788 1996 e
809 1966 884 1996 Tra-

226 2014 344 2055 goedia,
373 2025 467 2056 quam
502 2013 677 2055 Euripides,
713 2014 886 2056 Ἐρωτικὸς

227 2065 324 2105 ἅνηρ,
340 2068 375 2094 ut
399 2069 489 2094 vocat
510 2063 671 2094 Plutarch.
696 2063 779 2105 apud
795 2064 883 2095 Stob.

226 2114 348 2143 AEolnm
363 2112 577 2154 inscripserat3
600 2113 687 2154 cujus
710 2112 886 2153 fragmenta

226 2162 266 2193 ad
281 2173 336 2194 nos
350 2172 449 2203 usque
471 2168 688 2203 pervenerunt,
703 2162 787 2204 apud
807 2163 884 2193 Bar-

226 2222 307 2242 ness.
322 2222 355 2253 p.
372 2212 454 2249 444;
477 2218 508 2242 et
528 2210 716 2253 amplissime
732 2211 886 2243 illustrata

227 2271 246 2291 a
268 2261 320 2291 Cl.
343 2260 419 2291 Viro
442 2259 524 2291 Lud.
553 2260 648 2301 Casp.
674 2260 882 2291 Valckenaer.

227 2310 283 2341 Bis
297 2310 438 2341 meminit
453 2310 609 2346 Comicus,
625 2310 665 2340 ad
684 2311 771 2341 Nub.
791 2311 884 2347 1374,

227 2365 260 2390 et
276 2359 359 2390 Ran.
377 2360 450 2390 874.

272 2409 398 2438 Patrius
426 2409 570 2449 satelles]
608 2409 744 2438 Patruus
770 2409 884 2440 Putea-

228 2468 317 2488 neus.
363 2457 512 2499 Sequenti
525 2469 612 2488 versu
626 2459 757 2497 prodidit
772 2469 820 2488 ore
831 2469 884 2499 pro

227 2509 320 2537 edidit
336 2518 415 2538 unus
429 2506 607 2537 Mediceus.
631 2508 747 2549 placet.
782 2508 884 2538 me-

229 2568 308 2587 sws.
354 2556 438 2586 Illud
451 2558 583 2596 prodidit
598 2557 734 2597 elegans,
751 2557 833 2598 quod
855 2564 887 2588 et

229 2605 260 2635 in
298 2604 570 2636 Helmaestadiensi
598 2611 711 2635 exstat.
750 2605 788 2635 de
825 2617 887 2646 quo

230 2655 335 2689 verbo,
357 2654 429 2684 vide
459 2665 528 2695 quae
559 2655 711 2693 congessit
741 2655 887 2686 Heinsius

231 2702 270 2733 ad
291 2703 406 2734 Claud.
431 2703 453 2734 i.
480 2704 577 2745 Rapt.
601 2705 633 2734 3.
657 2704 700 2734 sic
717 2710 747 2734 et
766 2704 787 2734 i.
805 2704 886 2734 Met.

232 2751 304 2782 761.
329 2751 417 2782 multi
432 2752 555 2783 codices
575 2755 665 2792 prode
678 2759 777 2783 nutam
799 2764 886 2793 gene-

231 2802 283 2831 ris.
309 2806 340 2832 et
365 2800 438 2832 alibi
454 2812 576 2843 quoque
602 2801 669 2833 haec
694 2803 788 2834 verba
810 2812 829 2832 a
850 2801 886 2832 li-

950 1520 1059 1552 brariis
1072 1527 1249 1563 permutata
1263 1522 1398 1553 fuerunt.
1444 1523 1562 1554 BunM.

993 1572 1047 1601 99.
1073 1569 1132 1601 His
1144 1582 1206 1602 mea
1221 1574 1402 1609 muneribus,
1419 1572 1497 1613 ἃς]
1527 1574 1605 1604 Con-

950 1622 1041 1650 vzubz'a
1060 1622 1171 1651 donare
1192 1623 1364 1652 muneribus
1382 1621 1490 1652 dubito
1504 1623 1608 1661 valde,

951 1680 990 1700 an
1002 1671 1111 1701 Latine
1124 1669 1255 1707 dicatur,
1269 1677 1322 1702 aut
1337 1671 1376 1702 sit
1387 1682 1441 1713 pro
1452 1672 1609 1704 Ovidiana

950 1719 1117 1761 elegantia.
1141 1720 1218 1750 forte
1233 1720 1402 1761 legendum
1417 1723 1509 1752 dotas.
1525 1723 1609 1764 quod

949 1769 1114 1810 sequentia
1127 1769 1320 1800 confirmant.
1365 1770 1482 1802 Burni.

996 1819 1069 1849 101.
1096 1818 1176 1850 Tolle
1210 1820 1315 1858 procul
1351 1821 1499 1861 decepta]
1539 1820 1608 1851 Hoc

951 1874 1008 1904 est,
1030 1868 1081 1899 abi
1104 1868 1177 1899 hinc
1202 1868 1375 1909 Hymenaee
1403 1868 1553 1911 decepte3
1576 1870 1609 1900 id

951 1923 1008 1953 est,
1019 1917 1073 1959 qui
1085 1923 1233 1958 tanquam
1246 1917 1286 1947 ad
1298 1917 1405 1948 felices
1420 1918 1543 1960 nuptias
1555 1930 1608 1950 ve-

952 1977 1042 1997 neras
1056 1978 1127 1997 cum
1150 1967 1222 2002 tuis,
1237 1966 1295 1997 hoc
1311 1972 1358 1997 est
1374 1967 1564 2009 nuptialibus
1579 1974 1610 2000 et

953 2014 1094 2046 felicibus
1111 2015 1211 2051 taedis,
1227 2021 1258 2046 et
1273 2015 1443 2046 succedant
1457 2016 1609 2058 Erinnyes

952 2075 1023 2095 cum
1047 2065 1121 2095 atris
1145 2070 1176 2095 et
1199 2064 1345 2096 feralibus
1370 2065 1499 2102 facibus,
1528 2077 1606 2108 quo-

952 2113 1035 2144 niam
1051 2113 1100 2144 hic
1117 2113 1199 2144 circa
1214 2119 1343 2144 mortem
1365 2119 1396 2144 et
1416 2115 1508 2146 funus
1521 2114 1608 2146 labo-

951 2173 1064 2198 ramus,
1080 2173 1141 2192 non
1166 2162 1248 2193 circa
1271 2162 1404 2204 nuptias,
1422 2169 1475 2194 aut
1494 2174 1541 2194 res
1564 2164 1608 2194 fe-

951 2211 1038 2242 lices.
1062 2212 1253 2242 chYLLus.
1303 2212 1384 2242 Tolle
1396 2224 1500 2252 precor
1515 2214 1607 2244 Men-

950 2260 1083 2291 telianus
1097 2261 1190 2302 prior.
1235 2261 1354 2291 mes.

998 2310 1070 2340 103.
1096 2309 1208 2349 Atran]
1234 2309 1366 2339 Mallem
1388 2316 1481 2346 atras,
1504 2316 1538 2341 ut
1564 2312 1610 2341 in-

942 2359 1066 2400 faustas
1088 2358 1168 2389 dixit
1193 2359 1252 2400 Ep.
1277 2358 1320 2389 vi.
1344 2359 1397 2389 46.
1422 2365 1453 2389 et
1476 2360 1608 2401 Stygias.

953 2408 1028 2438 val.
1047 2408 1132 2438 Flac.
1151 2407 1185 2437 ii.
1205 2409 1278 2438 173.
1295 2413 1326 2438 et
1341 2408 1421 2438 Stat.
1443 2407 1484 2439 iv.
1507 2409 1608 2440 Theb.

958 2457 1027 2487 133.
1057 2457 1221 2486 Furiarum
1240 2458 1374 2495 lampade
1391 2458 1492 2498 nigra.
1517 2458 1609 2499 etfa—

953 2517 1012 2537 cem
1035 2513 1132 2536 atram
1156 2505 1305 2545 Virgilius
1328 2516 1452 2547 quoque
1476 2506 1555 2537 dixit
1577 2519 1608 2537 x.

954 2555 1069 2585 AEneid
1094 2556 1144 2585 77.
1192 2555 1310 2585 Lucan.
1329 2554 1363 2584 ii.
1381 2556 1455 2585 301.
1503 2555 1611 2586 Furias

953 2610 1057 2635 tamen
1080 2604 1161 2645 ipsas
1183 2604 1341 2645 μελαινὰς
1356 2610 1446 2634 vocat
1464 2604 1609 2645 fflschyl.

956 2654 1119 2695 Agamem.
1144 2654 1216 2684 470.
1232 2664 1293 2694 quo
1317 2653 1427 2683 alludit
1453 2653 1562 2684 Cicero
1579 2654 1610 2683 in

957 2702 1063 2734 Vatin.
1083 2704 1134 2733 13.
1180 2702 1298 2732 Burni.

1000 2752 1072 2783 105.
1112 2750 1255 2790 Nubila]
1305 2749 1492 2791 Simpliciter
1529 2748 1609 2779 acci—

955 2800 1103 2843 piendum
1127 2807 1173 2831 est
1196 2799 1335 2835 verbum,
1359 2800 1472 2828 nubite.
1498 2809 1556 2828 non
1577 2802 1611 2827 ut
