1849 3198
636 228 980 270 HEROIDES.
1013 229 1106 270 EP.
1141 229 1259 271 XII.

1558 233 1640 273 151

250 344 376 393 Haec
397 345 615 393 animum
632 346 706 407 (et
724 351 878 407 quota
895 360 1009 407 pars
1024 345 1132 392 haec
1153 345 1318 407 sunt?)
1339 361 1536 394 movere
1551 364 1640 411 pu-

320 423 599 487 Simplicis3
641 429 691 469 et
714 422 903 469 dextrae
929 422 1137 469 dextera
1154 424 1330 484 juncta
1354 440 1495 471 meae.
1510 425 1641 486 [ellae

250 500 367 547 Vidi
393 501 542 548 etiam
568 500 813 547 lacrimas,
855 516 917 546 an
941 515 1056 563 pars
1082 506 1159 546 est
1182 499 1368 546 fraudis
1394 500 1443 547 in
1468 501 1598 548 illis?

319 578 403 624 Sic
429 578 527 624 cito
553 594 662 624 sum
687 577 849 624 verbis
876 583 1024 640 capta
1046 576 1214 640 puella
1236 577 1351 624 tuis.

250 654 279 701 J
285 655 429 717 ungis
456 662 506 701 et
531 654 760 718 aeripides
786 654 1016 700 inadusto
1042 669 1248 717 corpore
1272 660 1457 710 tauros,

320 731 385 778 Et
410 732 619 778 solidam
639 733 780 794 jusso
807 748 1006 779 vomere
1030 731 1176 778 findis
1202 732 1425 779 humum.

250 807 383 855 Arva
404 809 676 864 venenatis,
704 825 793 872 pro
821 810 1024 865 semine,
1052 809 1286 856 dentibus
1311 810 1518 873 imples:
1582 814 1644 858 90

1622 814 1642 828 μ

319 885 572 942 Nascitur,
600 893 651 933 et
675 886 865 947 gladios
893 894 1137 949 scutaque
1162 886 1304 934 miles
1328 887 1496 934 habet.

252 961 372 1025 Ipsa
396 979 505 1024 ego,
534 979 644 1025 quae
671 963 907 1009 dederam
933 964 1281 1019 medicamina,
1309 964 1496 1027 pallida
1520 965 1642 1021 sedi,

322 1039 452 1086 Cum
475 1040 575 1086 vidi
601 1040 791 1087 subitos
818 1057 954 1088 arma
976 1048 1147 1089 tenere
1170 1042 1318 1088 viros.

254 1117 428 1165 Donec
453 1118 711 1180 terrigenae
738 1118 951 1181 (facinus
977 1118 1280 1180 miserabile)
1305 1118 1479 1166 fratres

320 1193 456 1242 Inter
481 1211 534 1242 se
561 1196 756 1242 strictas
781 1212 1075 1243 conseruere
1100 1212 1293 1243 manus.

1554 1200 1646 1243 100

252 1270 470 1333 Pervigil
496 1287 614 1319 ecce
639 1272 806 1328 draco,
834 1272 1107 1335 squammis
1137 1273 1497 1337 crepitantibus
1534 1274 1644 1320 hor-

323 1348 528 1406 Sibilat3
570 1356 620 1396 et
644 1356 772 1396 torto
798 1356 1000 1413 pectore
1023 1350 1172 1398 verrit
1197 1350 1417 1397 humum.

294 1508 349 1538 89.
376 1507 448 1539 Hoec
462 1510 593 1539 animum
604 1515 632 1540 et
645 1517 734 1550 quota
745 1521 817 1550 pars
828 1511 915 1540 etiam

252 1557 365 1587 movere
378 1558 514 1598 puellum]
534 1558 710 1601 Simplicius
726 1560 914 1601 elegantius-

252 1617 313 1647 que
339 1606 372 1637 in
396 1606 545 1647 Scaligeri
569 1607 677 1639 codiee
702 1608 913 1639 scribebatur:

254 1655 327 1686 Haec
343 1658 473 1686 animum
485 1658 530 1698 (et
544 1664 632 1697 quota
645 1669 717 1697 pars
731 1659 789 1688 hffc
804 1665 873 1688 sunt
886 1658 915 1697 ?)

251 1716 364 1736 movere
389 1707 498 1745 puellae
527 1706 686 1746 Simplicis,
711 1708 770 1738 ἃς.
816 1707 916 1738 Recte

251 1754 401 1797 inprimis.
435 1756 527 1786 DAN.
544 1756 718 1788 mesrcs.
768 1757 806 1787 Et
829 1764 918 1797 quota

248 1815 320 1843 pars
334 1805 394 1835 haec
410 1811 478 1834 sunt
496 1805 688 1837 Puteaneus.
736 1806 833 1840 Quota
848 1818 917 1845 pars

248 1860 370 1893 possunt
385 1865 508 1889 morere,
522 1856 564 1884 rel
577 1857 693 1885 movisse
705 1854 758 1884 alii
775 1855 916 1896 plerique

252 1908 313 1934 tres
324 1909 449 1943 possent.
463 1902 524 1933 duo
537 1910 687 1943 poterant.
733 1904 842 1934 Placet
853 1905 915 1935 Pu-

254 1958 366 1983 teanea
381 1952 486 1983 lectio.
511 1951 554 1982 sic
571 1953 626 1983 lib.
641 1953 676 1983 ii.
694 1954 786 1983 Pont.
804 1953 855 1983 El.
872 1965 902 1984 x.

298 2002 339 2032 Et
353 2008 439 2042 quota
452 2012 523 2041 pars
543 2003 602 2032 hcrc
624 2009 695 2032 sunt
712 2013 823 2038 rerum,
846 2014 917 2042 quas

382 2053 510 2081 vidimus
527 2064 599 2087 ima,

341 2101 381 2131 Te
396 2102 632 2140 mihijucnmlas
646 2101 791 2142 efficiente
809 2102 889 2131 rias?

752 2151 872 2182 mes.

254 2200 415 2243 Gryphius
430 2205 462 2231 et
477 2200 529 2231 alii
544 2200 588 2231 ita
602 2200 815 2241 distinguunt:

299 2251 370 2281 Hoec
385 2252 515 2281 animum
533 2252 578 2291 (et
596 2256 685 2290 quota
697 2261 767 2290 pars
785 2249 915 2289 possent)

383 2311 494 2330 movere
507 2301 625 2339 puellm.

297 2351 352 2380 92.
383 2350 430 2379 Sic
455 2350 540 2390 εἰμι]
574 2349 623 2379 Sic
642 2360 704 2390 ego,
730 2348 861 2389 Regius.
884 2355 915 2379 et

254 2399 297 2429 ita
312 2398 460 2429 Francius
474 2399 664 2440 conjecerat.

297 2449 352 2479 93.
377 2447 489 2489 Jungis
504 2454 531 2477 nt
543 2447 710 2487 teripedem]
728 2448 772 2478 Τὸ
783 2453 808 2476 et
827 2447 915 2477 abest

254 2508 273 2529 a
288 2497 499 2529 Gronoviano.
545 2497 650 2527 Scribe
666 2497 778 2538 Jungis
795 2498 914 2535 u‘e'nipe-

255 2549 316 2577 des.
333 2545 398 2576 dixi
415 2546 516 2587 Epist.
530 2546 573 2576 vi.
587 2557 668 2576 vers.
686 2547 739 2576 32.
772 2546 891 2576 lli-tiss.

301 2595 442 2635 Tauros]
466 2596 554 2626 Duos
569 2601 671 2626 tauros
689 2595 770 2626 feros
785 2602 816 2626 et
830 2595 914 2625 mira:

254 2644 487 2686 magnitudinis,
515 2651 549 2675 ut
577 2646 608 2676 in
635 2644 775 2687 Epistola
799 2645 916 2687 Hypsi-

255 2694 344 2736 pyles
354 2705 390 2725 ex
401 2694 592 2736 Apollodoro
602 2694 720 2725 notavi.
736 2695 916 2725 (homin-us.

256 2743 366 2785 Inepte
382 2743 575 2774 Hubertinus
591 2744 685 2774 verba
708 2743 762 2773 illa
779 2745 917 2774 inadusto

1492 1351 1643 1412 [rens,

983 1520 1112 1550 corpore,
1143 1509 1183 1541 ad
1206 1515 1311 1540 tauros
1344 1508 1450 1544 refert,
1479 1508 1568 1549 quasi
1600 1507 1646 1538 illi

983 1570 1104 1601 semper
1114 1559 1255 1590 efflarent
1267 1559 1421 1600 ignem,et
1433 1568 1603 1599 numquam
1617 1564 1649 1588 et

982 1608 1055 1649 igne
1083 1613 1264 1646 urerentur3
1302 1619 1373 1639 cum
1404 1607 1471 1638 haec
1500 1608 1648 1639 Jasonem

983 1657 1163 1699 respiciant,
1192 1657 1245 1699 qui
1274 1657 1391 1688 illaesus
1420 1657 1459 1687 ab
1482 1657 1553 1697 igne
1579 1657 1646 1691 illo,

984 1717 1078 1747 quem
1103 1706 1228 1737 naribus
1244 1707 1392 1737 efflabant
1412 1706 1506 1741 tauri,
1523 1706 1647 1736 Medeae

983 1756 1235 1798 beneficio,jugo
1261 1755 1330 1786 illos
1355 1755 1564 1797 supposuerit.
1582 1755 1647 1785 vid.

984 1804 1094 1835 Valer.
1116 1806 1200 1836 Flac.
1223 1804 1264 1836 vi.
1281 1806 1333 1836 63.
1350 1811 1381 1835 et
1400 1806 1455 1836 98.
1480 1810 1511 1835 et
1527 1805 1600 1835 578.
1618 1809 1650 1834 et

984 1864 1073 1895 seqq.
1096 1855 1253 1896 praecipue
1269 1855 1345 1885 584.
1393 1854 1449 1884 Sed
1474 1865 1531 1885 non
1548 1856 1648 1884 incen-

984 1904 1035 1933 dia
1054 1904 1169 1933 Colchis
1180 1905 1344 1943 Adspirare
1359 1905 1441 1939 sinit,
1453 1904 1514 1934 ἃς.
1531 1909 1562 1933 et
1577 1903 1649 1934 hinc

984 1963 1077 1994 supra
1085 1964 1162 1983 vers.
1177 1954 1226 1983 15.
1252 1953 1324 1983 Isset
1336 1953 1488 1983 anhelatos
1503 1965 1558 1982 non
1570 1964 1646 1991 prce-

984 2003 1148 2032 medicatus
1169 2004 1198 2031 in
1217 2003 1309 2043 ignes.
1326 2001 1389 2031 vid.
1404 2001 1457 2031 vii.
1473 2002 1554 2031 Met.
1573 2002 1646 2032 115.

986 2049 1132 2081 Imulzcstn
1144 2058 1273 2090 pectore.
1293 2050 1513 2081 Cod.D0uzae.
1531 2051 1648 2081 Bumu.

1027 2101 1079 2131 97.
1105 2100 1172 2140 Ipsa
1187 2101 1269 2142 εφη]
1298 2101 1416 2131 Lucan.
1432 2100 1475 2130 iv·
1493 2102 1568 2131 555.

1028 2149 1166 2191 Ipsaque,
1184 2152 1343 2190 inerpertis
1359 2152 1436 2190 quod
1456 2150 1647 2191 primumfe-

1069 2206 1151 2230 cerat
1168 2201 1273 2235 herbis,

1028 2249 1156 2289 Rapui-it
1173 2250 1278 2280 Medea
1294 2248 1388 2290 veliis.

1026 2300 1081 2329 98.
1106 2300 1199 2329 Arma
1222 2298 1350 2338 tenere]
1380 2297 1498 2327 Morere
1520 2298 1646 2329 Vatica-

984 2358 1052 2378 nuS.

1029 2398 1102 2427 lOl.
1138 2397 1273 2437 Perrigil
1300 2407 1363 2427 ecce
1388 2396 1506 2436 ‹lt-aem]
1542 2396 1590 2426 Ita
1617 2403 1646 2425 et

982 2446 1037 2477 lib.
1053 2446 1107 2477 vii.
1128 2447 1200 2477 149.
1226 2447 1306 2476 Met.
1331 2452 1362 2476 et
1378 2445 1591 2476 Maximianus
1614 2445 1646 2475 iu

984 2496 1115 2537 Elegiis:

1028 2547 1303 2588 I'errigilnbserrut
1314 2558 1369 2575 ηοη
1382 2557 1435 2575 sua
1446 2556 1530 2584 poma
1542 2547 1644 2575 draca.

983 2595 1094 2637 Scripti
1120 2601 1226 2626 tamen
1241 2601 1314 2630 tres,
1334 2595 1457 2634 Serpens
1480 2606 1543 2625 ecce
1560 2596 1646 2635 vigil.

984 2655 1064 2675 unus
1093 2644 1196 2675 Vatic.
1249 2643 1394 2674 lnsomnis
1427 2654 1557 2682 serpens.
1602 2643 1647 2673 At

984 2693 1174 2729 Puteaneus,
1194 2692 1314 2731 Insopor
1328 2703 1392 2723 ecce
1406 2693 1492 2733 vigil.
1528 2691 1646 2727 Scribe,

987 2742 1114 2782 Insuper
1143 2754 1207 2773 ecce
1234 2743 1318 2784 ¹vigil.
1368 2742 1448 2781 sigi!
1475 2752 1530 2783 pro
1560 2741 1646 2783 vigili

1075 2796 1133 2826 L4
