1849 3198
646 208 943 251 AMORUM.

998 209 1118 250 LIB.
1150 209 1187 251 Ι.
1219 210 1261 251 8.
1573 214 1659 255 317

271 322 336 369 At
358 330 412 369 tu
437 340 498 371 ne
523 324 713 379 dubita,
741 324 954 386 (minuet
977 324 1195 371 vindicta
1219 326 1465 387 dolorem)

334 399 566 448 Protinus
592 402 640 447 in
664 402 827 447 vultus
853 402 1103 462 unguibus
1129 402 1197 449 ire
1223 419 1378 450 meos.

268 476 376 523 Nec
402 478 580 525 nostris
605 478 777 533 oculis,
804 494 896 525 nec
922 479 1102 525 nostris
1128 495 1277 542 parce
1302 481 1510 544 capillis.
1591 485 1653 529 65

334 553 622 608 Quamlibet
644 554 861 601 infirmas
888 555 1088 617 adjuvet
1112 555 1184 602 ira
1208 572 1400 605 manus.

268 630 407 678 Neve
432 632 528 678 mei
554 632 753 679 sceleris
778 639 880 679 tam
906 632 1066 679 tristia
1091 632 1232 695 signa
1256 635 1520 697 supersint,

333 707 471 756 Pone
497 710 855 773 recompositas
881 710 931 756 in
959 710 1169 757 statione
1194 727 1379 759 comas.

715 1019 1017 1067 ELEGIA
1054 1020 1203 1069 VIII.

267 1161 358 1209 Est
377 1164 632 1226 quaedam:
661 1164 993 1228 (quicumque
1008 1166 1140 1213 volet
1155 1182 1458 1228 cognoscere
1474 1168 1652 1225 lenam,

332 1241 542 1304 Audiat)
566 1249 642 1289 est
667 1244 916 1305 quaedam,
944 1243 1141 1290 nomine
1168 1243 1370 1307 Dipsas,
1399 1261 1538 1292 anus.

266 1318 344 1365 Ex
370 1336 421 1366 re
447 1336 627 1368 nomen
652 1321 819 1368 habet.
856 1321 984 1383 'nigri
1010 1338 1107 1368 non
1132 1321 1216 1367 illa
1240 1328 1496 1384 parentem

330 1397 615 1445 Memnonis
642 1399 691 1445 in
716 1400 870 1446 roseis
897 1399 1062 1446 sobria
1084 1398 1207 1445 vidit
1231 1399 1388 1461 equis.

266 1475 358 1522 Illa
382 1491 554 1537 magas
581 1483 728 1532 artes,
755 1476 993 1539 AEaeaque
1019 1476 1239 1522 carmina
1267 1476 1417 1530 novit,
1624 1480 1652 1523 5

332 1552 494 1615 Inque
519 1560 671 1616 caput
694 1553 892 1616 rapidas
919 1560 1022 1600 arte
1048 1560 1273 1599 recurvat
1298 1569 1470 1616 aquas.

263 1713 382 1744 addunt
395 1713 527 1744 alterum
539 1725 570 1754 p,
586 1719 618 1744 et
632 1714 784 1756 positione
800 1714 924 1755 longam

262 1762 391 1793 faciunt.
436 1763 543 1793 Valer.
569 1763 699 1794 Flaccus
728 1763 807 1793 libro
835 1762 925 1794 tertio

261 1822 340 1842 vers.
355 1813 429 1842 228.

307 1862 508 1892 Eumenidum
519 1863 602 1892 canis
612 1868 638 1891 et
651 1862 841 1901 sparsa‘jnba
859 1873 922 1901 rep-

345 1912 425 1949 pulit
442 1912 554 1951 hydr-(f.

305 1959 394 1990 Idem
424 1960 457 1989 fit
477 1959 571 1990 etiam
600 1960 632 1988 in
655 1959 811 2001 praeterito
839 1967 922 1989 retn-

261 2012 294 2045 li,
332 2015 363 2041 et
400 2011 508 2049 reperi.
556 2009 708 2039 ΜΑκῙι-ε.
764 2008 812 2039 Ita
849 2009 921 2039 olim

261 2070 443 2101 persuasum
482 2057 714 2094 Grammaticis,
759 2058 843 2097 (vid.
887 2058 921 2090 ii.

261 2109 330 2139 Art.
359 2108 453 2147 719.)
482 2107 536 2138 sed
562 2117 644 2137 nunc
669 2106 735 2137 sine
762 2113 846 2138 metu
875 2118 922 2138 re-

260 2157 474 2199 prehensionis
486 2156 564 2187 talia
579 2155 729 2186 audemus
749 2156 882 2197 simplici
904 2168 922 2195 p

261 2208 365 2243 edere,
381 2207 503 2248 syllaba
518 2205 573 2235 illa
588 2205 682 2240 enim,
706 2216 736 2236 re
754 2211 921 2246 utrumque

262 2255 388 2287 modum
411 2255 532 2297 recipit,
559 2253 653 2285 etiam
679 2264 740 2284 non
763 2253 924 2295 duplicata

261 2311 464 2336 consonante.
500 2304 545 2334 ita
575 2304 682 2338 recidi,
711 2314 773 2333 non
802 2304 923 2333 ret-cidi.

262 2354 379 2385 Burin.

304 2404 358 2434 63.
378 2402 525 2442 Μὶηηρὶ.]
544 2402 659 2432 Minuit
669 2402 825 2442 Excerpta
837 2402 922 2431 Dou-

261 2463 303 2483 zae
321 2458 353 2483 et
368 2451 498 2492 Regius.
522 2457 556 2481 ut
572 2450 610 2481 sit
633 2460 756 2491 gnome.
784 2450 922 2480 Francof.

264 2502 379 2531 RIinuic
396 2500 688 2542 vindictafurorem.
702 2499 766 2534 alii,
783 2500 910 2528 minuat.

304 2552 357 2582 66.
385 2551 452 2585 Qua
477 2551 545 2580 libet
572 2550 705 2589 infirmas
727 2551 853 2587 adjurat
878 2550 927 2578 ira

262 2600 397 2641 manus]
426 2599 493 2629 Lib.
508 2604 605 2629 veter.
623 2598 803 2633 Quamlibet,
821 2597 851 2627 id
868 2604 924 2632 est,

262 2649 416 2690 quamvis.
432 2648 476 2679 sic
491 2648 529 2678 de
546 2647 678 2678 Hecuba
693 2646 747 2677 lib.
764 2646 830 2676 xiii.
856 2646 923 2676 Mc-

263 2698 449 2740 tamorphos.

492 2746 577 2775 Facit
594 2748 639 2775 ira
654 2751 812 2783 potentem.

993 1714 1033 1744 Et
1048 1713 1212 1756 Euripides
1225 1726 1230 1743 :

1037 1764 1142 1800 Αὐτὸς
1155 1762 1180 1793 δ’
1195 1762 1243 1794 ἐπ’
1259 1762 1394 1804 ἐχθροὺς
1413 1763 1514 1804 θυμὸς
1529 1762 1655 1794 ὁπλίσει

1077 1812 1169 1854 χέρα.

993 1863 1080 1902 Yirg.
1097 1861 1150 1891 vii.
1168 1860 1299 1890 AEneid.

1134 1910 1220 1944 Quod
1235 1911 1340 1948 cuique
1354 1916 1505 1947 repertum

1036 1960 1174 1989 Rimanti
1191 1960 1282 1988 telum
1299 1958 1450 1999 irafacit.
1481 1959 1599 1989 Ilmxs.

991 2056 1073 2087 Vide
1095 2056 1228 2087 similem
1251 2055 1324 2085 huic
1348 2055 1493 2095 Elegiam
1512 2056 1654 2097 Propert.

991 2106 1047 2136 lib.
1066 2105 1107 2135 iv.
1125 2106 1157 2135 4.
1204 2105 1333 2135 Bnnsn.

1033 2156 1066 2185 2.
1093 2154 1231 2194 Dipsas]
1260 2153 1352 2189 Quod
1376 2152 1534 2194 Serpentis
1558 2163 1658 2193 genus

990 2214 1009 2234 a
1024 2204 1161 2234 Luciano
1178 2203 1209 2233 in
1222 2203 1416 2245 Dipsadibus
1430 2203 1504 2233 satis
1518 2202 1654 2244 descrip-

991 2258 1070 2283 tum.
1086 2253 1166 2283 adde
1183 2254 1302 2283 Lucan.
1319 2252 1364 2282 ix,
1382 2262 1462 2282 vers.
1481 2252 1554 2282 610.
1595 2252 1656 2281 Ea-

991 2301 1062 2332 dem
1089 2302 1207 2332 ratione
1225 2302 1348 2332 Mero'e‘n
1374 2311 1467 2331 anum
1492 2300 1656 2336 ebriosam,

991 2351 1107 2381 dictam
1123 2351 1226 2392 lepide
1242 2356 1401 2392 argutatur
1412 2349 1534 2380 Auson.
1551 2349 1655 2391 Epigr.

992 2411 1044 2429 xx.
1092 2400 1209 2430 anM.

1034 2450 1067 2478 5.
1092 2448 1155 2478 Illa
1171 2459 1271 2489 magas
1284 2454 1374 2482 artes,
1390 2447 1529 2486 AEoeaque
1544 2448 1654 2476 carmi-

991 2509 1032 2527 mr
1048 2497 1157 2538 norm]
1185 2498 1260 2532 Αἶα,
1276 2497 1378 2538 inquit
1393 2495 1579 2538 Stephanus,
1592 2496 1655 2526 Πό-

992 2548 1041 2583 λις
1055 2547 1208 2587 Κόλχων,
1220 2545 1390 2583 Θαλάσσης
1398 2543 1568 2585 ἀπέχουσα
1579 2543 1654 2574 στά-

992 2594 1043 2626 (Ita
1067 2595 1244 2637 τριακόσια,
1267 2595 1310 2632 ἣν
1332 2592 1532 2634 περιῤῥὲουσι
1554 2604 1653 2623 ποτ-(ι-

991 2645 1057 2684 μυὶ,
1069 2642 1176 2681 ἰ’ππος
1190 2645 1241 2674 καὶ
1257 2642 1401 2679 κυάνεος,
1415 2643 1583 2677 ποιοῦντες
1597 2641 1654 2671 αι’]-

991 2694 1055 2731 τήν
1084 2691 1296 2733 χερῤόνησον,
1328 2692 1388 2721 &c.
1442 2690 1546 2725 Quare
1572 2689 1653 2719 [cha

991 2743 1137 2775 carmina,
1165 2752 1225 2771 non
1255 2740 1354 2771 solum
1380 2738 1499 2773 Circes,
1526 2747 1594 2778 quae
1621 2743 1652 2767 ct
