1849 3198
602 221 947 265 HEROIDES.
980 222 1072 264 ΕΡ.
1105 222 1189 265 IV.
1532 225 1588 267 49

206 339 375 388 Flecte
390 339 517 388 feros
533 338 738 387 animos.
765 337 927 402 potuit
942 353 1256 402 corrumpere
1271 346 1465 387 taurum
1495 343 1586 388 165

270 417 451 465 Mater.
489 417 583 465 eris
607 423 747 463 tauro
772 415 943 462 saevior
966 415 1074 479 ipse
1097 416 1258 464 truci?

206 493 305 541 Per
320 494 565 542 Venerem
584 508 776 557 parcas,
793 507 894 548 oro,
912 507 1023 555 quae
1042 492 1255 556 plurima
1271 510 1467 542 mecum
1486 501 1584 543 est:

274 570 357 618 Sic
383 586 670 634 numquam,
698 585 809 633 quae
834 576 884 617 te
909 584 1141 633 spernere
1166 572 1339 635 possit,
1367 588 1519 620 ames.

209 648 293 695 Sic
318 649 407 695 tibi
433 648 636 695 secretis
663 647 804 710 agilis
831 646 942 694 Dea
966 647 1172 694 saltibus
1199 649 1342 705 adsit,

275 726 508 789 Silvaque
532 725 811 789 perdendas
836 725 1057 788 praebeat
1081 726 1180 773 alta
1203 726 1346 774 feras.

1499 729 1589 774 170

209 803 292 850 Sic
318 804 512 851 faveant
539 803 722 867 Satyri,
749 809 1082 866 montanaque
1106 803 1308 851 numina
1331 802 1520 852 Panes:

274 880 340 928 Et
363 882 509 929 cadat
532 882 737 929 adversa
760 880 967 945 cuspide
991 880 1151 929 fossus
1177 898 1310 946 aper.

206 1071 273 1092 cem
289 1059 351 1091 illis
364 1060 563 1102 praestabant.
578 1059 650 1091 vide
673 1060 805 1090 Salmas.
823 1059 862 1090 de

206 1111 304 1141 Modo
322 1111 452 1141 Usurar.
476 1121 508 1152 p.
530 1111 601 1141 138.
618 1110 726 1152 Ampl.
744 1110 861 1152 Cuper.

209 1162 239 1191 l.
255 1161 377 1191 observ.
394 1161 448 1191 20.
465 1165 496 1191 et
520 1160 569 1191 Cl.
586 1159 726 1190 Perizon.
742 1159 782 1190 ad
806 1161 863 1190 AE-

204 1209 282 1240 lian.
304 1210 348 1240 iv.
367 1210 397 1240 1.
422 1209 504 1240 unde
526 1209 621 1239 etiam
636 1219 718 1251 saepe
734 1211 783 1240 dos
797 1208 865 1250 ipsa.

206 1261 262 1291 illa
275 1270 405 1290 munera
418 1260 619 1295 vocabantur,
635 1265 669 1290 ut
684 1264 771 1290 notat
786 1260 863 1289 Bar-

206 1310 290 1340 thius
313 1309 352 1340 ad
376 1309 489 1340 Claud.
510 1308 533 1339 i.
551 1308 590 1339 de
615 1308 713 1350 Rapt.
735 1310 788 1339 28.
809 1308 864 1339 sed

207 1371 269 1390 non
283 1366 465 1402 perpetuam
476 1365 581 1389 tamen
591 1358 671 1389 hanc
682 1358 775 1389 fuisse
791 1369 864 1389 con-

207 1409 417 1445 suetudinem,
433 1409 487 1439 sed
503 1414 534 1439 et
549 1408 671 1439 dotatas
686 1408 780 1438 etiam
795 1408 862 1440 He-

208 1458 283 1490 roici
308 1459 406 1489 seculi
431 1458 553 1500 puellas
577 1457 616 1488 ad
637 1457 718 1488 viros
742 1458 864 1489 venisse

207 1513 295 1550 patet
317 1518 355 1539 ex
381 1508 529 1550 Apollon.
555 1506 661 1537 Rhod.
687 1507 719 1537 ii.
739 1519 771 1538 v.
787 1508 862 1538 238.

208 1557 347 1600 Euripid.
369 1557 498 1599 Hippol.
521 1557 597 1588 625.
619 1561 651 1587 et
666 1555 746 1587 aliis.
781 1556 865 1598 quod

208 1613 282 1639 tunc
305 1606 461 1649 praecipue
487 1617 544 1637 usu
567 1605 724 1642 veniebat,
740 1605 765 1636 si
789 1605 866 1636 nulli

208 1662 312 1688 essent
335 1655 398 1686 illis
422 1655 541 1691 fratres,
565 1660 598 1685 et
619 1654 690 1685 ideo
713 1654 867 1685 successio

208 1706 249 1737 ad
277 1705 347 1736 illas
375 1705 557 1740 deferretur,
586 1710 621 1735 ut
656 1703 700 1735 ita
735 1703 868 1746 epistola

208 1761 297 1786 sexta
308 1753 481 1797 Hypsipyle
493 1754 620 1784 dotalem
633 1753 771 1784 Lemnon
782 1758 866 1784 recte

207 1804 298 1835 offert
311 1805 330 1835 J
333 1803 430 1839 asoni,
440 1813 542 1844 neque
553 1802 585 1833 in
597 1813 633 1833 eo
646 1802 759 1833 erravit
770 1802 868 1833 Poeta

209 1861 323 1890 noster,
334 1859 370 1884 ut
384 1852 509 1884 volebat
520 1852 700 1883 Salmasius.
716 1857 867 1893 praeterea

208 1903 234 1934 si
246 1914 308 1945 qua
320 1901 436 1933 femina
445 1912 559 1932 novum
569 1901 716 1931 conderet
726 1911 866 1942 regnum,

208 1957 330 1994 poterat
344 1951 423 1982 illud
438 1950 503 1981 viro
517 1951 616 1980 dotale
630 1949 716 1986 dare,
732 1954 766 1980 ut
782 1949 867 1980 Dido

209 2002 321 2032 AEneae
343 2001 434 2031 offert
448 1999 531 2041 apud
546 1999 660 2040 Virgil.
675 1998 719 2030 iv.
736 1998 866 2029 AEneid.

212 2052 283 2082 103.
307 2052 413 2088 Quare
427 2049 627 2081 statuendum
641 2049 774 2085 videtur,
787 2049 867 2079 Poe-

209 2107 273 2131 tam
302 2100 351 2131 hic
377 2099 427 2130 vel
451 2109 511 2130 non
533 2099 607 2130 satis
630 2098 798 2129 attendisse
827 2098 867 2129 ad

210 2151 407 2192 antiquorum
422 2154 596 2191 temporum
611 2148 771 2184 rationem,
787 2153 822 2179 ut
836 2154 868 2179 et

209 2200 242 2230 in
254 2199 397 2240 sequenti
412 2198 552 2240 Epistola
563 2197 685 2239 lapsum
700 2198 766 2239 ejus
781 2198 867 2228 vide-

209 2249 322 2286 bimus,
346 2247 396 2278 vel
418 2247 518 2283 illum,
536 2257 645 2289 pamm
667 2246 707 2277 de
730 2246 866 2288 antiqui-

210 2304 274 2330 tate
303 2297 481 2333 sollicitum,
509 2296 614 2327 omnia
641 2296 781 2327 Phaedrae
816 2296 867 2327 tri-

209 2347 313 2380 buisse
332 2347 497 2383 lenocinia,
513 2346 626 2388 quibus
648 2351 767 2377 castum
790 2346 869 2388 Hip-

211 2397 351 2439 polytum
381 2405 574 2438 corrumpere
604 2401 717 2436 posset.
743 2401 774 2426 et
801 2395 872 2426 ideo

211 2445 384 2489 splendidae
409 2445 502 2476 etiam
525 2444 606 2475 dotis
622 2444 810 2475 mentionem
825 2445 870 2475 in-

206 2495 332 2538 jecisse.
356 2494 439 2536 quod
462 2494 540 2525 forte
555 2494 750 2525 Hubertinus
765 2494 873 2529 voluit,

210 2544 265 2586 qui
294 2543 333 2574 ad
363 2543 445 2574 hunc
474 2543 578 2574 locum
603 2543 734 2574 oratorio
759 2543 871 2585 magis,

211 2603 305 2635 quam
330 2592 475 2623 historico
499 2603 582 2623 more
607 2592 693 2634 loqui
719 2592 868 2624 Ovidium

211 2642 344 2674 notavit.
361 2641 438 2673 forte
454 2647 556 2684 posset
571 2647 603 2673 et
617 2641 697 2683 legi:

257 2692 312 2723 Est
326 2692 398 2722 mihi
412 2693 524 2723 natalis
547 2693 647 2729 tellus,
662 2691 744 2723 Jovis
758 2693 870 2729 insula,

300 2741 398 2773 Crete.

256 2794 355 2826 VOL.
379 2794 407 2825 I.

932 1060 974 1091 Ut
985 1067 1053 1103 post
1061 1067 1243 1092 memoratos
1250 1061 1390 1103 majores,
1402 1071 1484 1092 nunc
1496 1060 1590 1091 etiam

930 1109 1125 1141 nobilitatem
1146 1111 1257 1141 natalis
1279 1111 1336 1141 soli
1354 1110 1464 1152 jactet,
1483 1117 1514 1141 et
1536 1111 1590 1140 ob-

930 1169 1018 1189 scure
1039 1159 1187 1190 inducere
1208 1165 1307 1190 tentet
1324 1159 1540 1201 Hippolytum,
1557 1164 1592 1189 ut

930 1206 956 1237 si
971 1207 1092 1238 Thesea
1105 1207 1224 1245 timeat,
1239 1219 1344 1239 secum
1360 1209 1451 1239 abeat
1465 1208 1497 1238 in
1513 1208 1589 1239 Cre—

930 1262 993 1293 ten,
1017 1257 1070 1288 ubi
1092 1263 1198 1288 contra
1217 1258 1318 1289 Patris
1341 1257 1402 1289 vim
1426 1263 1510 1288 tutus
1524 1267 1590 1288 esse

931 1306 1037 1348 possit,
1049 1313 1080 1338 et
1095 1314 1204 1339 voveat
1218 1307 1276 1350 ipsi
1290 1307 1399 1349 magis,
1415 1317 1509 1349 quam
1520 1318 1589 1348 pro-

931 1356 1035 1388 mittat
1049 1368 1188 1398 regnum.
1212 1364 1243 1388 et
1256 1357 1327 1388 ideo
1339 1368 1472 1399 sequens
1486 1367 1591 1389 versus

932 1417 985 1447 pro
1010 1413 1080 1437 voto
1103 1407 1283 1448 capiendus,
1306 1413 1336 1438 et
1357 1407 1390 1438 in
1412 1405 1589 1449 parenthesi

931 1455 1110 1497 ponendus:

975 1503 1092 1535 Seri-iat
1109 1505 1272 1546 Hippolyto
1287 1507 1369 1547 regia
1387 1511 1447 1535 tota
1460 1516 1534 1535 mea.

933 1552 1062 1584 Utinam
1084 1554 1184 1585 Patris
1204 1555 1305 1585 Minoi
1328 1554 1390 1585 mei
1414 1554 1498 1595 regia
1523 1563 1591 1584 meo

934 1601 1104 1644 Hippolyto
1120 1603 1254 1640 cederet,
1270 1610 1301 1634 et
1312 1603 1450 1634 serviret.
1473 1602 1505 1633 in
1521 1602 1589 1643 qui-

933 1651 1065 1682 busdam
1076 1652 1235 1684 codicibus
1246 1658 1293 1684 est
1306 1655 1422 1689 serviet,
1438 1652 1517 1694 quod
1535 1653 1588 1684 ad-

933 1701 1137 1732 firmationem
1160 1703 1340 1739 contineret,
1360 1701 1449 1744 quasi
1471 1701 1590 1743 Hippo-

933 1751 998 1792 lyto
1008 1751 1171 1793 sponderet
1185 1762 1324 1792 regnum.
1340 1758 1374 1783 ut
1389 1752 1471 1794 apud
1481 1752 1591 1783 Silium

933 1800 980 1830 iii.
1014 1801 1083 1831 150.
1130 1800 1255 1841 Thybris
1280 1803 1333 1832 tibi
1355 1803 1460 1832 serviet
1485 1812 1591 1833 omnes-

934 1849 1081 1881 Francius
1095 1851 1267 1891 corrigebat
1279 1863 1285 1880 :

977 1900 1093 1930 Serviat
1109 1900 1273 1941 Hippolyto
1287 1902 1337 1931 dos
1352 1911 1385 1931 ea
1397 1907 1458 1931 tota
1473 1912 1547 1932 meo.

933 1948 995 1979 Sed
1017 1959 1075 1990 ego
1097 1955 1217 1980 tantum
1243 1949 1318 1980 mihi
1348 1960 1408 1980 non
1432 1949 1590 1992 permitto.

934 1998 1050 2029 Bumn.

979 2049 1050 2080 165.
1067 2048 1095 2078 F
1097 2048 1290 2090 lecteferos.]
1310 2048 1404 2079 Ferox
1419 2048 1593 2081 Sarravian.

934 2098 990 2129 sed
1022 2096 1116 2128 male.
1169 2097 1323 2128 Catalect.
1360 2097 1444 2129 Pith.
1472 2109 1506 2140 p.
1537 2099 1590 2129 46.

936 2147 1038 2178 Flecte
1066 2154 1164 2177 truces
1191 2149 1312 2178 animos.
1349 2153 1385 2178 ut
1412 2147 1522 2179 Heins.
1551 2148 1591 2179 ad

936 2197 1029 2228 Ovid.
1045 2197 1077 2228 ii.
1101 2197 1184 2227 Met.
1200 2197 1276 2227 482.
1299 2197 1442 2228 correxit.
1468 2197 1522 2228 sed
1545 2198 1592 2228 ni-

935 2246 1100 2278 hilominus
1125 2245 1280 2277 distichon
1308 2246 1366 2277 hoc
1399 2247 1503 2278 nescio
1532 2258 1593 2289 quo

935 2295 1025 2327 modo
1054 2307 1115 2327 non
1144 2295 1304 2332 satisfacit,
1333 2307 1390 2328 nec
1427 2296 1592 2328 ovidianae

936 2356 1023 2376 venae
1039 2356 1104 2376 esse
1116 2345 1249 2381 videtur,
1264 2351 1299 2376 ut
1314 2345 1441 2377 fortasse
1456 2357 1544 2388 aeque
1557 2357 1593 2378 ac

937 2394 1115 2435 praecedens
1129 2394 1169 2424 sit
1181 2393 1343 2425 intrusum.
1387 2394 1500 2437 Aptius
1511 2396 1594 2426 enim

938 2443 1036 2475 oratio
1053 2443 1233 2486 procederet
1254 2443 1280 2474 si
1300 2443 1354 2475 illa
1375 2451 1594 2477 connecteren-

940 2499 999 2530 tur,

1028 2543 1069 2574 Et
1082 2543 1155 2574 mihi
1174 2545 1199 2573 si
1214 2555 1274 2574 non
1291 2545 1334 2574 vis
1351 2555 1485 2584 parcere,
1503 2555 1595 2585 parce

1105 2593 1188 2623 meis.

980 2642 1041 2673 Per
1059 2641 1198 2674 Venerem
1210 2653 1328 2683 parcas,
1341 2653 1402 2680 oro,
1417 2643 1476 2674 &c-

1437 2692 1552 2724 Bumu.

1018 2795 1044 2824 E
