1849 3198
216 265 304 307 102
608 264 658 305 P.
692 263 903 306 OVIDII
936 263 1215 306 NASONIS

219 379 296 428 Tu
325 396 527 444 quoque
558 380 711 428 habes
739 396 977 445 proavum
1006 379 1263 444 Pelopem,
1298 379 1603 446 Pelopisque

350 465 632 522 parentem:

290 534 343 581 Si
368 535 544 582 melius
569 550 814 589 numeres,
843 550 872 581 a
895 533 1020 581 Jove
1046 534 1247 596 quintus
1273 535 1385 582 eris.

221 611 268 658 N
274 628 331 659 eo
355 611 534 659 virtute
559 627 697 659 cares
718 629 727 659 ε
767 628 903 658 arma
927 612 1167 659 invidiosa
1190 612 1362 659 tulisti.

289 689 391 736 Sed
415 695 469 736 tu
495 689 614 752 quid
639 688 862 735 faceres?
900 689 1060 736 induit
1083 689 1167 736 illa
1190 696 1346 753 pater.

220 765 434 813 Materia
456 766 632 812 vellem
658 765 794 812 fortis
821 765 1022 813 meliore
1046 765 1253 814 fuisses:

285 842 425 905 (Non
449 843 580 889 lecta
603 848 694 897 est,
722 843 858 905 operi
884 843 973 889 sed
998 843 1115 890 data
1138 859 1317 891 caussa
1339 842 1467 904 tuo.)

220 920 364 967 Hanc
383 927 551 967 tamen
575 919 812 983 implesti3
837 920 1114 983 juguloque
1133 920 1408 984 AEgysthus
1436 926 1606 984 aperto

287 998 443 1045 Tecta
467 998 758 1053 cruentavit,
787 1014 897 1060 quae
923 1004 1064 1060 pater
1089 1004 1203 1044 ante
1229 1004 1359 1044 tuus.

222 1075 456 1139 Increpat
481 1076 728 1131 AEaoides,
767 1076 1067 1138 laudemque
1102 1075 1152 1121 in
1188 1075 1395 1122 erimina
1427 1073 1603 1132 vertit;

288 1152 354 1199 Et
377 1160 545 1200 tamen
570 1153 838 1216 adspectus
865 1152 1075 1199 sustinet
1099 1152 1181 1199 ille
1206 1168 1360 1199 meos.
1544 1154 1606 1199 56

220 1229 462 1294 Rumpor,
490 1238 541 1278 et
575 1246 660 1277 ora
694 1230 813 1277 mihi
849 1230 1031 1293 pariter
1067 1245 1181 1276 cum
1216 1236 1384 1276 mente
1419 1235 1605 1276 tumes-

1541 692 1604 737 50

287 1307 603 1371 Pectoraque
628 1308 831 1355 inclusis
856 1307 1053 1370 ignibus
1073 1314 1187 1354 usta
1210 1308 1395 1354 dolent.
1436 1307 1605 1368 [cunt:

221 1384 490 1432 Hermione
515 1401 680 1432 coram
706 1386 1045 1449 quidquamne
1070 1386 1289 1448 objectet
1315 1384 1542 1431 Orestae?

289 1462 398 1510 Nee
423 1463 543 1509 mihi
569 1471 684 1510 sunt
706 1464 861 1521 vires3
902 1479 994 1511 nec
1020 1463 1150 1511 ferus
1177 1462 1309 1510 ensis
1336 1462 1494 1509 adest.
1546 1463 1610 1508 60

263 1628 317 1658 48.
342 1629 368 1658 A
384 1628 457 1658 Jove
481 1630 604 1668 quintus
626 1628 713 1668 e›·it.]
739 1629 823 1669 Lege
845 1630 880 1658 ab

220 1676 303 1707 Jove.
327 1677 370 1708 sic
387 1677 461 1708 alibi
484 1688 607 1719 semper
627 1677 710 1719 apud
730 1678 880 1707 Nostrum

220 1725 252 1756 in
267 1726 393 1768 optimis
408 1726 608 1757 membranis.
633 1726 738 1757 monui
754 1727 840 1757 Fast.
855 1726 877 1756 i.

221 1785 286 1806 ver.
301 1776 376 1806 236.
419 1776 539 1806 mes.

263 1826 315 1855 50.
333 1824 439 1855 Induit
455 1826 510 1855 illa
523 1825 667 1865 patrem]
687 1824 737 1854 Sic
753 1824 880 1865 quidem

219 1874 324 1915 vulgo,
340 1881 375 1905 ut
387 1874 426 1904 ad
442 1880 571 1905 matrem
585 1874 704 1904 Orestis
719 1874 878 1909 referatur,

221 1929 252 1953 et
277 1923 317 1954 ad
342 1930 460 1954 vestem
483 1923 664 1965 perplexam
694 1929 725 1954 et
748 1923 879 1965 impedi-

221 1978 295 2009 tam,
312 1983 375 2014 qua
389 1973 444 2004 illa
453 1972 720 2014 Agamemnonem
734 1972 879 2003 indutum

220 2029 252 2054 et
280 2022 487 2064 implicatum,
510 2022 634 2063 AEgisto
659 2022 879 2053 trucidandum

221 2073 394 2114 objecerat:
412 2079 446 2103 ut
457 2073 576 2103 Seneca
587 2072 618 2102 in
627 2071 795 2112 Tragoedia
807 2082 878 2102 auc-

221 2127 269 2151 tor
292 2126 351 2152 est.
398 2121 515 2152 Verum
533 2121 618 2151 haud
643 2120 705 2151 scio
722 2131 760 2151 an
776 2131 880 2150 eorum

221 2169 314 2201 lectio
329 2169 368 2209 sit
383 2169 562 2211 simplicior,
576 2170 628 2211 qui
641 2170 759 2210 legunt,
774 2168 882 2200 Induit

221 2220 277 2249 illa
291 2226 389 2258 pater.
413 2224 447 2249 ut
466 2218 634 2259 intelligas,
652 2224 772 2260 patrem
788 2219 879 2249 indu-

222 2268 282 2299 isse
308 2278 394 2298 arma
418 2267 473 2298 illa
500 2267 652 2298 invidiosa
676 2267 798 2298 Oresti:
823 2268 881 2298 hoe

223 2322 280 2353 est,
291 2317 386 2347 fuisse
398 2327 536 2352 causam,
549 2327 602 2347 cur
618 2316 671 2347 ille
684 2327 768 2347 arma
780 2328 881 2347 sume-

223 2372 285 2398 ret:
310 2366 427 2408 pietate
454 2366 601 2396 videlicet
630 2366 816 2407 postulante,
847 2372 882 2396 ut

224 2416 342 2447 caedem
357 2414 454 2457 patris
468 2415 549 2445 filius
564 2415 778 2446 ulcisceretur.
817 2416 882 2446 Mr-

223 2476 358 2496 cx'LLus.
405 2464 513 2495 Induit
539 2466 592 2494 illa
610 2472 696 2504 pater
714 2471 798 2495 recte
820 2466 882 2495 Pu-

223 2520 362 2545 teaneus.
396 2513 507 2554 reliqui
524 2524 594 2544 cum
610 2513 744 2554 vulgatis
756 2521 882 2554 patrem.

224 2564 339 2594 Noster
353 2563 407 2593 lib.
423 2562 443 2593 i.
459 2562 529 2592 Art.
545 2562 620 2592 Am.

268 2612 375 2642 Induit
399 2624 483 2642 arma
510 2613 560 2642 tibi
584 2614 702 2653 genitor
724 2614 884 2652 patr-imque

311 2668 447 2702 tuusque.

224 2710 293 2741 Liv.
319 2721 393 2741 xxx.
427 2712 478 2741 13.
506 2710 568 2741 Nec
593 2712 766 2750 conquiesse,
794 2712 883 2741 donec

226 2762 287 2799 ipsa
303 2761 438 2790 manibus
453 2761 512 2789 suis
525 2759 643 2801 nefaria
660 2761 714 2788 sibi
725 2771 809 2789 arma
826 2761 879 2789 ml-

225 2819 325 2840 versus
339 2810 476 2849 hospitem
492 2816 578 2849 atque
593 2811 717 2839 (lazicum
737 2810 880 2839 induerit.

948 1628 1042 1659 Silius
1058 1628 1121 1658 xiv.
1139 1628 1216 1658 292.

993 1677 1113 1707 Hostem
1130 1679 1254 1707 induere
1269 1687 1353 1706 arma
1368 1676 1436 1706 sibi.

948 1726 1021 1757 Val.
1037 1726 1122 1757 Flac.
1138 1725 1193 1756 vii.
1210 1725 1265 1756 90.

1123 1775 1197 1805 Cum
1209 1776 1309 1815 prima
1326 1775 1386 1805 tuis
1400 1784 1454 1813 pro
1470 1774 1612 1804 maenz'bus

1076 1836 1160 1854 (1171)OE

993 1873 1164 1904 lut-luimus.
1445 1871 1567 1903 mes.

947 1923 1154 1953 Heumannus
1182 1922 1214 1952 in
1251 1920 1395 1962 Parergis
1424 1920 1549 1951 Criticis
1577 1932 1611 1962 p.

950 1973 1021 2003 119.
1052 1972 1129 2013 legit
1146 1972 1251 2001 imbuit
1268 1972 1320 2001 illa
1332 1976 1460 2010 patrem,
1476 1969 1532 2000 sed
1548 1980 1611 2011 quo

947 2021 1143 2052 referendum
1154 2022 1190 2052 τὸ
1204 2022 1259 2050 illa
1275 2030 1337 2050 non
1349 2019 1450 2055 video,
1460 2029 1533 2049 nam
1548 2029 1611 2049 non

947 2070 1108 2112 praecessit
1134 2075 1245 2105 mater,
1273 2080 1343 2111 quae
1368 2068 1533 2099 imbuisset
1557 2078 1614 2110 pa—

948 2126 1038 2155 trem,
1054 2119 1189 2160 denique
1207 2119 1276 2160 quis
1298 2128 1449 2159 umquam
1464 2117 1543 2147 dixit
1558 2119 1613 2147 im-

950 2170 1038 2199 buere
1053 2170 1190 2208 aliquem,
1208 2178 1262 2209 pro
1276 2166 1464 2202 interimere,
1480 2170 1535 2196 aut
1555 2165 1612 2196 ali-

950 2218 1038 2260 cujus
1061 2216 1213 2258 sanguine
1236 2226 1308 2247 suas
1324 2225 1435 2246 manus
1455 2214 1615 2246 imbuere?

950 2268 1068 2298 Barim.

993 2318 1046 2347 52.
1073 2315 1141 2345 Non
1167 2316 1239 2345 lecta
1258 2314 1329 2354 est.]
1357 2313 1423 2344 Aut
1448 2324 1541 2352 opert?
1565 2313 1611 2344 le-

949 2366 1098 2406 gendum,
1129 2369 1183 2400 aut
1212 2364 1261 2394 hic
1291 2373 1397 2393 versus
1429 2362 1611 2393 Parenthesi

949 2413 1169 2448 includendus,
1196 2419 1231 2444 ut
1260 2414 1296 2444 τὸ
1327 2414 1403 2442 hanc
1430 2419 1527 2442 tamen
1556 2414 1608 2442 im-

947 2465 1045 2503 ples-ti,
1057 2463 1097 2494 ad
1112 2464 1148 2494 τὸ
1164 2462 1344 2504 praecedens
1360 2463 1510 2492 materiam
1530 2461 1610 2492 refe-

950 2518 1045 2543 ratur.
1068 2522 1139 2542 nam
1163 2512 1194 2541 in
1216 2522 1277 2541 uno
1304 2510 1419 2541 Moreti
1441 2515 1518 2546 erat,
1535 2511 1612 2540 hauc

951 2574 1080 2592 caussam
1101 2562 1238 2600 implesti.
1287 2561 1404 2590 BURM.

994 2612 1047 2641 56.
1074 2609 1245 2649 aspectus]
1283 2609 1441 2648 Amplexus
1471 2607 1615 2638 Scriverii

951 2666 981 2690 et
1011 2658 1210 2690 Basileensis.
1245 2668 1418 2699 perperam.
1444 2667 1500 2687 nec
1528 2655 1613 2687 enim

951 2709 1119 2739 Hermione
1135 2712 1223 2749 rapta
1239 2713 1269 2737 et
1292 2706 1390 2738 invita
1404 2706 1610 2749 amplectere-

950 2764 998 2789 tur
1014 2756 1186 2800 Pyrrhum.'
1223 2758 1341 2788 Bcnm.
