1849 3198
636 237 980 280 HEROIDES.
1020 237 1111 278 ΕΡ.
1145 237 1253 279 VII.
1580 242 1636 282 93

256 353 361 401 Hos
388 354 552 418 potius
578 353 785 417 populos
812 352 861 398 in
885 352 1069 407 dotem,
1097 353 1306 415 ambage
1332 353 1552 410 remissa,

318 431 537 494 Accipe;
578 437 627 477 et
652 429 883 476 advectas
910 427 1249 490 Pygmalionis
1275 445 1412 492 opes.

1544 416 1636 479 150

254 507 379 555 Ilion
405 509 453 554 in
479 507 679 571 Tyriam
705 506 913 553 transfer
938 505 1129 552 felicius
1154 506 1355 553 urbem:

319 585 580 647 Hancque,
608 585 772 631 locum
797 583 951 645 regni,
980 589 1278 645 sceptraque
1304 598 1445 630 sacra
1468 591 1597 632 tene.

253 662 306 708 Si
332 663 421 708 tibi
446 678 585 708 mens
611 661 754 708 avida
777 668 854 708 est
877 660 1009 716 belli,
1033 660 1073 706 si
1099 659 1274 722 quaerit
1299 658 1437 706 Iiilus

318 738 465 786 Unde
491 755 578 786 suo
603 746 772 802 partus
800 737 963 784 Marte
988 737 1266 800 triumphus
1291 744 1398 794 eat3

251 814 412 868 Quem
438 822 653 879 superet,
668 817 736 862 ‘ne
759 814 879 877 quid
904 814 1048 869 desit,
1069 813 1400 876 praebebimus
1421 814 1630 862 hostem.

317 892 413 940 Hic
439 893 577 956 pacis
602 894 766 955 leges:
806 892 885 938 hie
910 892 1048 938 locus
1075 906 1209 937 arma
1233 890 1383 954 capit.

1541 894 1631 939 156

249 968 323 1016 Tu
348 971 511 1026 modo,
539 986 627 1034 per
651 976 875 1025 matrem,
902 968 1214 1031 fraternaque
1239 969 1353 1024 tela,
1375 967 1597 1030 sagittaS,

316 1046 514 1111 Perque
539 1047 668 1110 fugae
693 1047 917 1102 comites,
948 1047 1182 1094 Dardana
1206 1061 1360 1101 sacra,
1391 1045 1554 1093 Deos:

249 1123 359 1185 (Sic
385 1132 634 1188 superent,
662 1140 1005 1187 quoscumque
1029 1130 1116 1170 tua
1133 1123 1195 1170 de
1220 1129 1368 1185 gente
1393 1129 1629 1187 reportas,

314 1199 452 1248 Mars
477 1201 607 1248 ferus
633 1209 683 1249 et
707 1200 898 1248 damnis
925 1200 988 1247 sit
1011 1200 1187 1246 modus
1212 1200 1293 1246 ille
1317 1199 1430 1255 tuis,

1540 1202 1632 1247 160

249 1276 595 1341 Ascaniusque
621 1295 736 1325 suos
761 1277 969 1325 feliciter
994 1277 1198 1340 impleat
1222 1292 1392 1331 annos,

316 1353 382 1401 Et
407 1355 537 1402 senis
564 1355 795 1402 Anchisae
821 1354 1033 1401 molliter
1057 1370 1172 1401 ossa
1195 1352 1400 1413 cubent)

248 1494 390 1523 Abstrusa
414 1494 507 1524 etiarn
522 1494 677 1525 meliores.
723 1494 787 1524 Alii
804 1493 903 1529 aliter,

246 1542 354 1572 eodem
370 1548 474 1573 tamen
495 1553 601 1573 omnes
621 1553 711 1573 sensu
734 1543 815 1572 hunc
838 1553 904 1572 ver-

247 1601 315 1621 sum
330 1591 399 1621 libri
415 1591 572 1622 exhibent.
597 1592 770 1622 Ilfflxsufs.
807 1592 905 1621 Immo

247 1651 318 1670 vero
333 1640 451 1671 diverso
467 1652 558 1672 sensu
578 1640 668 1671 multi
684 1641 806 1671 codices
822 1641 904 1671 hunc

248 1700 369 1720 versum
386 1690 546 1720 exhibent.
571 1701 641 1721 nam
665 1691 696 1721 in
720 1691 831 1732 Regio,
847 1692 904 1722 Ju-

248 1738 339 1769 niano
365 1745 395 1770 et
419 1750 473 1770 sex
498 1739 567 1770 aliis
592 1746 673 1770 erat:
704 1740 801 1780 thue
815 1743 905 1780 juvet

247 1795 408 1829 ventusque
435 1796 512 1825 tuas,
538 1801 689 1830 remusque
712 1792 842 1820 carinus.
875 1796 906 1821 et

247 1844 316 1868 octo
335 1838 387 1868 alii
411 1838 519 1869 eodem
539 1838 601 1869 fere
617 1839 717 1874 modo,
742 1838 799 1868 nisi
823 1839 905 1880 quod

247 1898 344 1917 remus
359 1892 389 1917 et
405 1894 509 1917 ventus
524 1893 738 1929 transponant.
772 1888 904 1918 Leiden-

248 1934 303 1964 sis:
326 1935 519 1975 thuejumt
535 1937 687 1976 velumque
703 1942 769 1966 tuas
780 1944 903 1970 ,ventus-

248 1994 303 2023 que
315 1986 444 2015 carinas.
481 1984 623 2014 Scriverii
639 1996 645 2013 ε
677 1984 717 2015 Ut
734 1996 843 2015 moneas
860 1997 904 2016 re·-

248 2044 348 2073 moqne
375 2040 441 2064 tuas
461 2040 602 2074 ventoque
625 2036 756 2064 carinas.
790 2034 821 2064 in
844 2035 904 2065 alio

248 2088 332 2112 erat:
363 2082 459 2123 thue
484 2084 557 2113 volet
583 2093 733 2123 remusque
758 2085 817 2113 tuis
835 2095 902 2114 ven-

249 2138 351 2172 tusque
363 2134 484 2162 carinis.
509 2138 542 2162 ut
560 2133 633 2162 volet
648 2134 761 2162 carinis
779 2132 818 2162 sit
840 2133 904 2163 dic-

247 2185 324 2216 tum,
340 2186 375 2211 ut
397 2182 490 2211 alicui
510 2183 594 2215 velle,
610 2191 663 2222 pro
688 2181 801 2217 favere,
824 2182 904 2212 Stat.

248 2228 290 2259 xi.
304 2229 405 2260 Theb.
423 2231 497 2260 510.
515 2236 545 2260 et
559 2229 666 2260 dubito
679 2230 780 2266 valde,
791 2241 829 2261 an
845 2242 904 2261 non

248 2277 287 2307 ad
313 2288 437 2308 sensum
461 2277 717 2308 accommodatior
746 2277 785 2308 sit
814 2277 906 2319 Regii

248 2325 364 2356 codicis
387 2325 550 2367 scriptura.
575 2332 609 2357 ut
633 2325 718 2361 velit,
736 2326 808 2356 licet
823 2337 906 2368 pros-

249 2375 381 2416 perrima
396 2375 490 2406 utaris
506 2375 712 2416 navigatione,
729 2375 778 2406 vix
802 2381 906 2407 tamen

249 2423 409 2464 pervenies
425 2424 456 2454 in
472 2431 594 2460 terram,
611 2435 705 2465 quam
729 2424 817 2465 petiS,
834 2429 905 2454 ante

249 2479 453 2503 senectutem.
483 2473 597 2503 durare
612 2484 682 2503 vero
698 2473 816 2515 proprie
833 2484 906 2504 ven-

249 2526 298 2551 tus
313 2521 435 2557 dicitur,
452 2527 485 2552 ut
505 2532 587 2563 saepe
609 2521 691 2562 apud
712 2522 859 2552 Nostrum
876 2527 907 2553 et

250 2569 338 2600 alios.
370 2570 444 2601 val.
460 2571 546 2601 Flac.
564 2570 597 2601 ii.
614 2571 688 2601 587.

294 2619 632 2660 Slridentesquejoevunt
650 2631 744 2649 murts.

252 2668 313 2699 Ubi
330 2669 419 2711 plura
436 2670 619 2699 notabimus.
648 2671 726 2699 renti
750 2675 852 2699 autem
877 2675 906 2699 et

250 2719 322 2747 remi
339 2718 428 2748 toties
438 2719 622 2759 junguntur,
639 2725 672 2748 ut
688 2718 847 2759 proverbio
863 2718 905 2748 lo-

250 2776 320 2797 cum
337 2766 490 2798 dederint.
516 2767 558 2797 sic
577 2767 681 2798 Florus
697 2767 729 2797 ii.
752 2768 800 2797 18.
839 2768 902 2798 Man

972 1495 1065 1523 Tentis
1081 1496 1221 1533 remisque
1242 1499 1431 1533 properatum
1447 1498 1499 1522 est.
1528 1497 1559 1522 et
1573 1501 1629 1522 an-

971 1542 1084 1582 tiquos,
1100 1541 1132 1571 in
1147 1542 1252 1583 primis
1272 1541 1366 1572 etiam
1382 1542 1516 1575 AEnean‚
1532 1540 1633 1570 ventis

972 1591 1125 1632 remisque
1149 1590 1311 1631 navigasse
1334 1590 1424 1621 docet
1445 1588 1569 1619 Servius
1591 1589 1630 1619 ad

972 1640 1083 1681 Virgil.
1100 1640 1120 1670 i.
1136 1640 1263 1670 AEneid.
1281 1641 1353 1670 104.
1400 1640 1518 1669 ΒυηΜ.

1019 1691 1088 1720 152.
1103 1689 1197 1730 Inque
1213 1690 1274 1719 loco
1289 1691 1367 1730 regis
1382 1695 1496 1728 sceptra
1511 1694 1630 1717 sacrata

974 1739 1066 1779 tenen]
1086 1739 1152 1780 Ego
1168 1750 1204 1769 ex
1221 1738 1359 1779 vestigiis
1374 1737 1536 1768 Barberini
1552 1737 1631 1768 Vos-

972 1787 1050 1819 siani
1066 1794 1096 1818 et
1112 1787 1272 1819 Leidensis
1286 1786 1427 1818 codicum
1443 1785 1545 1827 recepi
1558 1798 1564 1815 :

1017 1837 1172 1876 Ham-que,
1204 1838 1297 1866 locum
1334 1837 1431 1876 regni,
1460 1841 1631 1875 sceptraque

1059 1897 1141 1916 surra
1160 1892 1237 1915 tene.

974 1935 1063 1965 Hanc
1081 1935 1198 1969 urbem,
1217 1944 1277 1964 non
1297 1932 1394 1968 illam,
1410 1942 1503 1973 quam
1518 1932 1550 1962 in
1566 1933 1630 1963 Ita-

972 1983 1015 2014 lia
1030 1983 1152 2024 quaeris,
1168 1989 1238 2013 tene
1254 1983 1355 2013 locum
1372 1981 1457 2022 regni
1474 1981 1529 2017 tui,
1542 1986 1573 2011 et
1588 1981 1630 2011 ibi

972 2038 1093 2074 sceptra
1108 2043 1194 2062 sacra
1210 2032 1302 2061 habe.
1344 2031 1460 2060 BunM.

1020 2082 1090 2112 155.
1119 2081 1211 2115 Quem
1228 2079 1374 2119 super-en]
1403 2079 1488 2113 Quod
1501 2086 1630 2118 superest

973 2130 1150 2160 Puteaneus
1166 2136 1196 2160 et
1212 2129 1263 2159 alii
1279 2139 1315 2159 ex
1329 2128 1517 2158 melioribus.
1541 2128 1630 2158 Forte

975 2179 1054 2213 Quos
1068 2185 1183 2218 superet
1201 2179 1303 2208 hostes.
1349 2177 1468 2207 Hssms.

1018 2229 1091 2259 157.
1118 2227 1162 2258 Tu
1186 2229 1266 2257 modo
1286 2237 1340 2266 per
1364 2226 1510 2266 pao-eun]
1543 2225 1630 2255 Heu-

973 2287 1104 2307 mannus
1120 2276 1151 2306 in
1167 2277 1293 2317 Parerg.
1311 2274 1446 2306 Criticis.
1463 2285 1536 2317 pag.
1557 2275 1629 2304 118.

973 2325 1066 2366 legit:

1019 2374 1065 2404 Tu
1092 2376 1175 2404 modo
1199 2373 1256 2414 fer
1280 2380 1407 2411 patrem,
1426 2373 1631 2413 fraternaque

1101 2425 1158 2453 tela
1174 2424 1310 2463 sagittas,

1062 2471 1269 2512 Ferquefugoe
1285 2471 1410 2500 comites.

974 2521 1014 2551 Et
1026 2521 1084 2562 fer
1100 2531 1152 2562 pro
1176 2520 1253 2561 refer
1268 2519 1363 2561 capit.
1388 2517 1441 2548 sed
1457 2527 1496 2547 an
1512 2523 1629 2559 repete-

974 2576 1019 2600 ret
1043 2569 1139 2611 patris
1158 2580 1226 2600 ossa
1248 2580 1284 2599 ex
1310 2567 1435 2598 Sicilia?
1458 2577 1529 2608 ergo
1547 2566 1630 2608 prius

973 2619 1109 2650 Siciliam
1135 2618 1260 2649 tendere
1287 2617 1443 2647 debebat?
1471 2622 1501 2646 et
1530 2615 1630 2656 qualis

974 2668 1039 2698 haec
1056 2667 1240 2698 consociatio
1256 2666 1368 2696 ossium
1382 2670 1588 2706 paternorum,
1599 2669 1630 2693 et

974 2717 1102 2748 telorum
1114 2715 1296 2758 Cupidinis?
1342 2715 1458 2744 Burin.
