1849 3198
657 214 955 258 AMORUM.
1006 212 1125 255 LIB.
1160 213 1196 254 I.
1228 215 1269 255 7.

1574 215 1659 255 313

268 334 337 381 At
359 340 430 389 tu,
457 349 556 380 non
581 332 706 379 laetis
730 332 954 378 detracta
978 345 1161 376 corona
1184 329 1392 392 capillis,

336 409 476 457 Dura
499 425 648 472 super
671 409 779 455 tota
805 406 976 452 limina
999 412 1143 452 nocte
1164 407 1294 467 jace.

267 486 344 533 Tu
369 487 598 541 dominae,
626 502 740 532 cum
764 492 813 532 te
839 485 1113 548 projectam
1140 500 1284 531 mane
1304 485 1507 539 videbit,

333 563 592 627 Temporis
618 562 835 609 absumti
860 569 962 608 tam
988 562 1116 608 male
1141 561 1282 608 testis
1309 562 1420 609 eris.
1596 567 1659 610 70

269 639 662 702 Qualiscumque
686 639 810 694 vale,
839 638 1070 701 sentique
1095 638 1324 684 abeuntis
1351 654 1584 695 amorem,

338 710 628 775 Lente‚-·''‘⁹nec
654 715 870 762 admisso
895 715 1053 778 turpis
1080 722 1304 762 amante:
1345 716 1468 762 vale.

271 793 373 839 Vos
399 777 599 856 quoque
625 793 851 839 crudeles
877 792 1035 853 rigido
1062 808 1175 838 cum
1200 791 1368 839 limine
1394 800 1580 856 posteS‚

338 869 578 932 Duraque
603 885 854 916 conservae
879 869 1014 931 ligna
1038 869 1198 916 valete
1223 869 1368 916 fores.

740 1142 1044 1192 ELEGIA
1079 1144 1199 1192 VII.

273 1256 419 1303 Adde
444 1273 618 1304 manus
644 1257 694 1303 in
718 1257 879 1304 vincla
902 1273 1057 1312 meas,
1085 1257 1333 1317 (meruere
1360 1258 1586 1317 catenas)

342 1333 476 1380 Dum
501 1333 634 1380 furor
658 1334 817 1381 omnis
844 1334 963 1390 abit,
992 1334 1032 1381 si
1059 1333 1171 1396 quis
1198 1332 1386 1379 amicus
1413 1334 1549 1380 ades,

275 1409 406 1457 Nam
429 1409 562 1457 furor
587 1411 636 1457 in
661 1412 914 1458 dominam
939 1411 1200 1458 temeraria
1224 1410 1428 1457 brachia
1452 1412 1620 1458 movit.

343 1487 455 1534 Flet
477 1503 590 1534 mea
612 1489 798 1535 vesana
823 1489 943 1536 laesa
966 1489 1135 1552 puella¹
1157 1504 1323 1534 manu.

275 1562 416 1610 Tunc
442 1580 535 1626 ego
560 1565 637 1611 vel
662 1581 802 1611 caros
829 1565 968 1628 potui
993 1565 1174 1611 violare
1200 1571 1456 1627 parentes:
1638 1570 1667 1612 5

344 1640 488 1687 Saeva
509 1641 586 1688 vel
611 1641 661 1687 in
686 1650 884 1689 sanctos
908 1643 1113 1689 verbera
1137 1641 1262 1688 ferre
1290 1641 1444 1687 Deos.

277 1717 444 1771 Quid?
481 1734 579 1765 non
605 1725 656 1765 et
679 1719 828 1783 clipei
852 1720 1082 1767 dominus
1109 1719 1451 1782 septemplicis
1478 1719 1518 1765 A
1520 1721 1609 1781 jax

346 1795 532 1842 Stravit
554 1796 827 1859 deprensos
852 1797 953 1843 lata
976 1813 1065 1860 per
1090 1812 1205 1843 arva
1229 1811 1405 1857 greges
1424 1795 1442 1841 ?

322 1995 374 2024 71.
398 1994 538 2035 Seruique
561 1996 696 2025 abeuntis
716 1995 870 2036 amorem]
894 1996 941 2026 Tu

278 2042 374 2078 lente,
386 2042 440 2084 qui
457 2053 505 2073 me
517 2054 580 2074 non
597 2043 698 2080 audis,
711 2043 847 2075 vicissim
862 2044 942 2075 senti

278 2102 405 2132 gravem
432 2102 578 2129 amorem,
594 2104 655 2134 quo
676 2104 734 2134 ego
750 2093 858 2124 abiens
882 2100 942 2124 tor-

279 2152 385 2182 queor,
412 2152 469 2172 nec
496 2141 636 2183 potiaris,
663 2142 785 2173 etiamsi
808 2142 943 2174 maxime

280 2190 398 2232 cupias,
421 2191 515 2221 etiam
540 2196 605 2227 tua,
631 2202 725 2232 quam
752 2202 850 2222 amas.
876 2191 943 2221 haec

280 2245 327 2269 est
341 2239 388 2270 vis
398 2239 482 2270 vocis
497 2243 619 2271 sentire.
643 2246 677 2271 ut
692 2240 867 2271 notavimus
877 2241 944 2282 jam

279 2299 363 2330 supr.
381 2289 480 2331 Epist.
496 2289 537 2320 ix.
555 2290 608 2320 46.
625 2295 656 2320 et
672 2289 724 2320 xii.
745 2291 792 2320 17.
825 2291 943 2320 Bumt.

324 2338 378 2368 74.
405 2337 550 2379 Duraque
567 2339 732 2379 conset-tm]
751 2338 863 2380 Scripti
879 2338 944 2380 ple-

280 2388 379 2429 rique,
411 2398 446 2418 ae
472 2387 504 2418 in
534 2387 582 2418 his
610 2388 764 2422 meliores,
791 2399 945 2420 conserus.

280 2437 428 2469 Janitoris
444 2448 608 2468 conservas
623 2443 712 2468 vocat
728 2438 817 2468 fores.
833 2437 876 2467 sic
893 2437 945 2468 illc

283 2487 366 2528 apud
380 2487 527 2517 Plautum
540 2487 696 2518 Asinaria.
708 2487 780 2517 Act.
797 2486 830 2517 ii.
844 2487 893 2516 Sc.
903 2485 946 2515 iii.

329 2537 405 2567 Nolo
429 2548 480 2578 ego
494 2537 582 2578 fores
601 2548 754 2567 conservas
778 2547 854 2566 meas
878 2548 896 2565 a
920 2542 947 2565 te

370 2588 564 2617 verberarier.

327 2688 358 2716 2.
383 2686 414 2715 Si
428 2688 491 2726 quis
505 2687 617 2715 {unicus
631 2684 730 2724 mles]
758 2683 808 2714 Sic
824 2682 948 2713 omnino

285 2735 451 2777 legendum
467 2735 519 2775 (ut
534 2733 565 2765 in
582 2732 764 2765 correctiorc
781 2731 887 2763 codice
904 2731 943 2762 vi-

1010 1993 1129 2033 dimus)
1147 2003 1207 2024 non
1220 1994 1314 2023 adest.
1342 1997 1388 2021 est
1404 1996 1508 2022 autem
1524 1991 1597 2021 ordo
1612 2004 1616 2021 :
1645 1994 1672 2023 Ο

1011 2049 1044 2074 tu
1074 2043 1184 2079 amice,
1206 2042 1231 2072 si
1258 2042 1327 2083 quis
1349 2039 1468 2070 amicus
1491 2041 1576 2076 ades,
1599 2042 1673 2073 dum

1011 2091 1110 2122 omnis
1137 2092 1218 2122 furor
1246 2091 1344 2125 abest,
1369 2089 1450 2119 adde
1473 2100 1593 2125 manus,
1616 2092 1675 2121 (Nc.

1011 2142 1164 2171 MAmrs.

1055 2192 1085 2222 5.
1127 2190 1218 2219 Potui
1257 2187 1395 2227 violare]
1435 2187 1675 2228 Neapolitanus,

1013 2240 1141 2269 laniare.
1173 2239 1251 2269 forte
1281 2244 1382 2268 recte:
1417 2247 1506 2267 versu
1534 2238 1615 2267 enim
1646 2238 1678 2269 ii.

1014 2291 1125 2320 violare
1149 2286 1310 2329 repetitur,
1327 2286 1381 2317 ubi
1402 2286 1512 2316 eadem
1535 2287 1678 2318 varietas.

1014 2338 1065 2368 hic
1082 2349 1153 2369 vero
1177 2335 1283 2366 malim
1297 2336 1460 2377 jugulare.
1506 2335 1677 2367 mesus.

1015 2387 1143 2416 Penates
1171 2385 1267 2416 etiam
1291 2384 1482 2414 Puteaneus.
1517 2384 1572 2415 sed
1602 2385 1678 2415 nihil

1015 2441 1111 2466 muta.
1135 2434 1350 2477 gravissimum
1368 2434 1451 2464 enim
1475 2434 1532 2463 hoc
1549 2434 1677 2470 crimen,

1015 2484 1053 2515 de
1081 2496 1143 2526 quo
1172 2483 1237 2514 vid.
1267 2482 1440 2513 Abraham.
1471 2483 1510 2513 ad
1536 2483 1678 2514 Ciceron.

1014 2532 1045 2562 in
1074 2533 1183 2564 Vatin.
1210 2542 1279 2573 cap,
1305 2533 1335 2562 5.
1361 2530 1485 2567 deinde,
1511 2533 1541 2561 in
1564 2539 1680 2562 sanctos

1015 2594 1100 2612 arma
1111 2592 1221 2612 movere
1236 2582 1320 2617 Deos,
1332 2580 1538 2611 Farnesianus
1551 2587 1581 2610 et
1593 2582 1677 2611 Dou—

1016 2641 1058 2661 zae
1075 2630 1184 2661 codex.
1200 2630 1315 2661 rectius
1334 2640 1405 2660 vero
1417 2636 1566 2668 parente&
1586 2640 1678 2669 quam

1014 2686 1133 2720 penates
1160 2679 1231 2720 (qui
1261 2685 1293 2710 et
1321 2678 1378 2720 ipsi
1405 2677 1459 2708 Dii
1482 2677 1584 2718 sunt‚)
1610 2677 1680 2708 Diis

1017 2729 1104 2770 quasi
1120 2733 1328 2771 opponuntur.
1377 2728 1493 2758 Bunnx.
