1849 3198
234 222 317 262 178
615 222 664 262 Ρ.
698 221 911 264 OVIDII
945 222 1223 264 NASONIS

234 336 304 383 At
327 336 446 383 satis
472 344 549 384 est
572 352 730 401 poenee
756 345 976 386 teneram
1001 340 1220 402 mugisse
1245 339 1488 402 puellam:

301 412 427 469 Nec,
455 415 600 461 modo
626 415 904 472 formosam,
932 433 1079 480 posse
1104 418 1299 481 placere
1324 416 1353 463 J
1359 417 1452 464 ovi.

233 490 441 538 Adstitit
464 492 513 538 in
539 492 645 556 ripa
667 493 843 556 liquidi
869 510 995 539 nova
1019 510 1169 541 vacca
1192 494 1428 558 parentis,

302 568 604 633 Cornuaque
629 570 679 616 in
703 570 874 633 patriis
898 586 996 616 uon
1022 587 1112 617 sua
1134 570 1256 618 vidit
1279 571 1452 634 aquis:
1557 572 1621 616 90

234 645 527 710 Conatoque
553 648 694 710 queri
719 648 936 710 mugitus
963 648 1118 694 edidit
1142 664 1252 696 ore:

297 723 588 789 Territaque
613 734 689 773 est
713 725 883 781 forma,
910 725 1081 772 territa
1102 741 1223 772 voce
1249 742 1353 772 sua.

231 801 364 856 Quid
389 802 523 858 furis,
553 803 756 850 infelix?
794 803 914 866 quid
940 810 989 850 te
1014 803 1204 849 miraris
1230 803 1279 848 in
1305 803 1512 849 umbra?

297 879 430 934 Quid
456 897 685 928 numeras
710 881 866 928 factos
893 881 954 928 ad
980 897 1106 928 nova
1130 881 1353 927 membra
1377 880 1568 943 pedes?

229 956 323 1004 Illa
345 957 375 1004 J
380 959 482 1005 ovis
507 960 674 1021 magni
700 960 881 1023 pellex,
908 958 1177 1006 metuenda
1201 958 1369 1013 sorori,
1553 959 1617 1003 95

296 1034 491 1082 Fronde
516 1037 647 1084 levas
674 1038 875 1084 nimiam
901 1037 1279 1100 cespitibusquc
1304 1035 1501 1082 famem.

228 1111 386 1159 Fonte
411 1113 556 1169 bibis,
585 1121 886 1178 spectasque
912 1121 1048 1160 tuam
1073 1113 1353 1176 stupefacta
1376 1113 1613 1175 figuram:

294 1187 361 1235 Et
384 1196 433 1236 te
459 1206 520 1237 ne
545 1189 737 1246 feriant,
766 1207 879 1254 quae
906 1191 1052 1253 geris,
1081 1206 1231 1245 arma,
1259 1191 1421 1237 times.

228 1263 453 1329 Quaeque
479 1268 643 1322 modo,
672 1274 727 1314 ut
751 1268 912 1333 possis
937 1267 1087 1314 etiam
1112 1266 1236 1313 Jove
1262 1267 1414 1328 digna
1436 1265 1608 1320 videri,

292 1342 446 1391 Dives
472 1361 608 1401 eras3
649 1345 783 1391 nuda
807 1345 941 1390 nuda
965 1343 1212 1391 recumbis
1237 1344 1405 1390 humo.
1524 1346 1616 1389 100

267 1451 321 1481 87.
357 1452 521 1493 Mugisse]
559 1453 683 1493 Magire
712 1452 885 1483 Gronovia-

222 1510 291 1537 nus,
309 1501 393 1542 quod
408 1512 468 1532 non
482 1502 638 1545 displicet,
655 1502 729 1543 quia
748 1502 887 1544 sequitur

218 1560 311 1588 passe.
336 1550 453 1580 Bmm.

265 1599 319 1628 91.
346 1599 386 1629 Et
415 1605 522 1630 conata
547 1600 661 1641 queri]
693 1601 884 1632 Puteaneus.

225 1646 340 1678 Concita
361 1649 466 1689 eloqui.
491 1659 571 1679 unus
597 1649 729 1690 Regius,
756 1650 883 1681 Conato-

221 1708 276 1736 que
291 1700 385 1737 queri,
396 1697 479 1739 quod
491 1708 598 1728 verum
613 1704 671 1728 est.
697 1698 741 1730 sic
756 1705 787 1730 et
799 1700 882 1730 Met.

221 1746 242 1777 i.
258 1747 333 1777 637.
359 1747 391 1778 in
415 1747 474 1778 hae
490 1747 600 1778 eadem
616 1748 723 1779 fabula
739 1756 785 1779 est
810 1760 883 1791 pec-

221 1802 338 1832 catum,
360 1796 413 1827 ubi
429 1796 570 1827 similiter
586 1807 623 1827 ex
640 1797 776 1839 antiquis
797 1798 884 1829 libris

218 1845 417 1876 scribendum
432 1858 437 1875 :

266 1895 434 1935 Conatoque
448 1897 532 1935 queri
550 1897 682 1937 mugitus
697 1897 791 1927 edidit
807 1907 867 1926 ore.

221 1943 397 1976 Oscitantia
424 1944 621 1975 librariorum
651 1945 719 1975 loco
743 1956 880 1976 corrum-

219 1993 322 2034 pendo
338 1993 462 2034 utrique
478 2004 604 2024 causam
620 1993 812 2025 hauddubie
827 1994 881 2025 de-

219 2041 276 2078 dit,
291 2042 344 2083 qui
361 2043 404 2073 Τὸ
420 2054 475 2082 que
489 2042 647 2084 geminare
664 2043 878 2083 neglexerant,

220 2098 255 2122 ut
267 2102 349 2133 saepe
367 2092 455 2123 alibi.
481 2093 598 2123 Hflms.

261 2142 316 2171 93.
344 2141 524 2183 Quidfugis
545 2143 674 2184 iigfelia‘?
696 2144 765 2182 qaid
785 2149 811 2172 le
826 2145 880 2172 mi-

218 2193 297 2221 raris
311 2192 343 2220 in
358 2193 441 2222 unda
450 2192 479 2232 ἲ]
509 2192 706 2233 Quidfaris?
729 2191 798 2222 libri
814 2192 880 2233 ple-

218 2240 322 2282 rique:
348 2251 410 2281 quo
424 2242 518 2271 verbo
539 2241 683 2282 designat
705 2241 880 2282 οἰστρηλα-

219 2290 296 2320 clav
312 2289 364 2320 his
388 2300 407 2320 a
423 2290 528 2321 Poetis
548 2296 707 2331 tantopere
729 2290 879 2321 decanta—

218 2345 294 2369 tam.
319 2337 357 2368 de
383 2338 456 2379 suga
481 2350 551 2369 mox
578 2339 691 2380 agitur.
722 2341 751 2369 in
779 2341 879 2369 umbi-a

217 2387 311 2418 etiam
327 2387 513 2418 Puteaneus.
537 2398 608 2418 cum
632 2388 731 2418 altero
750 2388 878 2418 Moreti.

218 2437 878 2479 recte.Namdeundajamdixeratdlmxs.

260 2487 313 2516 95.
340 2486 409 2525 Ipsa
431 2486 514 2516 Jovis
540 2488 641 2528 magni
661 2487 788 2526 pelleiz]
818 2486 879 2517 Illa

217 2535 395 2566 Puteaneus
418 2541 450 2565 et
473 2534 610 2576 quinque
637 2535 711 2573 alii;
735 2541 875 2566 venuste.

216 2584 260 2614 sic:
287 2590 319 2614 et
347 2585 488 2625 sequenti
513 2584 652 2626 Epistola
681 2584 878 2616 scribendum

216 2633 356 2664 videtur:

262 2683 319 2713 Cui
341 2684 422 2713 calar
446 2682 563 2723 iqfvlir,
580 2690 633 2713 aut
660 2685 709 2713 cui
733 2685 878 2723 placuisse

347 2733 356 2761 I
359 2734 470 2762 abaram
480 2734 492 2761 ?

304 2781 362 2811 Ille
376 2783 430 2811 inei
441 2782 542 2811 cultos
558 2783 664 2812 unicus
681 2789 785 2812 intelor-
801 2783 875 2812 ach.

955 1451 1018 1482 Ubi
1033 1452 1111 1481 abest
1126 1461 1208 1482 nunc
1223 1450 1349 1491 legitur.
1394 1450 1509 1482 Statius
1523 1451 1580 1481 lib.
1597 1451 1619 1482 i.

953 1501 1041 1542 Sylv.

1097 1551 1137 1581 Ac
1154 1561 1236 1581 nanc
1251 1556 1362 1581 a‘terna
1378 1551 1498 1581 silentia
1514 1551 1604 1581 lethes

999 1600 1057 1630 Ille
1072 1611 1202 1630 citriorus
1217 1601 1312 1630 habes.

953 1649 1003 1680 Sic
1020 1655 1050 1680 ct
1067 1649 1125 1679 Ille
1141 1661 1203 1691 ego,
1215 1648 1343 1690 passim.
1367 1649 1544 1680 Martianus
1555 1649 1616 1679 Ca—

953 1699 1036 1740 pella
1052 1698 1108 1729 lib.
1126 1710 1155 1729 v.
1203 1698 1395 1728 Pleonasmus
1414 1705 1456 1728 est
1472 1700 1543 1738 plus
1567 1710 1616 1729 ne-

953 1750 1111 1778 cessarium
1134 1747 1212 1789 (leg.
1235 1747 1412 1784 necessario)
1437 1759 1502 1778 cum
1531 1749 1616 1777 rerba

951 1799 1084 1837 quiedam
1107 1798 1243 1832 dicimus,
1268 1808 1326 1827 uun
1351 1799 1544 1827 erzzwitiamlae
1572 1799 1616 1827 rei

953 1847 1126 1880 necessaria,
1140 1847 1188 1876 sed
1201 1847 1421 1887 magnitudinis
1431 1847 1615 1882 amittanda,

952 1902 987 1925 ut
1001 1897 1025 1926 si
1039 1897 1138 1926 dicas:
1163 1896 1314 1925 Antonias
1331 1896 1391 1930 ille,
1406 1906 1472 1925 cum
1488 1895 1612 1937 suffece-

951 1947 993 1975 rit
1008 1956 1112 1976 nomen
1127 1946 1243 1981 disis-sc,
1259 1946 1298 1975 ad
1320 1946 1546 1984 amplitudinem
1561 1948 1615 1976 ad-

941 1996 1069 2034 jicimus
1100 1994 1170 2024 Ille.
1216 1993 1298 2024 Vide
1335 1994 1436 2024 Notas
1462 1994 1555 2026 Trist.
1581 2007 1612 2026 v.

951 2044 1043 2085 Eleg.
1061 2043 1113 2074 vii.
1128 2043 1167 2074 ad
1181 2042 1389 2074 Claudianum
1403 2054 1526 2085 quoque
1537 2055 1614 2075 non-

950 2094 1027 2124 nihil
1039 2094 1105 2135 jam
1121 2092 1199 2123 dixi.
1224 2093 1343 2123 Hfflxs.
1391 2092 1472 2124 Vide
1488 2094 1613 2126 Manut.

951 2143 991 2173 ad
1015 2142 1118 2173 Cicer.
1136 2153 1166 2172 v.
1193 2141 1233 2175 ad
1255 2142 1341 2171 Fam.
1366 2142 1414 2172 12.
1440 2148 1471 2173 et
1495 2153 1550 2173 nos
1572 2144 1612 2174 ad

950 2191 1059 2221 Valer.
1084 2191 1170 2221 Flac.
1195 2189 1260 2221 viii.
1289 2190 1340 2220 16.
1364 2196 1395 2220 et
1419 2191 1458 2221 ad
1483 2192 1610 2223 Petrou.

949 2240 1053 2271 exva

992 2291 1044 2320 96.
1063 2290 1179 2320 Fronde
1190 2290 1297 2329 levas]
1318 2290 1388 2320 Huc
1401 2290 1534 2332 pertinet
1545 2302 1610 2322 vcr-

949 2350 1000 2370 sus
1017 2338 1106 2369 Calvi
1129 2337 1249 2379 antiqui
1266 2339 1370 2369 Po'etae
1396 2338 1428 2369 in
1451 2339 1498 2375 Ιϋ,
1516 2351 1609 2382 quem

948 2390 1024 2420 citat
1038 2387 1162 2418 Servius
1178 2388 1217 2418 ad
1234 2387 1349 2428 virgil.
1364 2387 1407 2418 vi.
1424 2388 1532 2431 Eclog.
1548 2391 1601 2420 47.

991 2438 1036 2467 Ah
1056 2439 1137 2477 virgo
1154 2436 1254 2478 infeli}
1275 2438 1369 2467 herbis
1386 2439 1512 2476 pasceris
1528 2450 1608 2469 ama-

1035 2498 1086 2516 ris.

946 2538 992 2567 Ex
1019 2546 1080 2577 quo
1102 2535 1211 2565 eodem
1233 2535 1381 2567 I'o'e‘matc
1404 2536 1540 2567 Servius.
1568 2537 1607 2568 ad

946 2586 1054 2626 Eclog.
1070 2584 1137 2616 viii.
1155 2586 1185 2616 4.
1202 2585 1296 2616 citat:

989 2634 1037 2664 Sol
1048 2645 1158 2674 (litoque
1168 2641 1322 2673 perpetuos
1333 2636 1465 2664 meminit
1479 2636 1604 2674 requies-

1028 2695 1093 2713 cere
1108 2695 1225 2713 cursus.
1272 2680 1277 2686 ’

945 2733 994 2762 ])e
1010 2731 1116 2763 fronde
1133 2744 1187 2773 pro
1204 2733 1318 2774 pabulo
1330 2733 1404 2764 data
1418 2733 1530 2769 bubus,
1543 2733 1606 2765 vid.

945 2782 984 2812 ad
1001 2782 1125 2812 J’liaedr.
1141 2781 1172 2812 ii.
1190 2783 1221 2812 8.
1249 2783 1320 2812 an
1329 2794 1365 2812 31.
