1849 3198
668 193 966 237 AMORUM.
1017 193 1137 235 LIB.
1172 193 1210 235 I.
1241 193 1283 235 2.

1589 197 1673 238 301

282 312 420 360 Laeta
443 310 766 376 triumphanti
792 310 856 357 de
881 324 1075 356 summo
1103 307 1268 357 Mater
1295 308 1517 374 Olympo

349 389 564 437 Plaudet
583 374 686 448 piet
709 387 964 452 adpositas
989 393 1191 450 sparget
1214 387 1265 434 in
1289 403 1375 434 ora
1400 403 1553 435 rosas.
1608 390 1675 435 40

280 465 372 521 Tu,
400 452 589 530 pennas
616 465 832 528 gemma,
861 463 1061 526 gemma
1087 463 1307 511 variante
1333 464 1557 528 capillos,

349 542 453 590 Ibis
479 543 529 590 in
554 543 738 590 auratis
764 556 942 588 aureus
968 539 1077 603 ipse
1102 539 1239 586 rotis.

280 619 408 666 Tum
428 636 630 683 quoque
649 635 747 667 non
765 633 953 682 paucos
970 616 1034 679 (si
1054 625 1105 664 te
1119 617 1248 664 bene
1265 617 1516 680 novimus)
1532 635 1669 667 ures:

347 697 475 744 Tum
502 713 705 761 quoque
729 694 1019 760 praeteriens
1043 694 1248 741 vulnera
1271 695 1429 741 multa
1452 695 1612 742 dabis.

281 774 397 822 Non
422 782 634 839 possunt
657 775 798 838 <licet
822 774 930 838 ipse
955 771 1100 833 velis)
1126 786 1324 819 cessare
1350 771 1561 834 sagittae.
1609 776 1672 819 45

349 851 559 899 Fervida
581 852 742 899 vicino
768 851 971 898 flamma
993 864 1174 913 vapore
1199 855 1362 896 nocet.

280 927 415 976 Talis
440 936 546 976 erat
568 929 759 977 domita
788 927 1021 975 Bacchus
1048 926 1332 988 Gangetide
1357 927 1508 973 terra.

345 1005 421 1053 Tu
447 1008 608 1069 gravis
634 1007 862 1062 alitibus;
901 1004 1113 1066 tigribus
1139 1005 1220 1052 ille
1245 1004 1353 1051 fuit.

282 1081 430 1145 ErgO,
458 1100 552 1147 ego
576 1101 691 1132 cum
716 1082 904 1147 possim
930 1081 1056 1128 sacri
1082 1097 1196 1144 pars
1224 1097 1335 1129 esse
1360 1081 1614 1145 triumphi,

347 1160 507 1209 Parce
531 1169 643 1209 tuas
670 1161 719 1208 in
744 1176 824 1208 me
848 1159 1074 1224 perdere,
1101 1159 1271 1214 victor,
1299 1175 1438 1222 opes.

278 1314 356 1356 ejus,
384 1315 481 1346 Error
507 1323 538 1347 et
568 1316 669 1346 Furor
691 1316 749 1347 Sec.
777 1322 810 1346 ut
830 1314 943 1345 Martis

282 1363 382 1394 Pavor
401 1371 432 1395 et
451 1365 552 1396 Metus
566 1366 627 1396 ἃς.
651 1365 730 1396 illud
752 1366 879 1400 militiis,
894 1373 939 1394 se-

280 1412 396 1453 quioris
418 1414 477 1445 aevi
500 1420 558 1451 est,
574 1426 634 1456 quo
648 1416 786 1444 militiam
811 1424 865 1455 pro
888 1423 941 1443 ex-

280 1461 378 1492 ercitu
404 1468 436 1493 et
459 1463 612 1495 militibus
636 1464 794 1494 dicebant.
818 1462 857 1493 de
881 1472 942 1503 quo

279 1509 370 1542 alias.
416 1513 533 1544 Burni.

324 1560 379 1590 38.
407 1561 592 1603 Commoda]
630 1561 832 1593 Incommode
860 1567 943 1592 certe

282 1617 351 1643 vox,
368 1619 437 1650 qua:
462 1610 501 1641 de
521 1610 656 1653 praemiis
671 1611 806 1641 militum
829 1610 942 1652 passim

281 1658 424 1695 occurrit,
440 1660 494 1691 sed
512 1661 583 1691 huic
604 1661 672 1691 loco
687 1659 814 1690 minime
830 1670 941 1691 conve-

281 1706 339 1737 nit.
364 1707 513 1740 Francius
528 1710 703 1751 conjecerat
714 1711 848 1751 agmina,
860 1709 943 1750 quod

281 1755 306 1785 si
318 1756 412 1787 MSS.
431 1757 613 1789 addicerent
627 1758 726 1789 multo
740 1759 842 1799 aptius
853 1764 944 1788 esset.

281 1803 337 1834 sed
367 1804 443 1836 forte
473 1806 594 1838 Ironice
630 1806 883 1847 intelligendum,
910 1814 944 1838 ut

281 1853 392 1885 castris
415 1855 582 1897 Cupidinis
604 1856 775 1887 militantes
790 1867 845 1898 pro
860 1867 942 1887 com-

282 1902 392 1940 modis,
408 1915 540 1936 errorem
557 1911 588 1936 et
602 1906 734 1936 furorem
750 1915 944 1947 consequan-

284 1960 343 1984 tur.
388 1953 477 1984 Idem
508 1955 658 1985 Francius
685 1954 891 1996 adscripserat
913 1966 944 1985 e-

284 2001 358 2032 tiam
388 2002 470 2034 male
495 2003 572 2034 alios
601 2004 716 2045 legere,
746 2005 851 2034 nullus
873 2006 943 2034 eris.

284 2051 400 2082 aniu.

327 2101 379 2132 41.
404 2101 544 2143 Gemma]
572 2103 792 2144 Fragmentum
808 2103 945 2144 Regium

283 2155 313 2180 et
331 2150 560 2193 Neapolitanus
575 2152 673 2183 codex
698 2163 770 2183 curn
793 2153 946 2195 excerptis

283 2200 449 2241 Scaligeri:

330 2249 375 2279 Τιι
395 2261 509 2290 pennus
527 2262 652 2291 gemma,
671 2262 786 2293 gemma
808 2253 946 2282 variante

370 2300 503 2338 capillos.

286 2348 390 2383 Quam
412 2358 517 2378 veram
538 2359 604 2379 esse
621 2348 804 2390 scripturam
828 2360 865 2380 ne
888 2349 943 2380 du-

284 2396 360 2427 bita.
384 2396 520 2428 Remed.
537 2397 644 2429 Amor.
660 2399 714 2429 39.

332 2445 404 2476 Hoec
419 2457 480 2487 ega.
496 2449 583 2477 morit
602 2448 690 2477 Amor
712 2453 874 2486 gemmatas
892 2458 946 2476 (ιιι-

374 2506 442 2526 reus
456 2498 532 2532 ulus,

333 2544 372 2574 Et
394 2546 476 2581 mihi,
505 2546 689 2585 Propositum
714 2545 832 2585 perfice.
859 2547 945 2580 distr,

372 2605 454 2634 opus.

291 2643 352 2673 Ubi
368 2655 491 2674 aureum
513 2648 603 2674 vocat
628 2645 772 2678 Amorem,
795 2644 948 2685 quomodo

290 2698 317 2721 el
336 2692 384 2724 liic
409 2705 497 2724 versu
515 2693 665 2735 proximo.
686 2693 727 2724 ita
744 2694 818 2734 ἔρως
833 2705 946 2734 χρυσω-

291 2742 406 2782 χαῖτας
421 2742 608 2772 Anacreonti
628 2742 741 2772 (lictus.
760 2754 820 2782 qun
838 2742 944 2772 :illudit

1610 1162 1674 1206 50

1012 1313 1169 1345 Lucianus
1179 1313 1211 1344 in
1222 1313 1359 1344 Hercule
1370 1312 1496 1344 Gallico
1506 1313 1562 1344 sub
1572 1313 1676 1345 finem.

1008 1370 1189 1401 gemmatum
1207 1369 1347 1393 temonem
1363 1362 1470 1393 Amori
1485 1362 1539 1393 dat
1558 1362 1676 1393 Statius

1010 1413 1096 1454 Sylv.
1111 1413 1169 1443 lib.
1186 1412 1208 1443 i.
1226 1413 1313 1453 Sylv.
1330 1412 1365 1442 ii.
1386 1413 1459 1443 145.
1483 1413 1547 1442 alas
1569 1419 1673 1442 autem

1010 1474 1117 1493 aureas
1139 1462 1290 1493 Moschus
1315 1461 1348 1492 in
1374 1460 1532 1492 Po'einatis
1551 1461 1590 1492 de
1609 1462 1672 1492 He—

1012 1514 1083 1543 lena
1099 1519 1130 1542 et
1154 1511 1279 1548 Paride,
1294 1511 1348 1542 ubi
1373 1510 1522 1541 describit
1544 1510 1674 1553 Cupidi-

1011 1572 1081 1592 nem
1099 1560 1138 1591 ad
1155 1559 1301 1591 Paridem
1316 1559 1494 1591 venientem
1508 1571 1513 1588 :

1057 1613 1104 1649 Βῆ
1120 1609 1144 1640 δ’
1161 1609 1213 1640 ἐπὶ
1234 1607 1421 1651 χρυσειῄσιν
1443 1607 1675 1650 ἀποπτάμενος

1097 1658 1323 1700 πτερύγεσσιν.

1012 1709 1052 1739 Et
1067 1708 1111 1739 ita
1122 1708 1347 1749 Aristophanes
1363 1707 1395 1738 in
1408 1707 1538 1738 Avibus.
1562 1707 1676 1738 Noster

1012 1763 1118 1789 autem
1131 1757 1286 1787 Remedio
1297 1757 1407 1787 Amor.
1423 1757 1497 1787 701.
1507 1768 1676 1796 purpureas

1012 1807 1070 1849 ipsi
1094 1808 1158 1837 (ilas
1184 1806 1251 1836 dat.
1275 1811 1378 1848 posset
1400 1811 1431 1836 et
1456 1807 1573 1836 variate
1598 1805 1674 1847 legi,

1012 1866 1072 1885 non
1087 1854 1232 1885 insolenti
1248 1854 1430 1885 Graecismo.
1476 1854 1596 1885 mes.

1055 1906 1106 1935 44.
1133 1903 1341 1944 Proeteriens]
1369 1902 1493 1934 Alludit
1508 1903 1547 1934 ad
1562 1904 1673 1945 praeci-

1013 1964 1106 1995 puam
1129 1953 1257 1983 istorum
1278 1951 1394 1982 ducum
1417 1951 1557 1992 gloriam,
1574 1952 1628 1994 qui
1643 1952 1675 1984 in

1012 2002 1136 2044 agmine
1160 2008 1191 2032 et
1213 2001 1334 2037 itinere,
1350 2012 1411 2031 non
1436 2001 1587 2032 instructa
1608 2002 1675 2033 acic

1013 2051 1176 2082 debellant
1202 2050 1326 2081 hostes:
1352 2060 1415 2091 qua
1443 2049 1538 2080 laude
1566 2061 1675 2081 ornare

1014 2111 1085 2131 suos
1101 2101 1232 2137 Heroas,
1247 2099 1458 2141 Panegyricos
1473 2099 1606 2140 egregiis
1622 2110 1676 2131 ex-

1013 2149 1124 2192 emplis
1136 2149 1242 2180 docuit
1254 2148 1510 2191 diligentissimus
1518 2149 1677 2181 Bai-thius.

1015 2199 1053 2231 ad
1078 2199 1191 2230 Claud.
1216 2198 1257 2229 iv.
1282 2199 1377 2229 Cons.
1403 2198 1522 2228 Honor.
1546 2209 1577 2228 v.
1603 2199 1677 2230 460.

1014 2250 1128 2291 quibus
1135 2248 1216 2280 adde
1228 2247 1334 2279 Sidon.
1345 2247 1438 2290 Apol.
1451 2247 1569 2289 Paneg.
1578 2248 1677 2280 Anth.

1013 2301 1089 2331 589.

1060 2349 1100 2379 Er
1119 2352 1207 2389 cujus
1230 2348 1324 2379 solum
1348 2348 1467 2378 amissas
1487 2353 1550 2386 post
1575 2348 1676 2378 secula

1101 2399 1198 2428 multa

1062 2448 1234 2477 Pannonias
1260 2446 1408 2476 revocavit
1432 2446 1504 2480 iter,
1520 2446 1589 2483 jam
1615 2455 1676 2475 cre-

1101 2499 1171 2526 ‹lere
1181 2501 1348 2534 proruptura
1363 2501 1404 2525 est

1061 2543 1248 2585 Quidfaciet
1266 2545 1359 2574 bellis.
1408 2543 1524 2573 Burni.

1059 2595 1112 2624 47.
1140 2594 1261 2623 Domita
1278 2593 1448 2633 Gangetide
1463 2591 1576 2632 terrm]
1595 2591 1674 2622 Sub-

1017 2650 1087 2675 acta
1103 2642 1207 2673 India.
1227 2641 1281 2672 lib.
1299 2641 1340 2673 iv,
1366 2642 1499 2671 Metam.
1517 2647 1548 2670 ct
1563 2640 1617 2671 lib.
1633 2640 1677 2670 iii.

1018 2694 1101 2723 Fast.
1149 2692 1240 2721 (7101.
