1849 3198
224 209 309 250 294
615 205 664 246 Ρ.
700 204 914 247 OVIDII
947 203 1229 246 NASONIS

231 323 416 370 Durius
442 329 491 368 et
515 321 640 367 ferro
665 337 778 367 cum
805 321 868 366 sit
892 320 981 366 tibi
1008 326 1199 383 pectus,
1229 319 1435 376 Aconti;

295 399 371 446 Tu
395 399 588 445 veniam
616 397 796 444 nostris
822 397 1027 444 vocibus
1052 397 1160 460 ipse
1187 403 1344 459 petas,
1524 400 1621 443 230

231 477 310 524 Ne
334 482 502 522 tamen
529 476 740 537 ignores,
769 490 864 536 ope
890 473 989 535 qust
1014 473 1317 520 revalescere
1343 474 1558 536 possim:

296 552 545 607 Quaeritur
570 569 597 599 a
625 551 835 615 Delphis
861 550 962 597 fata
986 557 1197 597 canente
1225 550 1351 597 Deo,

230 631 282 677 Is
307 646 508 693 quoque
534 629 702 676 nescio
729 644 896 691 quam,
921 644 1052 674 nunc
1077 635 1131 674 ut
1151 644 1276 690 vaga
1299 628 1431 676 fama
1455 644 1620 675 susur-

298 705 595 769 Neglectam
622 704 844 768 queritur
868 704 1010 750 testis
1036 704 1220 751 habere
1245 705 1410 751 fidem.
1506 706 1619 766 [rat‚

231 783 341 831 Hoc
369 784 507 830 Deus
533 790 584 830 et
608 789 762 837 vates,
791 781 883 827 hoc
910 787 960 827 et
984 797 1097 827 mea
1121 782 1341 829 carmina
1363 782 1567 829 dicunt:

297 861 365 907 At
388 861 570 908 desunt
593 866 707 906 voto
733 858 954 906 carmina
978 858 1111 904 nulla
1136 865 1236 905 tuo.
1525 861 1621 904 236

232 937 381 985 Unde
406 938 495 984 tibi
522 937 655 984 favor
681 936 795 982 hic?
833 934 927 981 nisi
953 935 1089 996 quod
1127 951 1254 982 nova
1277 935 1400 983 forte
1429 942 1625 999 reperta

297 1014 422 1068 Quae
448 1014 614 1077 capiat
637 1029 845 1075 magnos
872 1013 1014 1058 litera
1038 1013 1167 1059 lecta
1194 1013 1347 1060 Deos.
1506 1014 1621 1074 [est‚

230 1091 402 1154 Teque
428 1098 629 1138 tenente
652 1090 803 1144 Deos,
832 1106 1016 1136 numen
1042 1106 1224 1152 sequor
1250 1091 1358 1153 ipsa
1378 1090 1620 1137 Deorum:

299 1168 481 1232 Doque
505 1168 666 1214 libens
691 1167 846 1214 victas
873 1167 922 1213 in
947 1174 1034 1215 tua
1057 1174 1171 1215 vota
1196 1184 1389 1215 manus.

274 1406 350 1437 234.
377 1405 553 1446 Neglectam
574 1407 713 1446 queritur
737 1409 816 1436 testis
840 1407 893 1436 lm-

230 1455 437 1497 berefidemJ
463 1456 539 1486 Jure
558 1455 792 1497 inexplicabilia
817 1456 896 1492 haec,

231 1510 265 1536 ut
276 1515 357 1536 nunc
369 1504 525 1545 leguntur,
538 1503 718 1545 pronuntiat
730 1504 896 1546 Micyllus,

229 1555 285 1585 sed
302 1560 335 1585 ut
351 1553 465 1595 aliquis
476 1564 585 1584 sensus
601 1554 812 1595 appareat,ita
825 1565 898 1585 con—

231 1603 391 1634 stituerem
403 1614 408 1631 ;

276 1653 307 1683 Is
319 1663 430 1693 quoque
450 1653 544 1681 nescio
559 1663 658 1691 quam,
675 1664 756 1682 ment·
774 1658 806 1682 ut
822 1664 897 1694 virga.

350 1702 444 1742 firma
458 1708 610 1736 susurrat,

320 1750 494 1790 Neglectmn
517 1751 667 1790 queritur,
685 1752 776 1786 testis,
793 1752 897 1781 haltere

352 1799 460 1838 fidem.

281 1848 316 1877 Ει
335 1847 417 1878 Deus
441 1849 491 1878 hoc
510 1854 599 1884 vates,
615 1849 665 1878 hoc
685 1854 712 1878 et
737 1850 810 1878 mihi
829 1861 896 1879 car-

363 1899 444 1927 mina
459 1899 580 1927 dicunt.

278 1948 343 1987 (Ah
358 1947 369 1976 Ι
405 1949 510 1978 desum
540 1954 604 1977 voto
641 1950 777 1978 carmina
812 1949 899 1979 nulla

365 1997 444 2037 tim.)

235 2047 266 2076 Is
292 2047 389 2083 Deus,
403 2046 490 2077 testis
512 2052 544 2077 et
568 2048 682 2077 arbiter
696 2047 899 2089 jurisjurandi

234 2095 307 2131 mei,
331 2097 470 2136 queritur
490 2095 595 2126 nescio
615 2105 721 2137 quam,
739 2096 897 2136 (nomina-

233 2143 289 2174 tim
306 2145 389 2175 enim
399 2145 559 2175 oraculum
576 2155 638 2175 non
651 2145 748 2175 solere
763 2145 900 2186 aliquem

234 2193 397 2234 designare
413 2199 542 2235 apparet
554 2193 649 2224 etiam
665 2204 702 2224 ex
721 2194 818 2236 Epist.
835 2195 900 2225 xiii.

236 2243 289 2273 93.

280 2291 347 2321 Sors
356 2303 468 2331 qaoque
482 2293 579 2322 nescio
590 2291 752 2332 quemsato
764 2292 902 2332 designat

323 2340 457 2381 iniquo.)

236 2390 351 2421 habere
366 2390 543 2430 neglectam
558 2389 664 2419 fidem.
682 2391 762 2419 testis
774 2395 820 2419 est
835 2389 901 2431 ipse

238 2438 338 2468 Deus.
361 2443 395 2468 ut
410 2437 559 2480 superiori
576 2437 718 2479 Epistola
732 2438 806 2468 212.

283 2487 352 2517 Esse
389 2493 473 2517 tuam
507 2488 636 2517 vinctam
673 2489 796 2518 numine
833 2493 903 2519 teste

313 2538 423 2576 fidem.

239 2587 321 2616 Nam
332 2585 446 2617 millies
460 2584 503 2615 ita
516 2584 658 2616 inhaere
671 2584 793 2616 dicitur.
820 2586 900 2627 Neg-

239 2637 344 2666 lectam
369 2637 467 2675 fidem
495 2635 600 2665 habere
629 2639 711 2665 recte
739 2634 901 2675 Crispinus

237 2684 375 2727 explicat
408 2693 463 2726 pro
501 2683 670 2726 negligere,
711 2689 743 2714 ut
772 2684 899 2715 Terent.

1526 1170 1625 1214 240

964 1407 1047 1437 Eun.
1062 1407 1093 1438 iri.
1108 1408 1140 1437 3.
1190 1408 1380 1447 Despz‘catam
1400 1407 1626 1436 ‹zcloeescentinm

964 1457 1081 1487 habere.
1129 1456 1250 1493 Cicero,
1275 1457 1400 1486 dunzitas
1426 1456 1530 1485 habere
1557 1456 1625 1485 libi-

966 1507 1049 1536 dines
1064 1511 1095 1536 et
1109 1505 1232 1535 similia.
1255 1504 1279 1535 si
1305 1504 1444 1545 legamus
1459 1514 1530 1534 vero
1547 1504 1630 1534 Deus

966 1560 997 1584 et
1014 1561 1104 1591 vates,
1120 1553 1343 1595 intelligendus
1363 1553 1506 1584 sacerdos
1520 1558 1553 1584 et
1574 1564 1628 1584 aa·

967 1603 1054 1633 tistes
1070 1603 1190 1645 templi.
1215 1602 1269 1633 sed
1287 1601 1406 1637 malim,
1426 1601 1467 1631 Et
1480 1602 1562 1632 Deus
1577 1603 1629 1633 hoc

966 1659 1056 1687 vales,
1068 1657 1102 1682 ut
1117 1651 1232 1693 Apollo
1245 1651 1309 1692 ipse
1320 1649 1522 1691 intelligatur,
1534 1662 1628 1692 quem

965 1707 1059 1731 vatem
1076 1700 1139 1730 dici
1156 1700 1331 1730 videbimus
1345 1699 1384 1729 ad
1400 1698 1421 1729 i.
1440 1699 1548 1730 Amor.
1564 1700 1630 1731 viii.

965 1751 1018 1780 59.
1041 1749 1156 1780 deiude
1174 1760 1238 1779 mea
1253 1750 1388 1778 carmina
1414 1753 1538 1790 possent
1560 1749 1629 1790 qui-

967 1798 1039 1829 dem
1055 1797 1204 1840 explicari
1220 1797 1295 1827 mihi
1312 1807 1366 1838 per
1388 1797 1547 1828 oraculum
1564 1798 1628 1828 edi-

967 1853 1011 1883 ta,
1026 1847 1080 1878 sed
1105 1858 1177 1877 cum
1199 1858 1261 1877 mea
1286 1851 1317 1877 et
1338 1848 1424 1882 mihi,
1447 1853 1503 1877 tucn
1522 1852 1553 1877 et
1578 1849 1631 1878 tibi

967 1896 1085 1926 centies
1100 1895 1183 1937 apud
1200 1895 1348 1926 Ovidium
1366 1906 1384 1926 a
1398 1895 1531 1926 librariis
1546 1906 1630 1926 com-

966 1945 1078 1976 mutari
1093 1945 1223 1980 soleant,
1238 1943 1344 1974 malim
1367 1946 1438 1974 mihi
1453 1945 1572 1975 dicunt.
1597 1951 1632 1976 nt

967 1994 1050 2036 quod
1071 2000 1164 2025 antea
1179 1995 1305 2031 famam,
1321 2004 1390 2035 quae
1414 1993 1548 2024 mendax
1564 2004 1632 2026 esse

968 2049 1079 2084 potest,
1108 2054 1265 2074 susurrare
1302 2042 1425 2079 dixerit,
1459 2053 1541 2073 nunc
1571 2043 1630 2075 sibi

968 2103 1092 2133 quoque
1105 2100 1245 2123 constare
1260 2103 1298 2123 ex
1314 2091 1381 2133 ipso
1399 2091 1461 2122 Dei
1474 2102 1631 2133 responso,

967 2141 1156 2172 carminibus
1169 2141 1263 2177 edito,
1281 2141 1423 2171 affirmet.
1446 2140 1513 2170 haec
1529 2141 1633 2173 omnia

968 2190 1098 2232 suspirio
1111 2190 1247 2231 quodam
1261 2189 1432 2220 concludit.
1476 2190 1548 2219 Ah!
1571 2190 1632 2229 (ita

969 2245 1052 2270 recte
1074 2239 1167 2270 etiam
1183 2238 1346 2281 Crispinus
1370 2237 1523 2279 conjecit)
1543 2239 1632 2270 nulla

970 2288 1119 2325 carmina,
1135 2299 1236 2329 neque
1252 2294 1319 2323 tua,
1336 2288 1450 2329 quibus
1473 2298 1521 2318 me
1538 2287 1631 2319 dece—

969 2338 1053 2380 pisti,
1075 2348 1176 2379 neque
1197 2336 1364 2379 Apollinis,
1381 2336 1436 2367 tibi
1457 2336 1580 2373 desunt,
1598 2342 1632 2367 ut

970 2392 1041 2417 voto
1055 2386 1182 2428 potiaris
1204 2391 1272 2416 tuo.
1318 2385 1382 2422 Qui
1404 2383 1533 2415 meliora
1550 2390 1632 2416 attu—

970 2436 1050 2472 lerit,
1065 2435 1198 2465 libentes
1212 2433 1240 2465 ei
1254 2444 1462 2474 assurgemus
1485 2434 1605 2465 BunM.

1013 2487 1088 2516 238.
1114 2484 1252 2524 capiam]
1280 2484 1368 2514 Male
1390 2482 1553 2525 Micyllus,
1576 2483 1632 2515 de-

970 2535 1076 2570 lectet,
1091 2538 1213 2563 moveat
1230 2532 1381 2574 explieat:
1407 2536 1453 2562 est
1465 2530 1547 2562 enim
1563 2531 1631 2563 elu-

970 2584 1035 2619 dat,
1062 2582 1163 2617 fallat,
1189 2588 1223 2612 ut
1248 2591 1331 2622 supr.
1348 2591 1427 2611 vers.
1461 2580 1532 2616 104,
1561 2580 1632 2617 115,

974 2633 1044 2663 122,
1082 2637 1115 2662 ut
1144 2641 1216 2671 ergo
1243 2641 1292 2660 me
1315 2629 1406 2660 litera
1431 2629 1566 2671 decepit,
1587 2629 1632 2661 ita

971 2683 1046 2714 forte
1064 2691 1143 2712 nova
1158 2680 1243 2711 Deos
1258 2671 1404 2721 decipiat.
1430 2679 1546 2709 anm.
