1849 3198
181 155 269 195 472
578 148 628 190 Ρ.
662 146 877 190 OVIDII
910 144 1193 189 NASONIS

189 268 331 323 Quis,
359 267 454 313 nisi
478 264 659 312 mentis
685 264 846 327 inops,
874 271 1058 310 tenerae
1083 263 1332 311 declamet
1356 262 1561 310 amicae?

260 344 407 407 Saepe
432 343 601 389 valens
628 340 729 387 odii
746 340 889 387 litera
912 355 1091 386 caussa
1107 339 1215 387 fuit.
1485 341 1583 387 466

193 423 272 470 Sit
294 421 385 468 tibi
410 418 662 468 credibilis
688 434 867 475 sermo,
895 424 1237 481 consuetaque
1260 418 1438 467 verba:

258 498 454 546 Blanda
476 504 661 552 tamen,
688 512 909 560 praesens
934 502 989 542 ut
1012 495 1211 543 videare
1234 496 1389 558 loqui.

193 576 247 623 Si
268 592 366 622 non
391 573 606 638 accipiet
629 572 885 636 scriptum,
911 571 1238 635 illectumque
1262 573 1507 631 remittet;

261 652 527 699 Lecturam
552 665 719 714 spera:
760 648 1174 712 propositumque
1194 656 1326 697 tene.
1489 653 1588 697 470

192 729 439 793 Tempore
464 727 688 775 difficiles
712 726 917 773 veniunt
941 726 1003 772 ad
1030 733 1192 773 aratra
1209 727 1435 790 juvenci:

259 807 506 870 Tempore
529 805 665 852 lenta
687 803 791 868 pati
815 802 954 850 frena
977 803 1220 850 docentur
1244 806 1385 868 equi:

196 885 405 933 Ferreus
431 883 640 931 adsiduo
665 881 974 929 consumitur
998 882 1210 929 annulus
1235 897 1353 930 usu:

263 961 441 1009 Interit
465 960 676 1008 adsidua
700 974 870 1006 vomer
895 958 1118 1005 aduncus
1144 959 1312 1007 humo.

198 1038 330 1096 Quid
357 1038 517 1102 magis
543 1045 621 1086 est
644 1053 766 1085 saxo
791 1037 1000 1084 durum?
1038 1036 1161 1100 quid
1186 1037 1382 1084 mollius
1408 1039 1575 1086 unda?

264 1119 404 1166 Dura
426 1124 596 1165 tamen
620 1116 755 1163 molli
781 1131 904 1163 saxa
927 1122 1165 1162 cavantur
1189 1114 1336 1178 aqua.
1492 1118 1589 1163 476

198 1198 489 1260 Penelopen
514 1196 674 1259 ipsam
700 1196 893 1258 (persta
916 1191 1087 1253 modo>
1112 1200 1336 1256 tempore
1360 1192 1545 1240 vinces.

268 1274 433 1338 Capta
454 1273 593 1321 vides
620 1288 729 1319 sero
756 1271 1027 1333 Pergama3
1068 1277 1218 1333 capta
1241 1277 1434 1317 tamen:

202 1351 417 1414 Legerit‚
444 1357 495 1398 et
519 1349 642 1396 nolit
666 1348 963 1404 rescribere3
1004 1363 1184 1410 cogere
1210 1347 1326 1394 noli.

265 1429 341 1475 Tu
367 1428 515 1475 modo
541 1426 807 1474 blanditias
833 1426 910 1473 fac
935 1425 1070 1488 legat
1093 1441 1255 1488 usque
1280 1433 1408 1472 tuas.
1497 1428 1595 1472 480

202 1506 328 1561 Quae
352 1505 507 1553 voluit
531 1505 730 1568 legisse,
757 1505 889 1552 volet
914 1503 1185 1551 rescribere
1210 1503 1371 1550 lectis.

271 1583 369 1630 Per
393 1598 625 1629 numeros
650 1581 851 1629 venient
876 1581 971 1627 ista
997 1580 1284 1643 gradusque
1310 1596 1441 1628 suos.

205 1660 433 1709 Forsitan
458 1665 512 1707 et
535 1659 694 1723 primo
719 1658 885 1706 veniet
908 1658 999 1705 tibi
1024 1659 1168 1705 litera
1190 1657 1369 1715 tristis;

271 1736 500 1800 Quaeque
525 1743 682 1800 roget,
709 1753 772 1784 ne
797 1753 851 1784 se
877 1736 1141 1784 sollicitare
1166 1735 1305 1783 velis.
1501 1739 1597 1784 484

207 1814 354 1870 Quod
376 1806 517 1876 rogat
540 1813 640 1870 illa,
668 1814 833 1862 timet:
873 1814 1009 1878 quod
1033 1829 1131 1860 non
1167 1819 1324 1875 rogat,
1362 1819 1518 1877 optat,
1546 1820 1602 1861 ut

270 1891 568 1955 Insequere3
588 1898 639 1940 et
650 1892 750 1940 voti
765 1891 1030 1956 postmodo
1046 1906 1252 1954 compos
1269 1890 1381 1938 eris.
1404 1891 1599 1953 [instes.

205 2015 249 2046 sic
265 2014 406 2046 divinum
427 2014 508 2046 illud
528 2014 665 2056 Augusti
679 2020 872 2057 praeceptum
985 2015 1191 2055 Consuetaque
1219 2013 1339 2054 verbm]
1379 2013 1456 2050 Alii,
1485 2014 1602 2045 consul-

206 2063 389 2105 Agrippinae
403 2064 502 2106 Nepti
514 2064 635 2099 datum,
650 2064 734 2106 apud
746 2064 873 2095 Sueton.
942 2071 1040 2104 taque.
1063 2064 1122 2094 hoc
1149 2069 1196 2094 est
1221 2068 1326 2100 cauta,
1349 2062 1527 2105 prudentia.
1549 2063 1605 2094 sed

207 2123 277 2154 cap.
288 2112 409 2144 lxxxvi.
422 2114 470 2144 sed
484 2124 555 2153 opus
567 2119 608 2144 est
620 2115 693 2144 dare
706 2120 733 2144 te
744 2124 873 2153 operam,
942 2113 1075 2144 alterum
1090 2117 1228 2154 praestat.
1264 2112 1438 2143 HmNsws.
1476 2112 1603 2143 Consul-

207 2172 245 2192 ηε
265 2162 382 2192 moleste
409 2163 519 2193 scribas
546 2168 602 2192 aut
631 2163 772 2203 loquaris.
802 2162 875 2194 vide
942 2168 1030 2202 taque
1044 2163 1143 2198 verba,
1159 2161 1285 2203 quidam
1298 2173 1307 2200 3
1330 2161 1426 2198 male,
1445 2168 1476 2193 et
1494 2172 1605 2204 repug-

210 2211 346 2242 Vavass.
363 2211 402 2242 de
418 2210 447 2242 vi
463 2216 495 2242 et
510 2222 568 2241 usu
585 2211 790 2253 quorumdam
807 2222 874 2242 ver-2
942 2222 1020 2242 nans
1036 2221 1107 2242 cum
1124 2210 1315 2253 praecedenti
1327 2222 1380 2242 nec
1394 2214 1433 2242 sis
1452 2213 1485 2242 in
1497 2212 1608 2253 fronte

210 2260 331 2292 borum.
353 2270 427 2302 pag.
449 2261 482 2291 7.
503 2259 609 2301 inepte
637 2261 763 2291 Merula
778 2272 874 2302 expo—
944 2263 1081 2292 disertus.
1126 2261 1246 2291 Amn.

209 2310 282 2346 suit,
334 2308 437 2340 minus
484 2309 618 2340 amicam
671 2309 874 2341 delectantia.
987 2310 1061 2341 475.
1083 2310 1165 2344 Quid
1191 2309 1312 2351 magis]
1358 2310 1427 2340 Hoc
1453 2308 1609 2340 distichon

214 2358 334 2390 Bunm.
945 2358 1045 2390 adfert
1057 2359 1169 2390 Senec.
1186 2358 1241 2389 lib.
1253 2358 1297 2389 iv.
1311 2358 1425 2389 Natur.
1441 2359 1562 2395 Quaest.
1577 2359 1609 2390 3.

255 2409 331 2439 466.
366 2407 473 2438 Valens
501 2409 562 2439 odii
591 2407 709 2448 litera]
764 2407 875 2449 Inepte
989 2407 1072 2442 Quid
1087 2409 1181 2449 magis
1195 2413 1237 2438 est
1251 2417 1318 2437 sasso
1334 2407 1473 2447 durum]
1505 2407 1533 2437 E
1547 2408 1609 2437 Lu-

213 2458 340 2488 Merula
354 2458 456 2487 valens
470 2467 542 2487 cum
561 2458 651 2487 litera
663 2457 834 2498 conjungit,
845 2462 877 2488 et
944 2462 1021 2488 eret.
1035 2464 1071 2487 ut
1086 2467 1155 2497 quae
1171 2456 1364 2498 praecedunt,
1378 2457 1431 2499 qui
1446 2456 1525 2488 libro
1539 2456 1559 2488 i.
1572 2456 1611 2487 de

211 2505 341 2548 exponit
364 2505 490 2536 dicendi
520 2505 690 2541 efficacem,
711 2516 782 2536 cum
806 2505 877 2547 jun·
945 2517 1047 2537 rerum
1064 2506 1197 2543 Natura,
1214 2507 1296 2537 314:

215 2554 319 2595 genda
334 2554 389 2585 illa
404 2565 462 2585 vox
479 2554 519 2585 sit
534 2565 605 2585 cum
620 2566 734 2585 caussa.
761 2555 878 2586 Bonna.
990 2555 1136 2586 Stillicidl
1151 2567 1236 2587 casus
1251 2556 1378 2595 lapidem
1391 2562 1499 2594 cavat5
1514 2566 1611 2586 uncus

258 2604 332 2634 467.
350 2604 537 2644 Credibilis]
571 2604 682 2635 Douza.
695 2605 878 2645 interpreta-
1032 2605 1134 2634 arat-ri

213 2653 316 2689 batur,
331 2652 492 2684 intellectu
503 2653 614 2687 sacili&
627 2653 820 2696 perspicuus,
836 2658 878 2689 et,
993 2652 1122 2683 Ferreus
1147 2654 1262 2684 occulte
1283 2653 1425 2684 decrescit
1452 2664 1549 2683 vomer
1578 2655 1610 2683 in.

214 2708 247 2733 ut
262 2701 307 2733 ita
322 2701 420 2739 dicat,
436 2701 655 2744 intelligibilis.
1035 2703 1127 2732 arvis.
1452 2701 1568 2732 AMAn.
