1849 3198
261 163 304 193 26
661 160 750 191 BEN
753 158 871 191 ΤΙ-,ΕΠ
898 159 1025 191 EMEN
1029 157 1201 190 DATION
1207 158 1267 190 Es.

268 250 328 280 135
590 253 692 278 nostra
707 244 907 277 medicabilis
922 251 999 283 arte,

268 303 330 334 136
353 302 377 333 F
379 312 416 333 ac
421 301 536 343 fugias
551 302 670 332 monitis

267 356 328 386 137
630 353 712 390 haec,
728 364 792 394 quae
808 352 924 390 ἲεοὲτε,
939 358 1084 384 tuentur:

270 410 329 440 141
355 411 459 447 Quam
475 408 622 451 platanus
636 409 701 439 rivo

271 464 331 494 143
680 460 774 492 finem
790 459 904 502 quaeris
920 462 1027 496 amori,
1043 459 1100 501 (T.
1118 458 1157 490 C.
1176 456 1289 488 amoris
1306 460 1340 487 ut
1356 454 1443 496 sira.)

270 517 332 547 147
355 515 501 557 Eripiunt
516 517 625 546 animis
639 525 736 545 omnes

271 571 333 601 152
638 567 803 608 Splendida
819 572 922 599 castra
939 572 1031 609 togae.

272 623 334 654 164
355 622 602 655 Transtulerunt
617 621 698 653 vires

271 678 332 708 177
357 677 498 720 Adspice
517 678 648 708 labentes
652 677 796 716 jucundo

272 731 335 762 180
363 730 405 761 Ut
420 730 559 771 referant
574 729 675 760 haedis

278 785 338 816 185
600 784 762 823 suppositos
777 781 903 823 fugiunt
917 780 1184 823 examinafunws,

277 838 339 869 186
688 834 806 866 vimina
821 846 915 866 curva
931 833 1017 865 favi?

274 892 336 923 189
642 896 783 921 maturus
797 888 932 921 rusticus
947 900 1021 920 uvas

276 946 339 976 190
366 945 509 986 Colligit;
535 949 566 976 et
582 942 684 986 (etc.)

276 999 337 1029 191
687 998 799 1038 alligat
813 996 926 1028 herbas
938 1007 947 1035 3

277 1052 339 1083 192
687 1051 779 1081 vertit
795 1049 936 1081 humum.

278 1106 340 1136 193
689 1106 836 1136 deducere
849 1104 882 1135 in
896 1102 994 1134 hortis
1006 1115 1011 1133 :

276 1159 341 1189 203
648 1169 744 1189 vacua
761 1156 926 1189 formidine
942 1167 1068 1189 cervos:

274 1212 340 1243 206
362 1211 489 1254 Excipit
504 1223 512 1249 3
539 1216 570 1242 et
585 1212 671 1242 dulci

278 1265 341 1296 207
690 1264 765 1296 alite
782 1270 880 1304 capto,

277 1319 342 1349 210
365 1318 495 1350 Abdere
510 1319 562 1349 sub
574 1320 679 1358 parvis
695 1318 743 1359 (v.
758 1318 842 1348 Met.
857 1315 923 1348 viii.
939 1318 1013 1349 855.
1030 1315 1084 1348 sed
1100 1325 1196 1358 parva
1208 1315 1275 1357 jam
1293 1319 1387 1346 antea
1402 1311 1495 1353 203.)

277 1372 341 1404 213
363 1372 412 1403 Tu
427 1377 551 1403 tantum
565 1372 699 1414 i,firmis
715 1373 849 1415 quamyis

278 1427 342 1458 215
365 1426 484 1463 Flebis,
500 1432 528 1457 et

279 1481 344 1511 219
367 1481 437 1512 Nec
455 1481 565 1520 pluviae
582 1486 609 1511 et
625 1482 725 1511 venti.-

280 1533 346 1564 220
649 1533 717 1564 alea
732 1537 808 1563 nota
821 1531 899 1563 suis.

279 1589 346 1619 230
647 1598 701 1618 ora
718 1588 830 1618 lavabis
845 1586 948 1628 aqu&

279 1641 345 1671 233
650 1642 829 1672 maestissima
840 1640 940 1682 janua
954 1643 1080 1675 nostrae,

280 1695 346 1725 234
652 1699 795 1736 tempora
805 1704 886 1733 posse
898 1692 976 1735 pati.

280 1749 344 1780 235
368 1746 530 1789 Adspicis,
547 1752 583 1779 ut
594 1758 707 1788 pressos

280 1802 345 1832 240
370 1802 534 1832 Pretendes
549 1801 652 1842 culpae
668 1799 836 1843 splendida
850 1800 946 1831 verba
963 1806 1032 1830 επακ

281 1855 347 1886 245
370 1855 428 1886 Sed
443 1855 497 1896 (T.
512 1854 551 1886 C.
569 1854 619 1886 vel
634 1854 729 1896 quod)
745 1854 770 1885 si
784 1852 906 1884 firmati),
919 1854 1090 1893 properaris

284 1909 347 1939 247
375 1909 527 1949 Quicquid
550 1915 578 1939 et
603 1907 753 1946 abfueris,
769 1909 872 1939 sitiens
894 1909 1057 1948 avidusque
1080 1906 1211 1945 redibis;
1242 1906 1297 1948 (T.
1321 1905 1358 1937 C.
1378 1905 1429 1937 vel
1451 1906 1600 1937 sitientior
1622 1906 1693 1936 inde

412 1961 558 2003 redibis.)

283 2017 347 2047 252
371 2016 545 2047 Innocuam
560 2017 648 2047 nullo
662 2017 789 2048 crimine

284 2070 348 2101 259
694 2076 813 2109 pectore
827 2078 938 2107 curas3

284 2123 350 2153 264
373 2123 454 2155 Cum
470 2125 526 2154 tibi
542 2123 686 2154 Nat-icius
701 2122 831 2154 abstulit
846 2123 930 2153 unda
945 2124 1051 2152 rates?

287 2177 352 2207 266
655 2175 756 2208 lintea
770 2178 836 2208 vela
851 2177 947 2218 fugae.

286 2230 350 2260 268
375 2231 502 2271 Longus
518 2236 546 2261 et

285 2284 350 2314 282
374 2283 447 2314 Non
463 2285 572 2324 aliquis
591 2282 682 2324 [Am.
697 2282 720 2312 i.
743 2284 791 2314 13.
804 2282 873 2322 39.]
892 2281 993 2313 socios
1008 2293 1114 2313 rursus

287 2338 351 2368 284
374 2337 516 2379 Totaque
533 2337 600 2378 (vel
620 2336 716 2374 Tuta)
735 2337 792 2367 sub
810 2338 932 2376 imperio
947 2342 1029 2367 terra

287 2392 351 2422 293
376 2391 525 2433 Optimus
541 2392 593 2422 ille
609 2393 655 2422 sui
671 2390 798 2428 vindex,
816 2391 872 2432 ('‘.1
888 2392 925 2422 C.
943 2391 1011 2428 fuit,
1028 2395 1062 2422 ut
1076 2390 1163 2430 sira.)

287 2445 350 2476 295
375 2445 433 2475 Sed
448 2444 498 2476 cui

286 2498 352 2528 296
656 2508 718 2529 non
733 2502 805 2539 eget
823 2500 876 2529 iste
891 2498 979 2530 meis.

287 2551 351 2581 297
373 2550 420 2582 Tu
436 2553 528 2588 modo,

289 2604 354 2635 299
699 2606 810 2635 dammi
825 2605 938 2647 puellae
951 2617 959 2644 ;

289 2657 348 2687 301
699 2663 845 2689 contenta
860 2658 968 2700 rapina}
984 2666 1023 2689 est

289 2710 351 2740 302
375 2710 438 2740 Sub
457 2712 544 2740 tituto
