1849 3198
616 213 915 254 AMORUM.

965 213 1084 254 LIB.
1119 213 1156 255 I.
1188 214 1256 256 12.
1555 216 1620 258 :3:3⁷

244 326 376 381 Quid
402 328 584 390 digitos
609 345 734 393 opus
760 335 837 376 est
862 329 1068 392 graphio
1093 330 1278 378 lassare
1303 331 1553 378 tenendo?

310 403 420 451 Hoc
446 405 629 453 habeat
653 406 894 470 seriptum
917 414 1022 453 tota
1045 407 1256 465 tabella3
1297 407 1441 455 Veni.

243 480 357 528 Non
383 498 475 544 ego
499 483 728 530 victrices
752 484 889 529 lauro
908 483 1139 530 redimire
1163 484 1390 540 tabellas,
1568 488 1628 533 25

310 557 418 605 Nec
444 559 653 607 Veneris
678 560 843 607 media
870 577 1055 624 ponere
1081 561 1131 606 in
1156 562 1261 608 aede
1287 577 1463 608 morer.

243 634 593 700 Subseribam3
634 636 833 693 Veneri,
860 637 984 684 fidas
1011 637 1120 692 sibi,
1151 637 1289 684 Naso
1315 638 1564 685 ministras

310 701 629 781 Dedicatsat
654 732 812 779 nuper
836 716 930 763 vile
955 715 1116 762 fuistis
1143 731 1272 762 acer.

706 1067 1008 1114 ELEGIA
1048 1067 1171 1114 XII.

242 1181 380 1229 Flete
405 1198 542 1229 meos
569 1198 744 1230 casus:
784 1183 950 1229 tristes
977 1182 1167 1229 rediere
1192 1182 1405 1230 tabellae.

306 1258 487 1306 Infelix
512 1259 659 1306 hodie
683 1260 825 1306 litera
850 1276 997 1323 posse
1021 1266 1186 1322 negat.

241 1336 424 1383 Omina
449 1343 564 1383 sunt
589 1336 793 1399 aliquid.
834 1337 980 1383 modo
1007 1353 1122 1383 cum
1146 1336 1405 1384 discedere
1429 1338 1592 1395 vellet,

304 1413 383 1460 Ad
409 1415 560 1461 limen
584 1414 765 1476 digitos
792 1414 972 1460 restitit
998 1414 1097 1460 icta
1122 1413 1284 1476 Nape.

241 1490 400 1537 Missa
423 1490 551 1538 foras
577 1491 756 1538 iterum
781 1491 932 1537 limen
956 1490 1164 1537 transire
1189 1498 1440 1537 memento
1599 1495 1627 1538 5

307 1568 560 1634 Cautius,
576 1561 741 1631 'atque
768 1568 865 1615 alte
891 1568 1055 1614 sobria
1079 1568 1204 1615 ferre
1230 1568 1427 1631 pedem.

239 1645 314 1692 Ite
340 1645 471 1701 hinc,
499 1635 740 1702 difficiles,
767 1641 994 1693 funebria
1018 1647 1167 1708 ligna,
1195 1646 1392 1693 tabellae
1416 1663 1425 1693 :

303 1722 482 1787 Tuque
508 1724 760 1785 negaturis
786 1739 901 1770 cera
925 1722 1104 1770 referta
1128 1722 1274 1770 notis,

279 1869 334 1898 25.
363 1867 430 1897 Non
441 1879 493 1909 ego
508 1869 644 1898 victrices
659 1868 746 1897 lauro
763 1870 900 1899 redimire

236 1918 370 1952 tabellas,
385 1917 460 1957 δια]
484 1916 610 1947 Alludit
630 1916 669 1947 ad
694 1928 810 1948 morem
836 1918 899 1948 Ro-

236 1976 376 1997 manum.
400 1966 542 1996 solebant
555 1966 637 1996 enim
652 1966 762 2002 literae,
775 1978 844 2007 quae
861 1968 900 1997 ab

236 2015 485 2056 imperatoribus,
512 2021 601 2057 parta
625 2015 741 2045 alicubi
758 2015 898 2051 victoria,

236 2064 369 2095 Romam
385 2076 478 2107 super
493 2077 530 2096 ea
545 2065 674 2095 victoria
688 2065 901 2101 mittebantur,

237 2113 324 2144 lauro
352 2114 501 2150 redimiri,
524 2119 618 2155 atque
649 2114 693 2144 ita
722 2114 902 2144 consulibus

237 2162 339 2193 reddi:
365 2163 448 2193 unde
475 2169 507 2194 et
535 2164 676 2193 laureatae
701 2163 899 2193 dicebantur.

238 2212 364 2243 Mrem„

279 2262 333 2292 27.
369 2261 474 2292 lv'eneri
489 2263 574 2303 fidas
602 2261 683 2302 mnu]
720 2260 757 2290 In
789 2271 899 2290 manu-

235 2309 351 2351 scripto
370 2310 477 2341 codice
503 2321 564 2341 non
584 2311 658 2346 Tibi,
675 2309 728 2340 sed
743 2309 804 2339 Sibi
821 2309 898 2350 legi-

236 2367 304 2390 tur:
330 2365 362 2391 et
386 2361 430 2391 sic
454 2360 579 2391 omnino
608 2359 788 2401 legendum.
832 2359 899 2388 Erit

237 2415 342 2440 autem
365 2419 493 2440 sensus:
530 2410 617 2440 Naso
640 2408 766 2439 dedicat
782 2407 898 2438 Veneri

237 2457 371 2489 tabellas
386 2458 466 2489 fidas
481 2457 553 2489 sibi.
600 2459 751 2488 Munus.

280 2507 334 2538 ’28-
360 2507 466 2547 Acen]
494 2506 592 2548 Atqui
609 2508 687 2537 Acer
701 2507 811 2536 dicunt
834 2511 902 2546 post

237 2555 349 2587 citrum
365 2557 502 2587 maximo
516 2556 549 2586 in
571 2555 669 2598 pretio
688 2555 807 2590 haberi,
824 2560 903 2585 teste

240 2605 342 2636 Plinio
367 2605 424 2637 lib.
441 2606 504 2637 xvi.
528 2606 580 2637 15.
605 2606 659 2636 sed
686 2604 831 2636 addendo
852 2615 903 2634 vo-

237 2665 306 2685 cem
323 2657 388 2685 vilis
403 2654 539 2685 ostendit
554 2654 611 2684 has
632 2653 765 2684 tabellas
779 2663 816 2683 ex
835 2652 903 2682 vul-

240 2703 305 2743 gari
333 2709 364 2734 et
389 2703 442 2733 vili
473 2713 572 2738 acere,
596 2713 657 2733 non
683 2702 737 2732 illo
760 2701 904 2743 pretioso,

239 2753 396 2784 consectas
414 2752 520 2784 fuisse.
546 2763 647 2794 neque
674 2751 767 2782 etiam
786 2750 905 2781 Plinius

968 1868 1069 1910 ipsum
1091 1867 1174 1897 Acer
1192 1865 1360 1908 pretiosum
1385 1865 1472 1901 dicit,
1495 1867 1543 1895 sed
1567 1877 1632 1905 ope-

968 1929 1035 1946 rum
1051 1917 1200 1958 elegantia
1217 1922 1246 1945 et
1260 1916 1427 1945 subtilitate
1442 1917 1518 1945 citro
1528 1926 1632 1945 secun-

968 1968 1037 1996 dum
1062 1973 1093 1996 et
1117 1976 1188 2006 cap.
1205 1975 1272 2006 seq,
1296 1963 1383 2000 dicit,
1398 1966 1422 1994 si
1446 1965 1632 2005 magnitudi-

970 2026 1035 2044 nem
1071 2025 1239 2044 mensarum
1268 2019 1396 2052 caperet,
1426 2013 1507 2042 haud
1544 2014 1635 2043 dubie

969 2064 1166 2105 qouqferretnr
1190 2064 1277 2093 citro.
1326 2062 1391 2092 Vile
1413 2073 1485 2103 ergo
1509 2068 1556 2092 est
1571 2073 1634 2093 non

970 2113 1174 2147 elaboratum,
1188 2111 1310 2141 minimi
1332 2110 1423 2152 pretii
1449 2117 1479 2141 et
1495 2111 1633 2142 obvium.

970 2167 1004 2192 ut
1019 2161 1063 2192 ita
1079 2163 1134 2191 υἱέε
1151 2161 1294 2190 Sabinum
1311 2159 1394 2201 apud
1410 2160 1519 2190 Horat.
1534 2159 1590 2190 lib.
1609 2160 1632 2191 i.

970 2210 1034 2241 od.
1045 2212 1097 2241 22.
1113 2209 1264 2252 explicuit
1279 2215 1388 2240 contra
1396 2208 1578 2239 Dacierium
1589 2209 1636 2239 vir

969 2270 1029 2290 non
1066 2259 1240 2290 ineruditus
1268 2258 1300 2288 in
1329 2258 1476 2289 Historiae
1507 2257 1632 2289 Criticae

968 2315 1044 2339 tom.
1061 2309 1117 2340 xii.
1134 2319 1207 2350 pag.
1228 2309 1301 2338 120.
1347 2308 1464 2338 Bunm.

1011 2407 1114 2445 4,Αά
1138 2407 1227 2436 limen
1251 2407 1358 2446 digitos
1382 2404 1471 2444 icta.]
1497 2404 1547 2435 De
1575 2404 1628 2435 hoc

968 2456 1104 2486 infausto
1129 2454 1231 2485 omine
1251 2454 1352 2484 multa.
1373 2453 1448 2483 satis
1471 2463 1626 2494 congesse-

970 2510 1041 2535 runt
1059 2503 1282 2545 antiquitatum
1306 2503 1498 2537 collectores,
1513 2509 1545 2532 et
1558 2503 1627 2532 Ma·

971 2554 1034 2586 rius
1057 2561 1140 2585 recte
1156 2565 1193 2584 ex
1219 2553 1313 2584 nostri
1330 2553 1447 2588 Po‘etae,
1462 2551 1579 2582 Tibulli
1603 2559 1628 2581 ex

974 2603 1090 2634 Lucani
1106 2602 1183 2634 locis
1197 2601 1375 2633 illustravit.
1399 2612 1436 2632 ex
1452 2600 1565 2641 quibus
1580 2610 1625 2641 pa-

973 2659 1028 2689 tet,
1044 2664 1098 2694 per
1112 2654 1220 2694 digitos
1236 2651 1286 2682 hic
1312 2650 1400 2693 pedis
1423 2649 1557 2690 intelligi
1580 2649 1628 2679 de·

973 2702 1058 2732 bere.
1105 2701 1224 2731 Burni.
