1849 3198
618 254 962 298 HEROIDES.
995 254 1088 296 ΕΡ.
1121 253 1204 296 IV.
1549 256 1606 297 47

219 375 334 424 Νο11
358 374 448 423 tibi
473 388 562 439 per
585 371 817 421 tenebras
842 370 1039 418 dabitur
1063 370 1331 418 reseranda
1353 369 1515 418 mariti

283 452 314 500 J
319 469 462 508 anua,
489 467 587 498 non
611 456 780 497 custos
805 448 1132 513 decipiendus
1157 449 1264 495 erit.

220 530 293 578 Ut
316 530 475 577 tenuit
498 529 675 575 domus
699 542 799 573 una
821 526 963 581 duos,
991 526 1168 572 domus
1192 541 1292 572 una
1314 525 1521 573 tenebit.

288 607 476 655 Oscula
500 612 672 670 aperta
695 605 868 659 dabas,
895 604 1065 651 oscula
1088 609 1260 666 aperta
1283 602 1443 650 dabis.

219 684 377 732 Tutus
403 684 498 732 eris
523 698 736 738 mecum,
763 682 1064 744 laudemque
1088 681 1343 727 merebere
1368 680 1537 743 culpa3

286 762 361 808 Tu
386 762 504 809 licet
529 761 578 807 in
602 760 732 807 lecto
758 759 1066 823 conspiciare
1091 774 1218 805 meo.

1516 760 1607 804 146

221 839 360 886 Tolle
385 855 546 886 moras
572 844 782 893 tantum,
809 843 1173 900 properataque
1197 834 1384 882 foedera
1402 836 1573 899 junge.

290 916 387 971 Qui
413 916 532 963 mihi
558 932 688 962 nunc
714 915 869 971 saevit,
898 915 968 961 sic
993 914 1084 961 tibi
1108 920 1282 977 parcat
1305 912 1475 960 Amor.

223 999 339 1046 Non
364 1015 456 1061 ego
481 997 722 1060 dedignor
747 996 961 1059 supplex
986 993 1286 1056 humilisque
1310 991 1519 1056 precari.

289 1075 424 1124 Heu!
451 1076 535 1122 ubi
552 1091 681 1122 nunc
701 1074 874 1130 fastus,
893 1074 1093 1136 altaque
1109 1071 1274 1126 verba,
1291 1069 1488 1133 jacent?
1519 1071 1612 1116 150

224 1152 290 1201 Et
314 1170 535 1218 pugnare
560 1154 660 1210 diu,
688 1169 780 1200 nec
806 1169 885 1199 me
912 1150 1203 1198 submittere
1229 1149 1389 1212 culpae

291 1231 444 1279 Certa
466 1230 562 1278 fui:
603 1231 724 1277 certi
750 1230 790 1277 si
816 1229 937 1293 quid
961 1229 1168 1277 haberet
1191 1225 1361 1272 Amor.

223 1375 375 1416 Virgilius
387 1375 516 1406 AEneid.
537 1376 586 1406 18.

269 1425 418 1464 CompIe-ii
434 1426 513 1455 inter
528 1436 556 1455 se
572 1431 739 1465 noctemque
754 1425 887 1463 diemque

309 1481 479 1504 morantur.
725 1474 843 1504 HmNs.

225 1523 402 1554 Priscianus
417 1523 472 1554 lib.
487 1522 597 1565 viii.p.
611 1523 684 1553 791.
700 1522 785 1553 Edit.
802 1521 886 1553 Putf.

224 1573 329 1603 multis
352 1573 503 1615 exemplis
526 1572 658 1603 adstruit
680 1578 801 1603 veteres
816 1575 886 1602 Am-

221 1624 317 1662 plecto
343 1627 374 1653 et
399 1624 531 1662 amplexo
559 1621 686 1658 dixisse,
712 1628 743 1652 et
771 1622 887 1664 profert

223 1671 301 1702 illud
325 1682 362 1702 ex
390 1671 536 1702 Petronio
561 1671 784 1712 fragmentum:
811 1672 885 1701 Ani-

224 1732 301 1751 mam
316 1728 415 1752 nostro
426 1723 589 1761 amplerum
604 1722 636 1751 in
652 1731 781 1761 corpore,
798 1733 885 1763 περι-

227 1771 445 1811 πλεχθεῐσαν.
493 1771 611 1801 Bunm.

272 1820 343 1850 142.
369 1819 439 1851 Non
458 1820 585 1860 custos]
614 1819 684 1850 Non
706 1825 802 1850 custos
823 1829 887 1849 me—

225 1869 330 1899 liores.
355 1869 475 1899 Hms.
510 1869 678 1909 Eleganter
693 1868 789 1899 talem
805 1879 888 1899 amo-

227 1928 291 1948 rem
318 1919 535 1948 incustoditum
560 1923 651 1948 vocat
678 1917 806 1948 Tacitus
834 1917 889 1948 xii.

228 1966 346 1997 Annal.
372 1966 404 1996 4.
428 1966 460 1996 in
485 1965 675 2008 praecedenti
698 1977 787 1997 versu
813 1966 891 1997 illud

228 2014 388 2057 epitheton
403 2016 473 2045 duri
489 2014 729 2056 adprehendisse
753 2015 892 2046 librarios

230 2069 317 2106 put0,
344 2071 378 2094 ut
401 2064 528 2094 obvium
554 2063 585 2094 in
606 2064 665 2094 hac
687 2074 730 2100 re,
756 2064 810 2095 sed
841 2064 891 2095 hie

229 2113 355 2144 minime
371 2112 590 2149 necessarium,
606 2124 677 2144 cum
701 2124 802 2155 neque
825 2126 891 2145 cus-

231 2165 291 2193 todi
303 2162 436 2193 addatur
447 2162 618 2204 epitheton.
641 2163 673 2193 in
685 2163 771 2194 Junii
785 2164 891 2194 codice

231 2218 314 2243 erat:

276 2261 345 2292 Non
363 2263 416 2292 tibi
438 2273 491 2301 per
515 2263 649 2292 tenebras
672 2263 797 2292 dabitur
817 2274 891 2293 rese-

358 2313 457 2341 runda
472 2313 577 2341 mariti

318 2361 434 2392 Janua.

234 2410 412 2452 Eleganter,
428 2417 462 2441 ut
476 2416 562 2452 puto.
577 2410 650 2440 infr.
668 2410 732 2441 xvi.
752 2411 801 2441 15.

451 2460 512 2490 Nos
526 2462 660 2491 dabimus
675 2462 750 2501 qnod
766 2471 853 2490 umeS.

235 2509 275 2540 Et
291 2521 322 2540 v.
339 2511 415 2541 205.

279 2558 349 2589 Non
362 2560 498 2589 dabimus
509 2565 588 2589 certe
599 2570 730 2589 socerum
744 2560 797 2589 tibi
812 2560 897 2589 clara

310 2608 479 2649 fugantem

369 2657 511 2688 Lumina.
729 2657 846 2687 ΒυῐιΜ.

284 2707 356 2737 147.
397 2707 621 2747 Properamque
665 2706 820 2748 saulem]
862 2705 898 2736 In

238 2756 418 2787 membrana
441 2756 583 2792 Scriverii
609 2763 640 2787 et
663 2766 732 2786 mea
756 2761 834 2792 erat,
856 2767 898 2785 so-

953 1375 1090 1413 ciataque
1109 1371 1232 1413 foedera
1265 1381 1320 1412 pro
1352 1369 1439 1400 varia
1466 1368 1615 1404 lectione,

954 1422 1037 1464 quod
1061 1432 1122 1452 non
1145 1426 1192 1450 est
1215 1419 1488 1455 contemnendum,
1504 1418 1547 1449 sic
1571 1430 1614 1448 so-

953 1474 1035 1503 ciare
1063 1472 1174 1502 cubilia
1202 1470 1263 1512 Ep.
1287 1469 1331 1499 iii.
1360 1474 1391 1500 et
1420 1468 1552 1499 similia:
1576 1469 1615 1499 In

956 1520 1181 1552 Barbariniano
1193 1524 1224 1550 et
1235 1518 1409 1549 Basileensi
1418 1518 1525 1549 codice
1538 1523 1615 1554 erat,

952 1577 1169 1610 properataque
1183 1570 1319 1611 gaudia5
1345 1568 1421 1599 forte
1434 1568 1527 1599 bene.
1547 1567 1617 1599 Art.

955 1621 1028 1652 Am.
1043 1621 1077 1651 ii.
1094 1620 1169 1650 481.

1130 1669 1205 1698 Cum
1219 1680 1275 1708 quo
1289 1679 1343 1699 sna
1356 1668 1597 1709 gazzcliajzmgas

998 1719 1119 1750 Invenit
1136 1720 1167 1749 in
1181 1720 1289 1749 media.
1452 1716 1573 1747 HEms.

955 1770 1027 1801 Non
1042 1770 1147 1812 placet
1161 1770 1284 1799 sociata.
1314 1766 1397 1808 quod
1412 1765 1556 1797 librarius
1570 1776 1618 1796 re-

955 1819 1068 1861 petisse
1084 1830 1121 1849 ex
1139 1828 1220 1849 vers·
1240 1818 1290 1847 17.
1324 1815 1458 1847 videtur.
1506 1815 1619 1854 Prope-

955 1875 1025 1898 rnta
1041 1867 1123 1898 enim
1140 1867 1208 1898 vult
1222 1866 1273 1897 vel
1286 1865 1409 1907 jirdera
1431 1864 1482 1895 vel
1504 1866 1620 1906 gaudia

955 1918 1056 1960 jungi,
1073 1918 1146 1959 quia
1160 1918 1321 1948 metuebat
1334 1915 1447 1946 Thesei
1470 1914 1617 1951 reditum,

960 1968 1013 2009 qui
1036 1978 1119 1998 nunc
1143 1975 1280 2008 tempore
1303 1966 1426 2001 absens,
1441 1963 1621 2007 opportuni-

959 2023 1056 2048 tatem
1081 2017 1177 2048 dabat
1203 2016 1243 2046 ad
1272 2021 1339 2046 tuto
1368 2014 1557 2045 coeundum.
1595 2014 1621 2045 si

960 2066 1035 2108 quid
1064 2065 1260 2101 mutandum,
1290 2064 1416 2095 mallem
1447 2070 1622 2104 sperataque

958 2118 1200 2157 gaudiajwzge.
1224 2114 1256 2144 in
1278 2113 1472 2144 Scriveriano
1497 2118 1564 2143 erat
1586 2124 1620 2143 e-

959 2167 1045 2202 tiam,
1065 2166 1147 2195 Tolle
1163 2175 1268 2199 rnoras,
1284 2175 1346 2194 07¹0.
1392 2164 1511 2193 BURM.

1006 2216 1077 2246 149.
1107 2214 1200 2256 Ego]
1229 2214 1308 2250 Quae
1324 2223 1393 2243 sum
1408 2211 1510 2254 neptis
1524 2213 1624 2250 Jovis,

961 2270 992 2296 et
1006 2264 1098 2295 Solis.

1009 2315 1080 2345 150.
1108 2313 1177 2344 Heu
1200 2314 1251 2343 ubi
1275 2323 1356 2343 nunc
1373 2310 1480 2352 frisius
1503 2313 1624 2352 altaque

962 2365 1050 2394 verba
1063 2363 1200 2403 jacent]
1233 2362 1290 2392 Ubi
1313 2373 1394 2391 mmm
1408 2361 1521 2402 statuit
1537 2371 1624 2391 men-

962 2412 1036 2443 dose
1063 2412 1140 2443 alter
1166 2410 1292 2442 Moreti.
1337 2409 1398 2440 Sed
1418 2410 1519 2450 flatus
1547 2410 1624 2441 forte

963 2461 1188 2504 reponendum.
1232 2459 1315 2490 Vide
1345 2469 1414 2499 quae
1443 2458 1548 2489 notavi
1585 2459 1624 2489 ad

963 2510 1076 2541 librum
1091 2509 1114 2540 i.
1130 2509 1216 2540 Artis
1230 2509 1303 2539 Am.
1320 2509 1393 2539 715.
1438 2508 1532 2538 Porro
1555 2507 1625 2538 libri

965 2558 1118 2595 nonnulli,
1149 2559 1219 2589 Heu
1244 2559 1328 2589 mihi.
1384 2557 1539 2599 Excerpta
1563 2558 1626 2587 Pu-

967 2608 1062 2644 teani‚
1080 2608 1139 2638 Hei
1153 2608 1243 2638 mihi!
1269 2612 1303 2638 ut
1317 2606 1424 2648 opiner
1439 2606 1624 2647 legendum:

1012 2657 1070 2688 Hei
1083 2658 1174 2687 mihi!
1189 2655 1396 2698 quamfastus,
1406 2657 1526 2696 ultaque
1539 2657 1627 2686 verba

1042 2709 1164 2747 jacent.
