1849 3198
579 182 878 237 A'MoRUM.
932 193 1052 235 LIB.
1086 193 1150 235 11.
1179 194 1249 235 13.

1537 194 1623 236 377

238 308 322 367 Isi,
352 309 701 365 Paraetonium,
729 309 1041 371 genialiaque
1067 325 1182 356 arva
1207 308 1404 372 Canopi

303 386 429 441 Quae
454 386 591 441 colis,
609 393 660 433 et
680 385 958 450 Memphin,
981 385 1392 449 palmiferamque
1407 384 1624 441 Pharon,

237 463 450 526 Quaque
475 463 608 510 celer
634 463 796 520 Nilus,
823 464 923 510 lato
948 463 1171 527 dilapsus
1196 463 1258 509 ab
1285 462 1439 518 alveo,

303 539 402 587 Per
426 546 620 603 septem
644 547 816 603 portus
843 540 892 586 in
916 539 1065 586 maris
1091 539 1197 586 exit
1220 554 1404 601 aquas3
1566 541 1626 584 10

236 615 335 662 Per
358 623 444 662 tua
467 616 613 662 sistra
637 632 826 679 precor,
853 631 942 680 per
966 615 1212 662 Anubidis
1238 630 1324 661 ora
1346 614 1570 662 verendi:

305 693 387 739 Sic
413 700 500 740 tua
525 708 665 739 sacra
687 693 798 756 pius
825 708 1022 756 semper
1049 691 1208 739 Osiris
1234 697 1381 746 amet,

236 769 489 832 Pigraque
513 769 864 816 labatur-circa
887 768 1091 816 donaria
1115 783 1335 830 serpens,

303 845 369 892 Et
393 862 559 893 comes
585 846 634 891 in
658 861 893 909 pompam
919 844 1144 907 corniger
1168 843 1293 906 Apis
1320 850 1426 889 eat:

236 921 348 969 Huc
374 922 556 970 adhibe
580 923 767 979 vultus3
808 930 858 970 et
881 923 931 969 in
957 924 1057 969 una
1083 937 1233 985 parce
1258 920 1479 967 duobus:
1565 921 1624 965 15

302 998 433 1046 Nam
458 999 610 1045 vitam
635 999 845 1046 dominae
871 1006 925 1046 tu
946 998 1113 1055 dabis;
1153 998 1238 1045 illa
1260 996 1397 1043 mihi.

236 1076 382 1139 Saepe
406 1076 496 1123 tibi
522 1076 651 1123 sedit
675 1077 823 1124 certis
849 1084 1054 1140 operata
1077 1075 1270 1130 diebus,

301 1151 414 1206 Qua
441 1153 597 1215 cingit
619 1153 784 1200 lauros
811 1153 1006 1201 Gallica
1028 1160 1191 1199 turma
1214 1158 1341 1197 tuas.

277 1307 308 1337 7.
334 1306 404 1347 1³12]
431 1307 481 1338 De
498 1307 594 1343 Iside,
612 1318 682 1349 quae
708 1313 740 1338 et
754 1308 801 1344 I‘o,
817 1308 892 1339 Ina-

232 1355 283 1386 chi
299 1355 364 1386 fil'ra
376 1355 446 1391 fuit,
465 1363 499 1387 ut
514 1367 551 1386 ex
570 1356 627 1387 lib.
644 1356 666 1386 i.
683 1357 894 1398 Metamorph.

232 1409 365 1440 constat,
381 1404 424 1434 sic
441 1405 635 1441 Lactantius,
651 1405 704 1436 lib.
722 1404 743 1436 i.
771 1405 806 1435 Ιϋ
819 1405 892 1436 Ina-

231 1454 368 1493 chifilia,
386 1460 420 1484 ut
437 1457 512 1484 iram
527 1454 658 1485 Junonis
680 1454 839 1496 effugeret,
856 1463 893 1486 ut

232 1509 297 1532 erat
309 1505 379 1542 jum
402 1505 469 1534 setis
484 1504 662 1543 obsita,jnm
687 1505 743 1540 bos,
761 1511 893 1535 tranasse

231 1553 346 1581 dicitur
370 1563 460 1588 mare,
477 1554 509 1581 in
530 1552 754 1593 AEgyptumque
772 1555 891 1589 lenisse,

230 1607 318 1641 atque
343 1602 382 1631 ibi
408 1608 526 1641 recepta
552 1603 684 1640 pristina
705 1602 813 1640 f'ormu,
838 1604 892 1633 dea

220 1649 324 1690 jueta,
340 1661 402 1690 quae
419 1662 500 1681 nunc
517 1650 574 1681 Isis
590 1657 724 1681 vocatur.
770 1651 860 1682 Cios.

275 1699 509 1740 Paraetonz'um.]
537 1700 620 1731 Urbs
645 1705 711 1730 erat
734 1706 765 1730 et
788 1706 893 1741 portus

231 1748 374 1790 AEgypti,
389 1748 429 1779 ad
450 1749 563 1779 ostium
579 1748 784 1790 Canopicum,
810 1759 892 1780 nunc

229 1796 447 1827 al-Bare'toun.
493 1797 692 1827 Ammoniam
714 1797 787 1827 olim
802 1808 894 1828 voca-

230 1851 293 1875 tam
310 1845 402 1876 fuisse
416 1852 520 1877 narrat
534 1847 644 1877 Strabo
660 1852 691 1876 et
705 1846 812 1888 Steph.
827 1847 892 1888 By-

231 1899 310 1924 zant.
335 1895 529 1925 Memoratur
554 1901 659 1925 autem
686 1895 725 1925 ab
750 1895 892 1927 omnibus

229 1943 462 1984 geographicis;
478 1943 686 1974 meminerunt
700 1948 731 1974 et
741 1942 890 1974 historici.

228 1990 324 2022 Auct.
348 1991 387 2022 de
411 1993 495 2023 Bell.
519 1992 612 2023 Alex.
637 2003 665 2022 c.
696 1993 727 2022 8.
750 1992 833 2023 Flor.
849 1992 891 2024 iv.

232 2041 283 2070 11.
317 2041 518 2072 Munimenta
529 2041 727 2072 Justinianus
736 2040 889 2072 instaura-

229 2089 290 2127 vit;
313 2090 443 2132 Procop.
460 2090 499 2121 de
516 2090 615 2120 AEdif.
631 2089 673 2120 vi.
693 2092 723 2120 2.
767 2089 886 2120 Aust.

273 2138 458 2179 Genitalia.]
486 2139 664 2170 Generandi
683 2138 746 2169 vim
770 2138 888 2169 haben-

227 2188 281 2224 tia,
297 2195 422 2230 propter
436 2188 503 2219 Nili
518 2187 766 2218 inundationem.
812 2188 887 2217 MA-

229 2248 315 2268 mcs.
353 2237 518 2274 Quomodo
533 2238 679 2278 genitalia
693 2248 767 2266 arva
781 2235 885 2271 Isidis,

227 2286 280 2317 ubi
305 2286 364 2316 Isis
392 2293 465 2317 nata
488 2297 548 2316 non
571 2287 674 2316 esset?
709 2286 888 2315 Puteaneus

226 2341 258 2366 et
284 2335 434 2371 nonnulli,
449 2337 590 2377 gentilia.
637 2334 758 2375 Regius
773 2340 804 2364 et
828 2339 888 2364 tres

227 2384 291 2420 alii,
325 2385 525 2426 genialiaque.
566 2383 648 2424 quod
686 2393 792 2413 verum
828 2388 886 2412 est.

229 2432 371 2474 AEgyptii
387 2433 469 2463 enim
492 2433 602 2463 molles
624 2438 655 2462 et
674 2431 766 2472 genio
782 2431 886 2461 admo-

227 2481 302 2512 dum
339 2481 549 2522 indulgentes.
595 2480 656 2511 Sed
693 2480 731 2511 de
761 2480 888 2521 Canopo

227 2541 291 2562 rem
304 2530 400 2561 fusius
411 2530 501 2560 docet
513 2530 622 2560 Strabo
634 2530 690 2560 lib.
702 2528 775 2560 xvii.
797 2528 888 2560 Ἀντὶ

229 2578 366 2610 πάντων
381 2578 404 2609 δ’
421 2579 508 2609 ἐστὶν
520 2578 536 2609 ὁ
550 2581 615 2609 τῶν
631 2580 887 2620 πανηγυριστῶν

226 2628 324 2669 ὄχλος
333 2631 398 2659 τῶν
407 2628 438 2659 ἐκ
447 2627 543 2666 τῆςἈ
549 2626 753 2668 λεξανδρεῖας
761 2626 888 2658 κατιόν-

229 2689 294 2707 των
309 2677 349 2717 τῇ
365 2675 507 2717 διώρυγι.
534 2677 627 2706 πᾶσα
642 2677 704 2717 γὰρ
720 2674 822 2716 ἡμέρα
835 2676 885 2705 καὶ

228 2726 287 2761 νὺξ
311 2725 447 2763 πληθύει
472 2729 537 2757 τῶν
559 2725 593 2756 ἐν
620 2727 686 2761 τοῖς
710 2724 888 2763 πλοισρίοις

960 1305 1234 1348 καταυλουμένων
1270 1306 1323 1335 καὶ
1357 1302 1626 1345 κατορχουμένων

961 1354 1102 1393 ἀναίόην
1120 1355 1200 1395 μετὰ
1215 1356 1276 1392 τῆς
1290 1352 1432 1393 ἐσχάτης
1445 1351 1626 1388 ἀκολασίας

959 1406 1013 1436 καὶ
1042 1404 1175 1445 ἀνδρῶν
1203 1405 1255 1434 καὶ
1284 1405 1462 1444 γυναικῶν.
1517 1401 1623 1431 Heu:-

960 1465 1040 1485 ειυς.
1086 1454 1136 1484 De
1160 1453 1251 1483 moris
1277 1451 1369 1493 hujus
1384 1456 1539 1481 vetustate
1555 1449 1622 1480 vid.

960 1502 1079 1534 Herod.
1097 1503 1131 1532 ii.
1148 1503 1199 1532 60.

1002 1553 1035 1582 9.
1062 1551 1101 1582 In
1130 1550 1242 1590 alrem]
1290 1548 1328 1579 In
1357 1551 1440 1579 uli-eo
1468 1548 1622 1579 meliores.

960 1602 1049 1631 me
1054 1612 1103 1631 su
1109 1612 1134 1630 s.
1166 1600 1216 1630 Ita
1229 1609 1352 1640 quoque
1367 1597 1533 1638 legendum
1550 1607 1623 1627 cen-

960 1656 1007 1680 set
1022 1647 1250 1680 Celeberrimus
1265 1647 1427 1688 Bentlejus
1451 1646 1490 1676 ad
1513 1646 1624 1677 Horat.

960 1698 1014 1729 lib.
1040 1697 1086 1728 iii.
1112 1697 1176 1728 Od.
1200 1697 1254 1727 29.
1281 1696 1333 1726 34.
1354 1695 1410 1726 sed
1433 1696 1566 1734 dilapsus
1587 1695 1624 1724 ab

961 1750 1044 1778 alteo
1062 1746 1138 1777 mihi
1160 1744 1387 1788 praeserenclum
1407 1744 1477 1775 ideo
1499 1744 1623 1774 videtur

962 1796 1037 1838 quia
1060 1806 1155 1837 supra
1174 1794 1303 1825 Deltam
1326 1793 1418 1824 Nilus
1440 1804 1502 1823 uno
1522 1793 1622 1828 alveo,

960 1851 991 1876 et
1006 1845 1070 1875 lato
1084 1845 1193 1879 fluens,
1209 1843 1322 1874 deinde
1339 1842 1371 1872 in
1386 1847 1505 1883 septem
1521 1851 1574 1871 ora
1588 1851 1621 1871 se

959 1894 1116 1929 scindens,
1143 1904 1241 1934 vagus
1264 1898 1359 1933 atque
1383 1891 1538 1932 dispersus
1564 1901 1621 1931 per

958 1953 1080 1973 omnem
1111 1943 1285 1983 AEgyptum
1321 1940 1361 1978 it3
1407 1946 1442 1970 ut
1473 1939 1622 1970 describit

960 1993 1047 2023 Mela
1062 1992 1116 2022 lib.
1129 1991 1149 2021 i.
1166 2001 1234 2032 cap.
1250 1991 1280 2021 9.
1311 1990 1427 2020 Benn-

1004 2040 1192 2079 ll.Sistru.]
1237 2039 1368 2069 Sistrum
1404 2043 1470 2068 erat
1503 2037 1617 2068 instru-

957 2095 1096 2120 mentum
1126 2089 1291 2123 tinnulum‚
1322 2088 1352 2118 in
1391 2086 1530 2128 tympani
1559 2086 1618 2118 for-

956 2149 1049 2173 mam,
1077 2149 1138 2179 quo
1159 2138 1190 2168 in
1216 2136 1308 2167 Isidis
1333 2136 1429 2167 sacris
1452 2136 1619 2166 utebantur

955 2186 1140 2217 sacerdotes.

1000 2235 1061 2266 Per·
1090 2235 1238 2265 Anubidis
1263 2234 1342 2273 orm]
1379 2231 1534 2263 Arnobius
1564 2232 1618 2264 lib.

956 2283 996 2313 vi.
1020 2283 1167 2314 adversus
1189 2288 1299 2323 gentes
1321 2281 1364 2312 sic
1388 2280 1428 2311 de
1448 2281 1616 2312 Anubide:

956 2334 1071 2363 Anubis
1085 2334 1194 2363 canina
1209 2332 1382 2373 cumfacie.
1411 2330 1503 2361 Con.

1002 2383 1050 2412 12.
1069 2380 1188 2420 Osiris]
1214 2381 1263 2411 De
1287 2379 1422 2415 Osiride,
1452 2379 1522 2410 vide
1546 2391 1616 2421 quae

956 2430 1059 2461 notavi
1074 2430 1106 2461 in
1121 2431 1254 2460 Metam.
1269 2429 1326 2459 lib.
1345 2429 1386 2459 ix.
1416 2428 1508 2459 C10r.

1004 2480 1050 2509 17.
1074 2479 1153 2518 Soepe
1180 2480 1232 2509 tibi
1257 2479 1364 2508 meruit
1386 2479 1474 2508 certis
1496 2485 1617 2516 operata

955 2528 1085 2567 diebus]
1131 2529 1210 2558 Sunt
1221 2527 1421 2569 exemplaria,
1433 2537 1502 2567 quae
1516 2527 1612 2568 scrip—

954 2582 1019 2607 tum
1035 2576 1162 2612 habent,
1178 2587 1249 2616 soepe
1272 2577 1326 2606 tibi
1348 2578 1450 2606 servit.
1499 2576 1615 2606 IUeruie

953 2625 1080 2667 exponit
1095 2625 1338 2660 Commentator‚
1359 2634 1413 2666 pro
1434 2624 1615 2665 promeruit.

955 2675 994 2704 Et
1028 2673 1071 2704 sic
1108 2673 1263 2714 ellipticos
1298 2671 1524 2713 accipiendum,
1562 2684 1615 2714 pro

958 2724 1070 2753 Merui!
1087 2724 1184 2752 enim.-
1209 2720 1369 2763 ipsumque
1389 2721 1515 2751 verbum
1531 2732 1547 2751 a
1563 2731 1613 2751 ce-
