1849 3198
522 199 710 242 ARTIS
742 197 1098 240 AMATORIAE
1131 197 1250 238 LIB.
1283 197 1321 238 Ι.

1532 199 1618 240 457

233 315 443 362 Saucius
469 314 725 377 ingemuit,
752 313 1009 376 telumque
1033 312 1230 360 volatile
1256 312 1437 360 sensit:

299 391 365 438 Et
384 409 497 456 pars
524 391 736 455 spectati
761 390 978 437 muneris
1004 389 1112 452 ipse
1136 388 1244 436 fuit.

1527 391 1620 436 170

231 467 398 523 Quid?
435 470 581 516 modo
607 483 720 515 cum
745 467 862 515 belli
888 467 1073 513 navalis
1100 465 1314 527 imagine
1342 465 1513 512 Caesar

300 545 534 594 Persidas
561 545 759 592 induxit
782 543 1190 606 Cecropidasque
1215 541 1380 588 rates?

234 621 430 686 Nempe
456 622 517 669 ab
537 629 748 684 utroque
768 620 890 666 mari
910 620 1135 682 juvenes,
1160 618 1221 664 ab
1242 624 1454 679 utroque
1481 618 1618 680 puel-

297 698 517 749 Venere:
553 706 705 761 atque
730 699 904 759 ingens
930 695 1062 742 orbis
1088 695 1137 740 in
1165 693 1302 740 Urbe
1327 691 1434 740 fuit.

1537 693 1619 754 [1ae

233 774 357 829 Quis
383 792 481 822 non
506 775 704 830 invenit,
731 773 880 822 turba
907 772 1042 836 quod
1068 777 1255 819 amaret
1279 770 1328 816 in
1354 769 1472 816 illa?
1528 772 1620 816 175

299 851 459 909 Eheu,
486 868 638 915 quam
663 852 845 898 multos
871 850 1062 897 advena
1083 848 1227 895 torsit
1250 847 1430 892 Amor!

233 928 367 976 Ecce
392 936 535 993 parat
557 928 729 975 Caesar
753 927 957 982 domito,
986 925 1124 989 quod
1149 923 1321 979 defuit,
1349 923 1454 970 orbi

299 1005 516 1052 Addere.
554 1021 702 1060 nunc,
733 1004 912 1052 Oriens
938 1003 1126 1058 ultime,
1154 1008 1321 1048 noster
1345 1000 1458 1047 eris.

233 1081 436 1138 Parthe,
463 1082 605 1129 dabis
631 1097 832 1145 poenas:
875 1079 1045 1127 Crassi
1070 1078 1284 1141 gaudete
1310 1075 1508 1139 sepulti,

303 1158 559 1221 Signaque
579 1157 863 1205 barbaricas
883 1172 981 1203 non
999 1156 1128 1202 bene
1146 1169 1295 1218 passa
1315 1169 1507 1199 manus.
1531 1155 1623 1198 180

236 1233 381 1281 Ultor
405 1235 570 1291 adest3
600 1233 874 1297 primisque
893 1232 1072 1279 ducem
1098 1231 1356 1294 profitetur
1380 1229 1430 1275 in
1449 1228 1619 1276 armis:

302 1309 548 1374 Bellaque
573 1327 670 1358 non
695 1326 848 1374 puero
873 1316 1055 1357 tractat
1079 1308 1273 1371 agenda
1296 1322 1435 1370 puer.

235 1385 434 1434 Parcite
459 1388 664 1442 natales,
692 1384 868 1441 timidi,
896 1401 1155 1433 numerare
1183 1384 1431 1431 Deorum:

304 1463 588 1511 Caesaribus
614 1463 766 1510 virtus
793 1463 1002 1525 contigit
1026 1469 1140 1510 ante
1166 1461 1314 1508 diem.

236 1539 499 1603 Ingenium
524 1540 727 1587 coeleste
753 1539 854 1586 suis
879 1539 1097 1586 velocius
1123 1538 1264 1585 annis

1534 1537 1623 1581 185

304 1616 474 1678 Surgit
489 1634 501 1672 3
543 1623 593 1663 et
617 1616 806 1678 ignavae
832 1615 926 1662 fert
951 1616 1079 1663 male
1104 1615 1287 1662 damna
1310 1628 1476 1660 morae.

234 1839 424 1882 scripserunt
452 1838 510 1868 hoc
532 1837 710 1879 plenissime
740 1837 897 1868 illustran-

234 1895 293 1919 teS.
338 1888 440 1918 Recte
455 1898 526 1918 vero
537 1887 647 1918 Douza
662 1886 833 1922 adnotavit,
849 1897 898 1917 so-

236 1937 298 1969 lere
313 1947 424 1967 manus
439 1937 524 1977 tangi
548 1936 626 1967 inter
642 1935 898 1972 concertationes,

235 1987 350 2028 quibus
370 1985 549 2028 sponsiones
568 1991 643 2015 ratae
668 1995 734 2016 esse
758 1984 897 2015 indican-

236 2043 298 2067 tur.
347 2035 464 2066 Bunar.

282 2086 355 2116 170.
383 2085 423 2115 Et
447 2096 518 2124 pars
540 2084 663 2124 spectati
685 2084 819 2113 vulneris
842 2084 899 2122 ipse

226 2135 330 2175 suin]
358 2134 478 2175 Regius
497 2139 528 2164 et
544 2131 732 2163 Oxoniensis
747 2142 818 2163 cum
837 2133 899 2162 Ex-

236 2183 350 2226 cerptis
373 2182 525 2224 Scaligeri
548 2191 584 2212 ac
607 2179 753 2217 Puteani‚
776 2183 900 2220 spectati

237 2234 379 2263 muneris.
413 2231 550 2272 egregie,
577 2237 612 2261 ut
633 2231 699 2272 jam
727 2229 831 2260 monui
860 2230 899 2260 ad

237 2281 458 2317 Claudianum,
485 2280 542 2311 lib.
568 2279 603 2310 ii.
628 2279 660 2310 in
687 2279 795 2309 Rufin.
820 2289 899 2310 vers.

238 2331 314 2361 396.
338 2329 486 2370 intelligit
507 2328 590 2360 enim
610 2338 723 2359 munus
746 2327 899 2369 gladiato-

239 2379 331 2409 rium.
377 2379 497 2409 mes.

286 2428 357 2458 177.
382 2428 458 2458 Ecce
471 2433 560 2467 purat
577 2427 686 2462 C‹rsar‚
700 2428 809 2456 clamito
824 2428 900 2466 quod

239 2478 338 2519 defuit
374 2479 438 2507 orbi
467 2476 544 2517 ἃς]
597 2476 647 2506 De
680 2475 757 2517 Cajo
791 2475 900 2516 magis,

239 2537 335 2568 quam
364 2526 403 2557 de
429 2525 552 2556 Tiberio
581 2523 820 2565 intelligendum
843 2524 900 2554 hoc

240 2576 308 2606 loco
321 2581 352 2606 et
366 2574 570 2615 sequentibus
582 2574 705 2606 videtur
717 2585 723 2602 z
739 2579 901 2614 propterea

241 2624 325 2666 quod
352 2623 507 2659 Tiberius,
540 2623 638 2654 Lucio
668 2628 699 2653 et
732 2622 810 2662 Cajo
833 2622 900 2663 jam

241 2673 379 2710 mortuis,
401 2672 432 2703 in
448 2672 607 2703 Caesarum
628 2670 777 2701 familiam
802 2670 899 2710 adop-

243 2728 325 2753 tatus·
347 2722 472 2753 demum
490 2721 565 2752 fuit:
591 2727 624 2751 ut
645 2731 700 2763 per
720 2719 750 2750 id
769 2726 900 2760 tempus,

967 1837 1092 1878 quando
1108 1837 1173 1878 ipse
1189 1834 1370 1866 Armeniam
1394 1834 1550 1876 profectus
1568 1839 1626 1869 est,

966 1885 998 1916 id
1022 1886 1106 1927 quod
1136 1886 1226 1927 longe
1257 1890 1329 1915 ante
1355 1891 1484 1914 mortem
1505 1883 1573 1924 Caji
1595 1888 1627 1913 et

968 1934 1055 1966 Lucii
1078 1934 1195 1965 factum
1211 1940 1270 1970 est,
1291 1934 1388 1963 Coesar
1403 1933 1465 1963 dici
1489 1932 1625 1962 nondum

966 1984 1112 2026 potuerit.
1158 1984 1293 2019 Deinde,
1324 1983 1407 2024 quod
1437 1987 1468 2012 et
1496 1992 1626 2023 puerum

966 2040 1056 2064 vocat
1071 2046 1076 2063 :
1102 2043 1164 2074 quo
1180 2032 1304 2063 nornine
1317 2031 1480 2067 immerito,
1492 2037 1527 2061 ut
1541 2037 1626 2073 puto,

965 2083 1107 2113 Tiberius
1123 2087 1295 2117 vocaretur,
1312 2081 1365 2122 qui
1385 2081 1450 2122 jam
1474 2090 1566 2121 supra
1581 2080 1627 2110 vi-

966 2131 1044 2172 ginti
1074 2130 1174 2162 aetatis
1204 2141 1300 2161 annos
1333 2129 1527 2171 impleverat,
1554 2138 1626 2159 cum

967 2180 1125 2222 expeditio
1135 2179 1262 2220 Syriaca
1271 2179 1489 2221 susciperetur.
1501 2178 1628 2208 anr„

1014 2231 1084 2260 179.
1118 2230 1217 2259 Crassi
1244 2230 1375 2270 gaudete
1402 2227 1540 2267 sepulti]
1571 2228 1626 2258 Yi-

967 2279 1105 2309 dendum
1131 2289 1170 2309 an
1191 2277 1311 2309 veritati
1333 2276 1509 2312 conveniat,
1534 2282 1565 2307 et
1588 2286 1627 2306 an

968 2337 1028 2357 non
1044 2326 1159 2361 Crassi,
1182 2337 1200 2357 a
1217 2325 1341 2356 Parthis
1365 2325 1448 2361 caesi‚
1463 2324 1627 2367 sepulchro

968 2375 1135 2406 caruerint.
1161 2380 1244 2406 certe
1256 2374 1364 2405 Valer.
1380 2375 1468 2404 Max.
1482 2373 1502 2403 i.
1515 2373 1558 2403 vi.
1578 2374 1627 2403 11.

971 2425 1084 2464 Corpus
1098 2425 1283 2464 imperatoris
1299 2425 1378 2453 inter
1385 2424 1567 2462 promiscuas
1578 2433 1627 2451 ca-

968 2475 1110 2504 daverum
1127 2480 1233 2508 strues,
1255 2474 1356 2502 avium
1365 2472 1568 2513 ferarumque
1584 2472 1628 2500 lu-

969 2524 1102 2553 mutibus
1116 2524 1271 2562 objectum.
1288 2521 1376 2556 sorte,
1390 2521 1487 2550 Crassi
1499 2522 1629 2559 gaudete

968 2573 1010 2601 bis
1036 2573 1106 2601 ulti.
1130 2577 1164 2602 ut
1189 2570 1321 2612 primum
1345 2580 1363 2600 a
1387 2568 1548 2603 Ventidio,
1574 2568 1627 2609 qui

969 2620 1075 2651 clades
1091 2620 1195 2651 intulit
1206 2619 1340 2655 Parthis,
1356 2629 1437 2649 nunc
1453 2618 1492 2648 ab
1505 2617 1627 2657 Augus-

969 2676 1000 2699 to
1020 2669 1190 2699 vindictam
1216 2673 1349 2698 sumtum
1373 2666 1501 2697 indicet.
1532 2672 1562 2696 et
1587 2665 1629 2695 ila

970 2723 1052 2748 recte
1069 2717 1185 2751 subdit,
1201 2718 1283 2746 ultor
1299 2718 1391 2746 adest.
1440 2715 1556 2744 Brun.
