1849 3198
604 221 951 264 HEROIDES.
985 221 1078 262 ΕΡ,
1111 220 1258 263 ΧΙΧ.

252 339 387 387 Ecce
413 355 603 386 merum
629 338 796 384 nutrix
821 336 1008 384 faustos
1035 337 1242 384 instillat
1266 337 1315 384 in
1340 337 1509 401 ignes:

319 418 547 481 Crasque
573 417 755 464 erimus
781 416 966 479 plures,
994 413 1171 477 inquit,
1200 421 1250 461 et
1274 415 1385 478 ipsa
1408 416 1551 464 bibit.

252 494 406 543 Effice
431 512 520 542 nos
545 494 730 558 plures,
757 493 918 540 evicta
941 507 1030 555 per
1054 507 1257 554 aequora
1280 493 1467 556 lapsus,
1550 497 1642 543 155

318 572 361 618 Ο
389 572 588 636 penitus
613 578 718 617 toto
743 570 893 617 corde
919 576 1120 631 recepte
1145 569 1282 616 mihi.

250 649 310 696 In
334 657 421 697 tua
445 656 609 696 castra
633 648 753 704 redi,

782 648 902 695 socii
929 648 1152 694 desertor
1177 647 1392 695 Amoris.

316 727 576 775 Ponuntur
600 727 765 774 medio
792 743 879 774 cur
904 742 1016 773 mea
1039 726 1265 772 membra
1288 727 1430 773 toro?

249 803 396 859 Quod
420 805 614 860 timeas,
642 821 740 852 non
765 811 858 851 est.
898 819 1019 851 auso
1045 802 1217 850 Venus
1244 803 1354 866 ipsa
1377 803 1589 853 favebit:

316 882 517 929 Sternet
540 889 590 930 et
599 898 887 955 aequoreas,
915 898 1115 945 aequore
1142 888 1274 937 nata,
1301 882 1423 930 vias.

1552 887 1644 931 160

250 958 329 1007 Ire
353 960 475 1007 libet
498 942 752 1007 tumidas
743 959 836 1023 ipsi
863 959 981 1006 mihi
1009 975 1142 1022 saepe
1166 975 1255 1023 per
1280 960 1467 1008 undas:

317 1036 419 1084 Sed
445 1037 572 1084 solet
594 1037 688 1084 hoc
714 1037 934 1083 malibus
958 1036 1114 1083 tutius
1141 1053 1252 1084 esse
1276 1037 1474 1085 fretum

249 1114 382 1163 Nam
406 1131 509 1171 cur,
536 1115 630 1162 hoc
655 1115 812 1163 vectis
839 1115 1048 1178 Phryxo
1075 1113 1373 1178 Phryxique
1400 1132 1581 1171 sorore,

317 1193 437 1241 Sola
460 1193 600 1241 dedit
623 1194 776 1240 vastis
801 1193 986 1240 femina
1011 1208 1190 1239 nomen
1216 1193 1394 1256 aquis?

249 1270 477 1318 Forsitan
492 1271 555 1319 ad
581 1272 793 1318 reditum
815 1277 1008 1317 metuas
1025 1286 1087 1317 ne
1102 1278 1330 1334 tempora
1349 1271 1529 1327 desint,
1553 1274 1644 1319 165

313 1349 417 1396 Aut
441 1350 624 1412 gemini
651 1365 872 1412 nequeas
898 1348 1023 1395 ferre
1048 1348 1231 1395 laboris
1257 1365 1399 1395 onus.

248 1427 317 1475 At
340 1444 430 1475 nos
457 1429 638 1476 diversi
664 1428 883 1476 medium
910 1427 1142 1474 coefflnus
1171 1426 1220 1472 in
1246 1443 1443 1489 aequor:

317 1505 581 1570 Obviaque
606 1507 656 1553 in
682 1506 888 1553 summis
915 1504 1086 1552 oscula
1109 1505 1286 1552 demus
1314 1504 1485 1567 aquis:

291 1703 363 1734 153.
396 1702 566 1744 Instillat]
603 1703 654 1734 Ita
684 1703 828 1734 meliores
857 1713 909 1733 co—

246 1752 345 1783 dices.

292 1803 365 1833 155.
404 1802 513 1833 Evicta
538 1814 593 1843 per
619 1803 764 1844 aequora]
805 1803 913 1833 Evicta

245 1857 302 1888 est,
315 1851 452 1882 natando
459 1859 616 1893 superata.
628 1864 680 1883 xv.
690 1853 824 1884 Metam.
836 1853 910 1883 706.

376 1901 694 1943 Evincitquefretum.

245 1948 359 1979 Horat.
377 1949 423 1980 iii.
441 1949 505 1980 Od.
523 1951 577 1981 40.

520 1999 655 2030 Horrida
671 2001 777 2031 callidi

336 2048 469 2079 I‘'incunt
485 2061 602 2090 (equora
616 2051 735 2081 naritae.

245 2097 342 2128 Plura
364 2097 404 2128 ad
419 2098 530 2129 Valer.
552 2099 641 2129 Flac.
666 2098 711 2129 iii.
734 2099 810 2129 481.
834 2104 911 2129 etv.

244 2148 320 2177 512.
342 2146 497 2178 dabimus.
521 2147 566 2178 ita
593 2159 664 2179 mox
688 2148 762 2178 181.
813 2148 914 2178 Victor·

244 2207 405 2237 aquarum.
454 2197 570 2237 Lapsus
585 2203 691 2228 autem
716 2198 766 2228 hic
786 2208 839 2239 pro
857 2210 911 2228 ηα-

245 2251 311 2276 tans
326 2245 462 2287 ponitur,
477 2257 549 2277 cum
573 2246 663 2277 aliter
686 2247 834 2287 navigare
857 2258 909 2277 no-

244 2299 302 2325 tet.
338 2303 372 2325 ut
397 2305 481 2337 supr.
508 2307 539 2326 v.
567 2297 622 2326 47.
644 2298 790 2336 navigare
813 2295 911 2341 dixit3

244 2343 299 2374 sed
315 2354 388 2375 cum
414 2344 498 2376 idem
521 2345 691 2386 navigium,
708 2346 825 2381 navita,
842 2357 912 2377 vec-

245 2399 291 2423 tor
314 2398 381 2423 erat
394 2393 546 2430 Leander,
563 2394 723 2435 eleganter
746 2395 804 2426 hoc
821 2406 912 2426 voca-

244 2442 353 2473 bulum
379 2442 485 2484 elegit.
512 2443 575 2475 vid.
605 2445 665 2486 Ep.
691 2457 723 2475 x.
747 2445 800 2476 65.
828 2445 911 2475 unde

246 2492 427 2523 Farnesiani
443 2493 560 2525 codicis
573 2494 666 2525 lectio
679 2500 725 2525 est
740 2496 856 2526 efficta.
882 2502 913 2526 et

246 2542 285 2572 ad
303 2542 403 2583 Epist.
420 2544 481 2574 xxi.
499 2545 552 2574 84.
578 2545 697 2574 Brun.

292 2592 363 2622 158.
392 2592 558 2623 Ponuntur
571 2595 664 2624 medio
679 2606 805 2624 carmen
825 2606 911 2624 mem-

246 2642 297 2670 bra
316 2642 414 2682 turo?]
442 2642 626 2672 Execrabile
643 2649 709 2673 erat
731 2643 788 2673 hoc
805 2654 910 2673 aman-

248 2691 348 2721 tibus:
387 2691 492 2732 itaque
522 2691 656 2723 Ovidius
686 2692 749 2734 ipse
785 2692 842 2722 lib.
877 2692 910 2722 ii.

248 2738 355 2769 Amor.
373 2740 462 2781 Eleg.
482 2753 510 2771 x.
531 2751 602 2771 cum
627 2742 743 2772 malum
773 2742 912 2772 hostibus

248 2788 445 2829 imprecatur,
461 2796 547 2831 optat
564 2801 635 2821 eum
660 2791 791 2821 <lon-nure
812 2792 840 2821 in
860 2803 910 2821 va-

981 1712 1039 1732 cuo
1064 1701 1157 1737 lecto,
1179 1707 1210 1732 et
1233 1701 1265 1732 in
1290 1700 1394 1732 medio
1418 1707 1483 1731 toro
1509 1701 1649 1732 membra

981 1761 1108 1792 ponere.
1133 1751 1199 1793 ejus
1215 1761 1322 1782 versus
1337 1755 1409 1781 sunt
1424 1762 1429 1779 z

1027 1802 1168 1832 Hostibus
1178 1803 1295 1831 eveniat
1306 1812 1397 1831 vacuo
1406 1802 1535 1831 dormire
1543 1801 1649 1837 cubili,

1070 1851 1109 1881 Et
1124 1852 1215 1881 medio
1232 1852 1291 1881 late
1304 1861 1414 1890 ponere
1426 1851 1555 1880 membra
1572 1856 1648 1881 toro.

1509 1898 1603 1929 Cror.

1028 1949 1100 1978 164.
1124 1948 1192 1978 Sola
1206 1950 1287 1979 dedit
1306 1949 1392 1978 mstis
1406 1946 1528 1989 femina
1545 1959 1650 1978 nomen

981 1997 1091 2038 aquis]
1118 1998 1170 2028 Ab
1195 1998 1301 2034 Helle,
1328 1997 1412 2039 quod
1435 1997 1466 2027 in
1488 1997 1547 2028 hoc
1571 1997 1647 2028 mari

981 2047 1106 2084 cecidit,
1137 2048 1348 2088 Hellespontus
1376 2046 1553 2089 appellatus
1586 2052 1648 2078 est.

982 2097 1076 2128 Cxof.

1028 2148 1098 2178 165.
1124 2147 1263 2178 Forsitan
1278 2148 1317 2177 ad
1334 2148 1462 2177 reditum
1484 2147 1592 2176 metuis
1612 2158 1652 2177 ne

980 2198 1084 2227 robora
1095 2197 1222 2238 desint]
1244 2197 1364 2227 Metuas
1378 2197 1459 2226 bene
1470 2195 1651 2227 Puteaneus

981 2252 1013 2277 et
1042 2247 1176 2288 Regius.
1223 2245 1348 2276 Deinde
1386 2252 1517 2284 tempora
1553 2247 1651 2275 desint

980 2296 1063 2327 idem
1097 2297 1277 2327 Puteaneus
1315 2306 1387 2326 cum
1425 2294 1531 2325 multis
1568 2295 1652 2326 aliis-

981 2347 1156 2378 IImNsius.
1205 2347 1325 2377 ,Metuas
1341 2352 1375 2376 ut
1400 2353 1529 2385 tempora
1552 2346 1648 2376 desint

981 2395 1102 2437 Regius
1115 2396 1225 2427 codeX.
1249 2396 1333 2438 quod
1349 2395 1373 2426 si
1390 2406 1461 2425 mox
1477 2406 1565 2435 queas
1579 2406 1648 2436 pos-

980 2451 1027 2476 set
1052 2445 1127 2485 legi,
1143 2445 1192 2476 vel
1217 2456 1272 2487 pro
1296 2456 1343 2482 eo,
1365 2447 1464 2485 possis,
1487 2444 1648 2486 placeret:

981 2495 1127 2537 majorem
1144 2495 1227 2526 enim
1247 2495 1279 2525 in
1302 2495 1518 2537 complexibus
1540 2494 1647 2525 amicae

981 2555 1096 2575 moram
1113 2545 1235 2575 trahere
1250 2553 1390 2580 coactus,
1406 2551 1544 2574 metuere
1561 2549 1649 2585 pote-

980 2600 1027 2624 rat
1042 2605 1102 2625 non
1118 2594 1229 2625 ardens
1243 2600 1372 2631 amator,
1385 2594 1443 2625 sibi
1456 2600 1579 2634 tempus
1594 2592 1648 2623 de-

981 2643 1117 2674 futurum
1134 2644 1173 2675 ad
1190 2644 1384 2675 redeundum
1399 2655 1407 2681 ;
1431 2650 1462 2673 et
1474 2653 1649 2673 sarcasmus

981 2693 1151 2734 elegantior
1188 2694 1313 2725 inesset.
1382 2693 1504 2723 Merum
1542 2698 1647 2721 tamen

981 2750 1074 2773 rccte.
1105 2744 1166 2775 vid.
1199 2744 1298 2785 Epist.
1330 2744 1351 2773 i.
1381 2743 1434 2773 77.
1465 2749 1494 2771 et
1522 2741 1563 2772 iv.
1592 2742 1645 2771 53.

984 2792 1098 2822 Brun.
