1849 3198
221 170 307 210 404
615 170 666 209 Ρ.
700 167 914 211 OVIDII
948 165 1230 208 NASONIS

226 284 302 331 En
326 290 668 349 revocant..‹‘at,
696 300 756 330 ne
781 284 948 330 turbet
971 289 1090 345 toga
1114 289 1248 329 mota
1271 281 1493 345 capillos,
1551 285 1611 328 75

293 361 352 407 In
378 368 572 408 nostros
598 361 753 408 abdas
778 367 828 406 te
851 359 970 406 licet
994 375 1154 421 usque
1179 358 1333 405 sinus.

222 436 440 500 Jamque
464 444 637 501 patent
660 437 837 483 iterum
862 442 1080 482 reserato
1106 451 1303 482 carcere
1328 442 1513 498 postes.

290 513 469 561 Evolat
493 514 723 562 admissis
748 514 962 560 discolor
987 528 1166 574 agmen
1192 512 1351 575 equis.

225 591 371 638 Nunc
397 593 572 639 saltem
599 607 794 655 supera,
822 590 1085 653 spatioque
1112 589 1311 651 insurge
1337 589 1543 653 patenti.

291 668 403 716 Sint
426 685 552 725 mea,
580 668 678 715 sint
702 667 915 714 dominae
941 665 1016 713 fac
1044 672 1150 712 rata
1173 673 1288 713 vota
1312 682 1453 713 meae.
1548 669 1611 712 80

223 744 351 792 Sunt
374 746 587 793 dominae
611 753 718 793 rata
741 751 854 792 vota
874 760 1021 791 meae:
1064 759 1175 790 mea
1191 750 1305 790 vota
1324 750 1608 807 supersunt.

288 821 379 869 Ille
403 830 541 871 tenet
565 824 806 887 palmam:
848 823 1013 886 palma
1038 822 1258 886 petenda
1281 822 1401 869 mihi
1426 828 1518 869 est.

221 898 369 956 Risit,
396 908 446 948 et
471 901 657 963 argutis
683 901 923 963 quiddam
949 899 1175 963 promisit
1198 899 1385 946 ocellis.

287 975 396 1023 Hoc
423 978 542 1024 satis
568 978 664 1025 hic.
694 979 788 1025 alio
814 985 979 1025 cetera
1005 978 1156 1024 redde
1181 978 1306 1024 loco.

673 1272 997 1319 ELEGIA
1058 1271 1156 1318 III.

216 1386 340 1434 Esse
369 1387 520 1444 Deos,
549 1389 579 1444 i,
608 1389 771 1436 crede.
800 1388 950 1435 fidem
968 1388 1136 1450 jurata
1159 1386 1353 1434 fefellit:

281 1463 346 1511 Et
371 1464 522 1512 facies
548 1466 633 1521 illi,
662 1482 774 1528 quae
800 1465 892 1512 fuit
917 1472 1051 1520 ante,
1080 1471 1261 1512 manet.

212 1540 374 1594 Quam
400 1542 572 1604 longos
597 1542 773 1589 habuit
798 1542 1017 1588 nondum
1038 1543 1204 1604 jurata
1228 1541 1450 1604 capillos,

280 1617 404 1664 Tam
428 1619 620 1680 longos,
649 1626 917 1682 postquam
942 1618 1146 1665 numina
1169 1618 1301 1673 lusit,
1329 1618 1495 1665 habet.

214 1694 442 1742 Candida
468 1696 734 1743 candorem
760 1712 900 1743 roseo
927 1695 1116 1742 suffusa
1139 1697 1315 1743 rubore
1575 1699 1603 1741 5

277 1771 408 1818 Ante
435 1773 595 1819 stetit:
636 1773 778 1820 niveo
803 1773 939 1820 lucet
964 1773 1012 1818 in
1039 1789 1121 1819 ore
1147 1773 1312 1819 rubor.

211 1846 309 1894 Pes
336 1855 440 1895 erat
464 1849 700 1911 exiguus:
741 1850 883 1912 pedis
910 1856 986 1896 est
1012 1849 1272 1913 aptissima
1296 1848 1467 1895 forma.

277 1924 448 1988 Longa
471 1926 757 1989 decensque
782 1926 897 1973 fuit:
936 1928 1085 1989 longa
1110 1928 1397 1988 decensque
1417 1932 1600 1973 manet.

251 2111 302 2141 78.
329 2111 491 2152 Discolmu]
542 2113 591 2143 De
621 2113 776 2144 coloribus
803 2114 869 2145 Cir·
939 2112 1104 2154 particula,
1133 2123 1186 2143 wie.-
1224 2117 1258 2142 ut
1292 2116 1353 2141 stet
1382 2121 1499 2141 versus.
1531 2120 1602 2140 nam

205 2160 345 2191 censium
361 2161 559 2203 agitatorum,
576 2168 608 2193 et
622 2162 661 2192 de
674 2163 815 2204 pluribus
831 2163 870 2194 ad
929 2163 1009 2202 fides
1022 2161 1148 2203 corripit
1171 2161 1302 2203 primam
1326 2159 1494 2200 syllabam.
1540 2160 1601 2190 Le-

206 2209 334 2239 Circum
368 2211 593 2252 spectantibus,
635 2211 700 2242 vid.
739 2212 870 2243 Salmas.
938 2210 1076 2251 gendum
1102 2210 1195 2250 igitur
1229 2214 1286 2245 est,
1318 2209 1387 2240 Esse
1426 2208 1501 2238 Deos
1538 2220 1602 2239 cre-

206 2258 318 2292 Exerc.
337 2258 420 2289 Plin.
437 2270 507 2301 pag.
520 2261 595 2290 629.
608 2265 639 2291 et
651 2272 741 2302 seqq.
939 2261 1064 2289 dumne?
1087 2259 1212 2294 jurata,
1228 2268 1297 2299 quae
1316 2257 1443 2298 juravit.
1472 2257 1602 2298 Legitur

938 2310 1043 2344 etiam,
1058 2311 1196 2348 perjura.
1227 2309 1380 2338 luamus.

249 2357 278 2386 l.
296 2356 363 2387 Esse
380 2356 456 2387 Deos
469 2358 657 2398 Hadranum]
690 2359 870 2391 Puteaneus
983 2359 1012 2389 7.
1039 2357 1230 2397 Aptissima]
1263 2357 1421 2387 lli-tissima
1447 2355 1601 2390 meliores.

202 2410 233 2436 et
248 2404 383 2446 optimus
397 2405 571 2442 Palatinus,
583 2408 738 2438 hiem-ede.
751 2408 868 2444 Scribe,
937 2408 975 2438 ab
1012 2407 1087 2438 edit.
1123 2406 1257 2448 princip.
1288 2406 1412 2436 Frustra
1448 2404 1599 2435 damnant

202 2456 222 2489 i,
238 2455 336 2485 crede.
353 2454 479 2496 elegans
500 2455 649 2496 loquendi
674 2457 796 2493 modus,
813 2458 867 2488 sed
937 2458 1047 2487 Ileins.
1076 2463 1108 2488 et
1133 2457 1243 2486 Burm.
1271 2454 1324 2496 qui
1349 2465 1410 2484 non
1437 2460 1600 2485 senserunt

202 2513 265 2533 non
280 2513 348 2534 raro
371 2504 410 2534 ab
434 2503 639 2536 oscitantibus
663 2505 796 2537 librariis
820 2508 864 2537 in·
936 2505 1011 2536 nihil
1037 2505 1123 2536 aliud
1152 2504 1202 2535 hic
1232 2510 1357 2545 poetam
1386 2503 1512 2538 dixisse,
1541 2502 1599 2533 nisi

201 2558 366 2583 terversus.
395 2553 512 2584 mes.
933 2557 1035 2594 pedem
1065 2554 1172 2585 amicae
1199 2564 1269 2584 eum
1299 2563 1377 2588 esse,
1402 2558 1472 2594 post
1495 2552 1599 2594 perjun

247 2601 372 2631 Credam
384 2601 412 2641 ?]
432 2602 569 2633 Omnino
587 2603 640 2644 (ut
656 2602 865 2634 estinmanu-
936 2605 1025 2639 rium,
1045 2604 1098 2645 qui
1122 2609 1194 2634 ante
1219 2603 1330 2637 fuerat,
1354 2605 1512 2643 erigam:
1539 2601 1596 2631 for-

200 2650 339 2692 scriptis)
365 2652 547 2692 apponenda
572 2657 617 2683 est
645 2652 867 2691 interrogativa
934 2665 991 2684 mae
1008 2653 1101 2694 igitur
1116 2652 1425 2683 artissi⁷11oe.·A³1Au.
