1849 3198
0 2901 7 3198 ᾉῤ--ῌῄ
0 2783 2 2887 -Ἰᾼ
0 2770 1 2776 ᾼ

630 234 976 277 HEROIDES.
1010 234 1102 276 ΕΡ.
1137 234 1256 276 XII.
1553 234 1637 276 153

247 352 315 400 At
339 369 438 400 non
461 360 512 401 te
535 352 728 415 fugiens
755 351 860 398 sine
885 366 981 406 me,
1010 366 1259 412 germane,
1287 349 1479 413 reliqui.

314 431 498 479 Deficit
520 431 613 478 hoc
638 446 736 476 uno
760 429 905 476 litera
927 435 1096 475 nostra
1118 428 1243 474 loco.
1547 430 1637 474 114

249 507 396 562 Quod
416 508 578 555 facere
595 523 716 554 ausa
738 522 851 553 mea
869 512 961 561 est,
982 521 1079 552 non
1096 504 1247 552 audet
1265 504 1495 561 scribere,
1516 505 1639 552 dex-

318 585 401 632 Sic
428 602 536 647 ego,
564 584 654 631 sed
678 591 861 638 tecum,
890 582 1211 630 dilaceranda
1233 581 1318 628 fui.
1526 583 1638 644 [tra‚

250 662 359 710 Nec
385 670 553 709 tamen
569 660 776 708 extimui
797 660 942 723 (quid
962 660 1094 707 enim
1118 666 1231 723 post
1255 659 1339 705 illa
1360 659 1640 721 timerem?)

317 740 535 787 Credere
560 755 640 785 me
665 738 843 802 pelago
868 737 1067 793 femina,
1095 744 1297 799 tamque
1323 752 1524 783 nocens,

249 817 450 864 Numen
470 817 553 863 ubi
574 816 683 863 est?
710 815 795 862 ubi
816 814 910 861 Di?
942 814 1141 861 meritas
1163 815 1430 860 subeamus
1449 813 1499 859 in
1524 814 1639 869 alto,

315 895 391 940 Tu
416 894 600 940 fraudis
626 909 815 957 poenas,
842 892 1148 939 credulitatis
1175 908 1284 954 ego.
1551 894 1642 937 120

252 971 558 1034 Complexos
586 971 774 1017 utinam
803 970 1167 1034 Symplegades
1194 969 1457 1024 elisissent,

318 1048 603 1111 Nostraque
630 1048 939 1095 adhaererent
963 1048 1159 1094 ossibus
1185 1062 1299 1093 ossa
1322 1046 1441 1092 tuis!

250 1125 353 1174 Aut
377 1143 466 1172 nos
495 1125 666 1189 Scylla
690 1141 846 1189 rapax
872 1125 1079 1172 canibus
1105 1124 1323 1171 misisset
1348 1123 1593 1171 edendos!

316 1203 531 1266 (Debuit
554 1203 759 1265 ingratis
789 1202 961 1266 Scylla
984 1218 1164 1249 nocere
1188 1200 1345 1261 viris.)
1551 1203 1640 1247 124

296 1403 366 1433 113.
390 1402 460 1433 Sine
477 1402 552 1443 me.]
580 1403 767 1444 Suspectum
790 1402 848 1433 hoc
868 1409 914 1434 est

248 1458 279 1482 et
295 1451 414 1482 duriter
425 1451 557 1482 dictum.
581 1451 685 1487 multi,
697 1458 729 1482 at
744 1459 772 1483 te
790 1452 912 1494 nonfu-

245 1503 343 1543 giens.
369 1507 403 1531 ut
428 1511 537 1531 sensus
560 1501 611 1537 sit,
635 1512 697 1531 non
719 1513 776 1543 ego
791 1501 914 1542 fugiens

248 1550 361 1591 reliqui
378 1556 408 1580 te
424 1550 490 1580 sine
507 1561 568 1586 me,
585 1550 640 1580 sed
656 1550 705 1580 vel
724 1561 847 1581 mecum
863 1562 913 1581 co-

248 1599 357 1630 mitem
372 1599 454 1640 fugae
481 1599 629 1636 adsumsi,
645 1605 680 1630 ut
702 1600 830 1641 quidam
854 1605 915 1631 tra-

249 1649 339 1685 dunt,
351 1648 400 1679 vel
417 1648 634 1690 insequentem
650 1654 680 1680 te
693 1660 747 1679 nos
762 1649 915 1680 interemi.

250 1699 437 1740 Cogitabam
461 1698 641 1739 aliquando,
658 1700 699 1729 At
715 1710 771 1729 cur
788 1711 845 1729 71011
853 1699 914 1741 fu-

249 1750 334 1790 giens
348 1749 389 1779 sic
406 1755 432 1778 te
450 1748 600 1778 Germane
623 1750 753 1789 reliqui?
777 1759 832 1779 cur
855 1760 916 1779 non

251 1797 361 1828 eodem
386 1797 489 1834 modo,
515 1803 550 1828 ut
574 1804 706 1829 matrem
729 1804 760 1829 et
782 1809 916 1829 sororem

248 1847 372 1889 reliqui,
383 1853 414 1878 te
427 1858 550 1889 quoque
568 1848 680 1889 reliqui
696 1848 778 1879 domi
794 1849 916 1879 salvum

251 1903 282 1928 et
308 1897 509 1933 incolumem,
532 1897 587 1928 sed
609 1904 639 1928 te
666 1898 822 1929 lacerari?
846 1909 915 1929 mox

252 1946 381 1988 quidam
396 1946 502 1989 scripti
519 1953 551 1977 et
565 1946 652 1983 editi,
666 1949 707 1978 sic
730 1960 794 1989 ego,
813 1950 854 1978 sic
874 1954 916 1978 te-

251 2007 329 2031 cum,
345 1995 433 2036 quasi
458 1995 496 2025 ad
513 1995 684 2037 Absyrtum
700 2002 781 2027 esset
796 2008 894 2027 sermo
908 2009 915 2035 3

252 2044 307 2075 sed
337 2043 507 2086 respiciunt
537 2044 594 2075 illa
621 2046 781 2076 Jasonem.
821 2057 916 2087 quare

252 2099 335 2124 recte
361 2092 405 2123 sic
422 2104 479 2134 ego
496 2092 540 2124 fui
565 2093 766 2125 dilaceranda
792 2105 810 2125 a
825 2095 916 2126 fratre

252 2152 332 2178 meo,
355 2142 411 2172 sed
435 2141 528 2172 simul
550 2153 622 2173 cum
647 2143 764 2174 Jasone
788 2143 917 2185 perfido.

251 2191 298 2222 iii.
313 2191 423 2222 Amor.
441 2191 504 2222 xiv.
523 2192 576 2221 46.

298 2241 382 2271 Tunc
398 2252 460 2283 ego,
475 2243 525 2272 sed
541 2248 635 2272 tecum
653 2248 786 2272 mortuus
799 2254 855 2274 esse
872 2254 915 2273 re-

339 2292 402 2321 lim.

253 2339 329 2371 Vid.
346 2340 447 2382 Epist.
462 2340 529 2370 xiii.
548 2342 600 2371 72.
627 2342 745 2371 Brun.

301 2391 372 2420 118.
397 2390 523 2430 Jamque
547 2391 681 2431 nocens]
718 2391 845 2432 Tamque
871 2398 918 2422 cst

252 2439 285 2470 in
301 2439 445 2482 Francos.
463 2440 546 2481 quod
561 2439 745 2482 elegantius,
757 2441 831 2482 quia
845 2452 917 2471 nus-

253 2499 348 2529 quam
378 2488 606 2530 praesentiorem
637 2489 807 2520 vindictam
836 2489 915 2520 divi-

255 2548 326 2568 nam
342 2537 512 2568 credebant
528 2547 656 2574 veteres,
673 2549 767 2579 quam
784 2539 815 2568 in
838 2538 915 2568 mari

254 2592 286 2616 et
302 2597 394 2628 aqua,
412 2587 436 2616 si
453 2586 594 2618 scelerati
619 2599 650 2618 se
666 2588 728 2617 illis
743 2588 915 2623 crederent,

255 2641 289 2666 ut
318 2635 404 2666 mille
433 2636 601 2667 Poetarum
631 2636 700 2667 loca
728 2637 917 2675 ostendunt3

256 2695 326 2725 quae
348 2684 397 2715 hic
414 2684 589 2727 constipare
611 2685 688 2716 nihil
710 2685 834 2716 attinet.
852 2685 916 2716 vid.

257 2733 368 2764 Horat.
386 2733 430 2764 iii.
446 2734 508 2765 Od.
525 2734 556 2765 ii.
572 2736 626 2765 28.
644 2741 717 2765 nota
731 2742 778 2765 est
793 2747 917 2777 quoque

258 2781 395 2814 Historia
409 2783 498 2814 Jonae
514 2784 690 2826 I‘rophetae.
715 2785 831 2815 Burin.

1028 1406 1100 1435 121.
1128 1405 1304 1446 Compressos
1328 1407 1445 1435 utinam
1471 1404 1644 1446 Symplega-

981 1456 1031 1486 des
1067 1456 1222 1491 elisissent‚
1260 1455 1426 1495 Nostraque
1460 1455 1644 1485 «dhan-erent

982 1506 1088 1534 ossibus
1102 1516 1161 1534 ossa
1178 1506 1253 1534 tuis:
1277 1505 1340 1533 Aut
1358 1516 1408 1534 nos
1423 1504 1524 1543 Scylla
1540 1515 1645 1543 rapui,

982 1554 1060 1594 δια]
1088 1553 1428 1596 IndignatusJuppiter
1442 1553 1642 1595 propterAb-

983 1603 1058 1644 syrti
1074 1613 1183 1633 necem
1206 1603 1365 1643 ingentem
1380 1601 1570 1643 Argonautis
1584 1603 1643 1632 im-

983 1652 1066 1683 misit
1082 1657 1299 1693 tempestatem
1315 1664 1320 1681 :
1345 1657 1470 1693 propter
1485 1662 1579 1692 quam
1602 1652 1647 1682 ita

983 1701 1037 1731 diu
1051 1706 1201 1736 errarunt,
1218 1706 1253 1731 ut
1268 1701 1386 1742 Libyae,
1399 1699 1524 1736 Galliae,
1541 1700 1646 1730 Sardi-

984 1751 1055 1787 niae,
1076 1756 1107 1781 et
1122 1751 1277 1781 Hetruriae
1300 1750 1405 1780 littora
1427 1749 1645 1791 praeterierint.

983 1799 1183 1842 Acceperant
1208 1805 1314 1830 autem
1339 1798 1427 1830 Jovis
1456 1799 1533 1829 iram
1562 1799 1647 1840 prius

984 1849 1152 1880 desituram
1167 1859 1228 1879 non
1238 1859 1314 1884 esse,
1328 1859 1421 1889 quam
1434 1848 1465 1877 in
1475 1847 1646 1878 Ausoniam

985 1899 1115 1940 profecti
1130 1898 1260 1939 Absyrti
1283 1898 1369 1928 necis
1390 1908 1407 1927 a
1423 1897 1513 1927 Circe
1530 1897 1647 1939 expiati

985 1948 1125 1978 fuissent.
1171 1948 1290 1978 Auctor
1313 1946 1521 1988 Apollodorus
1544 1947 1599 1977 lib.
1623 1947 1646 1977 i.

985 2004 1078 2038 atque
1095 1997 1209 2027 idcirco
1222 1998 1322 2027 Po‘e'ta
1336 1996 1448 2038 Scyllae
1465 2002 1496 2026 et
1507 1996 1648 2037 Charyb-

985 2047 1032 2077 dis
1048 2047 1185 2078 hocloco
1197 2046 1350 2077 meminit.
1397 2047 1500 2082 Quam
1517 2057 1580 2077 rem
1597 2046 1647 2077 hic

985 2097 1123 2132 miratur,
1140 2097 1191 2127 vel
1206 2096 1309 2138 potius
1325 2096 1469 2138 quaeritat
1484 2096 1648 2136 Egnatius.

986 2147 1169 2178 CiorANrs.
1218 2147 1386 2186 CompleJ-os
1409 2145 1470 2176 duo
1494 2145 1647 2177 Medicei.

986 2196 1055 2227 vide
1072 2202 1159 2227 notas
1175 2196 1273 2238 Epist.
1288 2196 1330 2226 iv.
1345 2206 1424 2226 vers.
1442 2197 1515 2226 139.
1542 2196 1648 2226 me-

986 2257 1066 2277 sxus.
1111 2246 1229 2276 Recte:
1268 2256 1340 2276 nam
1378 2245 1565 2286 tempestiva
1598 2244 1648 2276 hic

986 2295 1101 2326 mentio
1124 2296 1357 2337 complexuum,
1373 2295 1405 2325 in
1427 2303 1489 2325 tam
1513 2295 1649 2325 infausto

985 2344 1140 2386 conjugio,
1157 2351 1191 2375 ut
1207 2350 1317 2375 voveat
1332 2355 1364 2375 se
1387 2343 1419 2374 in
1445 2343 1556 2374 mediis
1580 2355 1647 2374 am-

985 2394 1129 2435 plexibus
1143 2394 1237 2424 fuisse
1251 2394 1359 2425 elisam
1375 2393 1454 2424 inter
1465 2394 1648 2435 Symplega-

985 2442 1052 2473 das.
1076 2443 1194 2473 Burin.

1029 2492 1102 2522 123.
1128 2494 1191 2522 Aut
1212 2503 1261 2522 uos
1284 2491 1387 2532 Scylla
1408 2492 1532 2532 minua]
1560 2492 1648 2533 Scyl-

984 2540 1021 2570 lzc
1052 2547 1083 2571 et
1106 2541 1350 2582 Symplegadum
1381 2541 1430 2571 hic
1457 2541 1646 2572 mentionem

985 2590 1070 2625 facit,
1088 2591 1135 2621 vel
1151 2591 1225 2632 quia
1242 2596 1295 2629 <ut
1310 2591 1455 2632 Orpheus
1469 2591 1548 2631 Arg.
1567 2602 1647 2621 vers.

989 2641 1083 2670 1246.
1121 2640 1226 2677 tradit,
1258 2646 1384 2671 notante
1417 2641 1483 2683 jam
1514 2640 1648 2679 Volsco)

987 2688 1071 2727 Argo
1100 2688 1154 2719 illa
1182 2689 1251 2720 loca
1280 2690 1464 2731 penetravit.
1496 2689 1543 2720 vel
1574 2688 1649 2730 quia

987 2737 1120 2767 Ovidius
1136 2738 1235 2774 finxit,
1259 2738 1408 2769 Medeam
1425 2744 1599 2773 voventem,
1615 2743 1649 2768 ut

988 2786 1056 2817 loca
1092 2785 1146 2817 illa
1174 2787 1344 2824 transisset,
1377 2799 1437 2829 quo
1467 2789 1553 2818 locus
1589 2786 1647 2827 ipsi
