1849 3198
200 170 265 208 viii
624 167 668 204 P.
697 165 888 204 OVIDII
917 164 1170 204 NASONIS

203 278 253 319 In
274 277 463 320 secundo
484 283 626 318 autem
647 276 702 317 de
725 275 881 326 Ponto,
905 274 1031 330 Eleg.
1050 275 1119 316 vii.
1143 275 1203 317 sic
1225 274 1370 317 scribit
1388 289 1396 314 :

308 377 402 415 Vita
420 376 522 426 prior
540 374 634 413 vitio
653 381 768 418 caret,
789 381 828 412 et
847 374 929 412 sine
948 374 1033 413 labe
1050 381 1202 425 peracta
1220 380 1277 412 est
1294 388 1302 410 :

358 439 511 477 Auxilii
529 438 666 476 misero
685 437 741 475 nil
759 437 853 475 tulit
871 437 938 475 illa
956 437 1063 474 mihi.

261 547 429 589 Habuit
450 561 606 588 uxores
635 554 737 596 tres,
759 560 940 600 quarum
964 546 1071 586 duas
1095 545 1360 600 repudiavit3
1393 558 1490 586 cum
1516 550 1600 584 ter-

202 616 262 656 tia
289 629 390 656 vero
415 614 756 668 conjunctissime
784 621 828 653 et
855 613 1138 654 amantissime
1166 613 1294 653 vixit:
1327 613 1428 654 item
1454 610 1599 660 filiam,

203 690 246 725 et
266 681 369 723 alios
388 680 570 731 liber0s3
602 680 679 721 sed
699 694 755 721 ex
774 679 864 720 filia
892 687 934 722 et
964 695 1067 720 avus
1088 679 1225 722 factus
1255 687 1333 722 est.
1382 679 1530 727 Quare
1558 678 1601 718 in

203 755 357 803 quarto
378 747 510 789 Trist,
534 747 607 796 ait,
630 745 756 802 Eleg.
781 761 833 787 x:

310 838 425 876 Paene
444 836 538 874 mihi
552 849 670 888 puero
688 849 759 875 nec
774 835 891 886 digna
909 848 979 874 nec
998 834 1106 873 utilis
1126 848 1221 873 uxor

360 899 435 938 Est
455 900 556 944 data,
575 913 659 950 quae
676 907 830 950 tempus
847 899 1031 949 perbreve
1049 906 1170 949 nupta
1187 899 1275 937 fuit.

310 962 374 1000 Illi
389 962 583 1006 successit,
603 961 776 1012 quamvis
795 961 876 999 sine
895 961 1065 1005 crimine,
1086 962 1224 1012 conjux

361 1025 454 1062 Non
472 1032 603 1063 tamen
621 1025 662 1061 in
680 1030 808 1062 nostro
828 1023 936 1061 firma
955 1023 1088 1061 futura
1105 1030 1198 1061 toro.

312 1086 472 1131 Ultima,
492 1100 576 1137 quae
594 1099 745 1124 mecum
765 1099 865 1124 seros
880 1086 1093 1136 permansit
1111 1086 1151 1123 in
1171 1099 1302 1130 annos,

363 1150 558 1189 Sustinuit
577 1151 716 1201 conjux
735 1148 879 1188 exsulis
898 1162 979 1187 esse
997 1148 1081 1186 viri.

310 1211 411 1251 Filia
429 1226 490 1250 me
508 1225 593 1251 mea
610 1213 668 1250 bis
686 1212 810 1263 prima
828 1210 993 1250 fecunda
1008 1210 1184 1260 juventa,

363 1274 442 1313 Sed
460 1289 536 1313 non
555 1288 603 1314 ex
621 1288 699 1313 uno
716 1274 888 1325 conjuge,
908 1274 1001 1312 fecit
1020 1287 1146 1312 avum.

263 1357 372 1399 Cum
393 1366 534 1400 autem
550 1358 797 1414 Augustum
814 1358 1029 1399 Caesarem
1044 1358 1353 1413 imprudenter,
1372 1364 1415 1399 et
1430 1357 1601 1407 inscius,

204 1433 252 1466 ut
279 1426 372 1480 ipse
401 1426 474 1476 ait,
507 1426 771 1476 offendisset,
798 1426 853 1467 ad
881 1425 1078 1467 Euxinos
1109 1427 1164 1467 ab
1195 1441 1246 1467 eo
1276 1425 1492 1481 relegatus
1523 1432 1602 1473 est,

206 1508 338 1534 annos
359 1500 482 1534 natus
503 1492 556 1543 l.;
593 1508 726 1548 quare
748 1494 805 1535 ait
825 1493 869 1533 in
889 1493 942 1534 iv.
966 1492 1100 1534 Trist.
1126 1492 1251 1548 Eleg.
1276 1508 1327 1533 x:

312 1605 480 1655 Postque
498 1618 599 1642 meos
618 1612 723 1642 ortus
744 1604 867 1642 Pisae-21
886 1604 1038 1643 vinetus
1055 1605 1156 1642 oliva

363 1666 590 1704 Abstulerat
609 1666 734 1704 decies
752 1666 908 1716 praemia
927 1666 1046 1704 victor
1065 1680 1207 1717 equus:

312 1727 411 1765 Cum
430 1728 543 1765 maris
564 1727 709 1764 Euxini
728 1727 868 1778 positos
888 1727 936 1765 ad
954 1727 1048 1766 laeva
1068 1728 1240 1766 Tomitas

364 1790 546 1836 Quaerere
564 1803 625 1828 me
645 1790 723 1828 laesi
742 1791 923 1841 principis
942 1791 998 1829 ira
1011 1791 1136 1841 jubet.

266 1899 485 1940 Describit
511 1907 653 1940 autem
679 1899 911 1941 discessum
936 1915 1058 1940 suum
1085 1914 1139 1941 ex
1160 1900 1283 1950 urbe,
1306 1907 1350 1941 et
1376 1901 1537 1950 uxoris,
1560 1909 1603 1942 et

208 1975 447 2008 ceterorum
468 1981 640 2008 suorum
659 1966 879 2019 lacrymas,
903 1968 1139 2022 duramque
1164 1975 1207 2009 et
1228 1967 1509 2023 periculosam
1530 1983 1603 2009 na-

208 2034 463 2089 vigationem
484 2048 616 2083 suam,
640 2034 777 2088 primo
794 2034 926 2081 Trist.
951 2035 1081 2090 longa
1097 2035 1293 2091 epistola,
1311 2051 1408 2091 quae
1431 2036 1601 2091 incipit:

312 2168 412 2206 Cum
431 2168 532 2207 subit
552 2168 656 2207 illius
674 2169 892 2208 tristissima
910 2170 1030 2209 noetis
1049 2171 1186 2221 imago,
1208 2171 1275 2209 &c.

268 2298 485 2339 Praeterea
514 2298 649 2352 primo
671 2299 725 2340 (le
748 2298 904 2349 Ponto,
928 2299 970 2340 in
993 2298 1133 2354 Epist.
1158 2301 1212 2341 ad
1236 2300 1458 2351 Rufinum,
1481 2316 1532 2342 eo
1560 2303 1603 2343 in

208 2366 303 2407 loco
324 2380 368 2406 se
390 2365 600 2415 exsulare,
622 2366 697 2407 ubi
724 2382 892 2421 semper
918 2367 1101 2408 maxima
1129 2367 1270 2409 forent
1297 2368 1470 2423 frigora,
1494 2384 1603 2411 sum-

210 2448 362 2488 maque
382 2434 525 2487 inopia
545 2434 754 2475 bonorum
775 2435 974 2483 omnium,
997 2434 1063 2475 his
1084 2436 1277 2489 queritur
1297 2436 1489 2477 versibus
1506 2453 1514 2477 :

315 2577 429 2614 Orbis
448 2578 487 2613 in
508 2579 687 2616 extremis
702 2579 809 2628 jaceo
829 2579 1002 2618 desertus
1022 2581 1157 2623 arenis,

368 2639 460 2676 Fert
481 2640 544 2676 ubi
565 2647 768 2690 perpetuas
788 2643 923 2680 obruta
941 2649 1042 2680 terra
1062 2643 1177 2680 nives.
