1849 3198
569 217 864 260 A'MORUM.
918 217 1037 258 LIB.
1073 216 1137 257 II.
1169 216 1236 257 11.

1524 215 1607 256 371

222 334 378 390 Felix,
407 350 557 397 quern
583 334 790 382 Veneris
815 333 1087 380 certamina
1111 339 1284 379 mutua
1307 330 1566 394 rumpunt!

289 411 353 457 Di
377 411 576 468 faciant,
601 411 688 459 leti
712 426 891 458 caussa
914 410 978 457 sit
1001 410 1097 457 ista
1121 409 1244 456 mei!
1542 409 1606 453 30

221 487 402 535 Induat
427 489 646 536 adversis
672 488 917 535 contraria
939 494 1143 551 pectora
1165 486 1277 533 telis

287 565 452 621 Miles,
479 572 528 612 et
553 573 789 613 aeternum
816 564 1054 626 sanguine
1080 579 1260 610 nomen
1286 569 1433 608 emat.

215 640 423 695 Quaerat
446 658 619 688 avarus
644 658 793 705 opes3
835 648 885 688 et
909 657 1020 703 quae
1045 640 1240 687 lassarit
1264 639 1448 686 arando

286 717 521 781 AEquora,
548 721 747 783 perjuro
772 720 1038 780 naufragus
1064 733 1147 764 ore
1171 717 1327 763 bibat.

220 793 288 840 At
311 795 431 842 mihi
456 797 711 858 contingat
733 795 942 843 Veneris
967 795 1290 857 languescere
1314 797 1474 847 motu;
1545 792 1608 836 35

290 871 420 919 Cum
445 874 640 929 moriar,
668 873 885 920 medium
912 873 1073 919 solvar
1098 879 1148 918 et
1171 871 1300 917 inter
1323 884 1472 933 opus:

222 945 391 1011 Atque
417 950 612 1013 aliquis,
635 958 804 997 nostro
828 949 1090 996 lacrimans
1115 948 1165 994 in
1189 946 1376 1000 funere,
1403 944 1553 997 dicat,

290 1024 602 1074 Conveniens
627 1027 738 1073 vitae
764 1041 895 1073 mors
919 1025 1012 1072 fuit
1036 1024 1132 1071 ista
1156 1040 1274 1071 suae.

705 1284 1003 1331 ELEGIA
1043 1283 1135 1330 XI.

226 1391 395 1440 Prima
419 1393 573 1439 malas
599 1393 784 1449 docuit,
813 1393 1105 1441 mirantibus
1129 1391 1341 1454 aequoris
1368 1391 1529 1447 undis,

291 1470 491 1518 Peliaco
517 1471 663 1534 pinus
688 1471 871 1518 vertice
897 1486 1028 1517 caesa
1051 1470 1182 1516 vias:

216 1623 300 1664 forti
324 1635 455 1664 corpore,
482 1631 516 1655 ut
542 1625 656 1666 virgil.
684 1625 727 1655 iv.
758 1626 886 1657 ,Eneid.

226 1683 259 1703 ιι.

273 1722 370 1757 Quam
378 1723 460 1764 forti
473 1730 590 1764 pectore
602 1731 629 1754 et
645 1726 747 1754 armis.

692 1774 845 1804 Mamus.

231 1820 339 1851 Potest
362 1827 493 1861 utraque
516 1821 611 1852 lectio
636 1820 784 1859 defendi;
817 1832 889 1852 nam

227 1876 274 1900 est
289 1875 455 1911 utrumque
472 1871 601 1901 verbum
626 1870 658 1901 in
682 1870 740 1901 hac
764 1882 795 1901 re
819 1882 887 1912 pro-

226 1918 341 1960 prium.
388 1919 507 1949 Burin.

270 1969 325 1998 29.
371 1967 543 1998 Certamina
580 1974 686 1998 mutua
719 1969 886 2008 perdunt.]

229 2016 389 2056 Rumpunt
404 2017 582 2047 Puteaneus
597 2027 615 2046 a
629 2027 723 2047 manu
739 2016 889 2047 secunda.

229 2065 314 2105 quod
329 2070 361 2095 et
384 2065 416 2095 in
441 2065 511 2096 aliis
537 2065 643 2095 multis
669 2065 810 2095 invenire
834 2071 891 2095 est.

229 2124 309 2144 unus
333 2113 518 2150 Vaticanus,
540 2116 686 2153 produnt.
732 2114 821 2144 Nihil
846 2120 890 2145 te-

230 2172 313 2193 mere
329 2163 528 2193 mutandum.
545 2163 641 2194 infra:

274 2211 326 2247 Et,
342 2223 404 2252 quae
420 2224 463 2243 me
475 2214 619 2252 perdunt,
631 2214 730 2243 oscufa
743 2212 826 2241 mille
841 2214 890 2242 (Ie—

315 2262 373 2291 dit.
727 2260 847 2291 mes.

230 2309 315 2340 Illud
342 2317 488 2350 rumpunt
518 2311 557 2341 ab
590 2310 658 2351 ipsa
683 2309 789 2339 Ovidii
823 2320 889 2339 ma-

231 2369 272 2390 nu
280 2369 348 2390 esse
359 2360 532 2401 profectum
545 2360 673 2390 arbitror
686 2371 693 2397 3
711 2366 741 2389 et
753 2358 796 2389 ita
807 2370 890 2389 rum-

227 2410 260 2447 pi
289 2419 379 2449 equus
405 2408 518 2440 dicitur
542 2409 637 2440 nimio
660 2419 753 2439 cursu
779 2409 892 2449 fatiga-

227 2463 282 2488 tus
318 2458 421 2489 Plinio
463 2459 520 2490 lib.
563 2457 673 2488 xxviii.
721 2467 792 2499 cap.
832 2458 890 2488 ult.

232 2507 349 2538 Burm-

276 2556 330 2587 36.
364 2556 470 2587 δοὶιην
497 2563 525 2587 et
553 2558 634 2587 inter
661 2556 762 2596 opus-J
798 2556 891 2592 Quod

230 2605 378 2637 Cornelio
393 2606 489 2637 Gallo
511 2605 666 2648 praetorio,
684 2611 715 2636 et
737 2605 775 2635 T.
793 2605 892 2635 Hate—

231 2654 276 2684 rio
299 2654 397 2695 equiti
413 2654 555 2686 Romano
578 2653 743 2696 contigisse
769 2660 893 2684 narrant

233 2703 316 2734 Plin.
332 2704 385 2735 vii.
404 2706 458 2736 53.
482 2711 513 2735 et
533 2704 606 2735 VaJ.
623 2705 714 2734 Max.
731 2704 776 2734 ix.
797 2705 845 2733 12.
862 2705 893 2734 8.

232 2753 411 2784 recentioris
426 2754 483 2785 aevi
500 2754 594 2785 etiam
617 2753 762 2795 exempla
787 2763 893 2784 recen-

957 1632 1003 1657 set
1020 1626 1194 1657 Broukhus.
1220 1625 1259 1655 ad
1276 1625 1418 1666 Propert.
1436 1623 1469 1653 ii.
1494 1622 1547 1653 vii.
1562 1623 1616 1654 98.

958 1676 1076 1706 var.

1001 1726 1055 1755 38.
1086 1724 1169 1753 Mors
1188 1723 1259 1764 fuit
1285 1724 1343 1752 ‘ista
1368 1722 1457 1762 tuna]
1491 1721 1530 1751 In
1556 1731 1618 1752 uno

958 1773 1085 1809 Moreti,
1100 1783 1169 1807 εἰιιε,
1194 1782 1248 1813 pro
1271 1770 1394 1801 diversa
1416 1770 1550 1801 lectione
1574 1775 1622 1800 est

958 1828 1111 1853 notatum.
1143 1821 1227 1862 quod
1252 1830 1376 1861 sequor.
1422 1818 1621 1860 Lampridius

958 1871 989 1901 in
1018 1870 1226 1911 Heliogabalo
1256 1879 1327 1911 cap.
1357 1868 1422 1898 xvi.
1468 1869 1551 1898 Alios
1584 1869 1620 1898 ab

959 1922 1017 1951 imci
1044 1926 1130 1960 parte
1155 1919 1366 1960 perfoderunt,
1389 1924 1425 1948 ut
1454 1928 1530 1947 mors
1554 1919 1621 1947 vitae

958 1978 1028 2001 888θῖ
1043 1971 1238 2000 consentiens.
1284 1968 1457 1998 HEINSILS.
1504 1967 1542 1997 In
1557 1977 1620 1998 uno

959 2019 1074 2050 Moreti
1098 2024 1174 2054 erat,
1190 2024 1264 2053 roto,
1281 2023 1315 2047 ut
1337 2017 1376 2047 ad
1391 2027 1472 2047 νει-5.
1492 2017 1540 2047 16.
1565 2027 1619 2047 no-

960 2068 1105 2104 tavimus,
1131 2066 1226 2098 etiam
1253 2077 1314 2096 non
1339 2065 1433 2101 male,
1457 2064 1532 2106 quia
1557 2065 1622 2096 tale

958 2127 1058 2157 genus
1073 2120 1245 2158 optaverat.
1271 2121 1302 2146 et
1324 2115 1368 2145 ita
1391 2114 1526 2145 subitam
1540 2125 1621 2145 mor-

958 2172 1022 2196 tem
1051 2171 1213 2206 exoptasse
1238 2164 1407 2199 Caesarem,
1434 2173 1504 2204 quae
1525 2163 1621 2194 etiam

960 2225 997 2244 ex
1028 2220 1098 2244 voto
1128 2220 1159 2244 et
1195 2212 1351 2244 sententia
1378 2212 1501 2253 obtigit,
1529 2212 1623 2243 refert

959 2264 1089 2294 Sueton.
1106 2273 1176 2304 cap.
1194 2263 1247 2292 87.
1294 2262 1413 2292 Bch.

1006 2363 1035 2391 l.
1062 2361 1189 2401 Malas.]
1215 2361 1393 2402 Eleganter,
1408 2370 1462 2402 pro
1482 2371 1555 2402 quae
1580 2360 1622 2391 ad

959 2415 1089 2441 mortem
1104 2410 1235 2441 ducunt.
1256 2415 1291 2440 ut
1310 2410 1453 2451 Propert.
1470 2409 1516 2440 iii.
1532 2410 1624 2451 Eleg.

960 2459 1023 2489 xvi.
1040 2460 1094 2490 22.

1004 2508 1058 2538 Est
1084 2509 1175 2544 mala,
1199 2509 1248 2538 sed
1273 2509 1389 2538 cunctis
1415 2508 1471 2538 itta
1499 2508 1621 2537 terenda

1048 2559 1107 2587 via.

960 2606 1076 2637 Nullus
1098 2605 1190 2646 plane
1216 2617 1323 2637 sensus
1344 2611 1392 2636 est
1411 2605 1442 2635 in
1459 2605 1506 2635 his
1527 2603 1620 2635 versi-

960 2656 1035 2685 bus:
1061 2656 1172 2696 Itaque
1196 2655 1265 2697 lege
1281 2661 1311 2686 et
1335 2666 1372 2685 ex
1388 2653 1568 2686 Maffeianis
1591 2659 1623 2684 et

961 2710 1093 2745 utroque
1108 2704 1266 2735 Vaticano
1279 2716 1284 2733 :

1112 2771 1130 2775 —
1148 2753 1334 2784 Mirantibus
1348 2754 1471 2792 aqum-is
1488 2753 1587 2782 undis.

1004 2807 1101 2835 13b2
