1849 3198
596 208 894 251 AMORUM.

959 208 1079 250 LIB.
1115 208 1181 250 ΙΙ.
1215 209 1283 250 17.
1536 206 1621 248 5387

228 325 461 372 Creditur
486 329 536 371 et
563 323 817 387 Nymphe,
838 325 1058 372 mortalis
1084 339 1267 379 amore,
1286 322 1525 386 Calypso,
1561 325 1618 368 15

294 401 473 465 Capta,
502 402 829 449 reluctantem
855 402 1130 449 detinuisse
1156 402 1328 448 virum.

227 478 460 526 Creditur
486 494 767 541 aequoream
794 478 978 525 Phthio
1006 478 1225 525 Nereida
1250 477 1395 538 Regi,

294 554 525 617 Egeriam
545 556 683 618 justo
709 555 1041 602 concubuisse
1069 554 1274 610 Numae;

227 631 448 678 Volcano
475 631 746 679 Venerem:
787 631 1029 695 quamvis,
1058 630 1238 678 incude
1263 629 1455 684 relicta,

291 708 524 772 Turpiter
548 709 752 771 obliquo
777 708 1025 755 claudicet
1049 708 1130 754 ille
1155 707 1300 771 pede.

1557 710 1622 751 20

230 785 478 832 Carminis
504 786 597 833 hoc
623 785 786 849 ipsum
807 801 964 847 genus
984 785 1170 848 impar:
1211 784 1301 830 sed
1321 791 1486 830 tamen
1510 789 1624 845 apte

294 862 324 908 J
330 864 530 925 ungitur
553 863 733 910 herous
759 878 873 909 cum
898 861 1122 909 breviore
1142 861 1307 908 modo.

229 939 305 985 Tu
333 955 534 1002 quoque
560 955 656 995 me,
684 955 797 986 inea
815 939 919 994 lux,
942 939 992 984 in
1012 938 1264 1001 quaslibet
1279 937 1452 1000 accipe
1470 936 1607 998 leges

298 1016 370 1063 Te
395 1016 572 1064 deceat
596 1017 761 1064 medio
781 1018 894 1080 jura
918 1016 1118 1064 dedisse
1144 1023 1267 1063 toro.

234 1092 348 1139 Non
372 1093 462 1139 tibi
488 1094 678 1141 crimen
704 1110 804 1149 ero,
832 1110 924 1141 nec
951 1109 1052 1156 quo
1077 1093 1245 1140 laetere
1270 1098 1475 1139 remoto,
1566 1093 1628 1138 25

301 1170 415 1217 Non
441 1171 533 1218 erit
557 1171 636 1218 hic
662 1172 805 1218 nobis
831 1171 1126 1218 inficiandus
1153 1186 1305 1217 amor.

235 1247 347 1294 Sint
370 1248 459 1294 tibi
486 1265 574 1311 pro
600 1264 780 1311 magno
806 1248 969 1298 felicia
993 1248 1212 1294 carmina
1237 1261 1416 1294 censu:

303 1324 367 1371 Et
385 1325 553 1372 multae
579 1342 667 1389 per
691 1341 772 1373 me
798 1342 978 1374 nomen
1004 1327 1187 1373 habere
1214 1325 1400 1372 volunt.

238 1401 364 1448 Novi
391 1402 628 1465 aliquam,
656 1419 768 1466 quae
795 1419 848 1450 se
874 1402 1190 1450 circumferat
1205 1418 1315 1449 esse
1344 1400 1630 1447 Corinnam„

307 1478 376 1526 Ut
399 1479 501 1535 fiat,
529 1479 649 1542 quid
676 1496 775 1527 non
801 1481 883 1528 illa
907 1481 1106 1529 dedisse
1132 1479 1277 1527 velit?

283 1622 333 1652 18.
351 1621 677 1663 Eget-iczmjusto,&c.]
694 1623 811 1665 Specus
820 1623 901 1665 Ege-

236 1670 302 1706 riae,
319 1682 380 1712 quo
396 1671 501 1701 Numa
515 1671 555 1701 ad
572 1677 738 1702 nocturnos
749 1682 820 1702 cum
833 1673 903 1703 Dea

236 1729 430 1760 congressus,
441 1725 472 1750 et
482 1720 660 1751 sacerdotes
674 1719 713 1751 ad
726 1720 902 1751 sacrifican-

238 1768 312 1798 dum
328 1768 406 1798 Deae
423 1769 494 1800 fidei
521 1768 727 1805 ventitabant,
747 1776 905 1811 spectatur

238 1817 341 1848 adhuc
365 1817 397 1848 in
423 1817 504 1849 valle
528 1819 652 1860 Egeria,
679 1829 739 1849 non
764 1819 905 1860 procula

239 1866 331 1897 Circo
348 1867 534 1898 Caracallae.
546 1867 690 1898 Borrich.
705 1867 815 1909 Antiq.
830 1868 905 1898 Urb.

238 1926 269 1946 c.
288 1918 320 1946 3.
337 1921 416 1947 sect.
434 1918 467 1946 4.
514 1916 634 1947 Amn.

285 1965 426 2005 Nostrm]
466 1965 593 1996 Scilicet
630 1965 708 2006 regi.
756 1965 906 2006 Loquitur

239 2014 323 2045 enini
354 2015 442 2045 Naso
471 2020 506 2045 ut
535 2015 709 2045 Romanus.
762 2014 824 2045 Sed
853 2026 905 2046 ve-

239 2069 335 2093 terem
351 2063 518 2094 lectionem
531 2064 632 2105 magis
647 2064 796 2105 approbo,
811 2070 845 2094 ut
861 2064 906 2095 le-

240 2118 332 2153 gatur
359 2112 456 2143 Justo.
486 2123 557 2143 nam
581 2113 788 2154 justissimum
814 2113 907 2144 fuisse

242 2161 380 2191 Numam
405 2167 542 2192 constat:
567 2167 603 2192 ut
623 2172 685 2192 non
708 2162 861 2193 immerito
881 2163 909 2193 ei

242 2211 341 2242 Poeta
361 2211 438 2252 justi
461 2211 622 2253 epitheton
649 2211 783 2242 dederit.
820 2212 910 2243 Dixit

243 2259 326 2290 enirn
350 2259 456 2291 Livius
474 2260 553 2291 libro
575 2261 674 2302 primo
689 2261 728 2291 ab
744 2262 820 2291 urbe
837 2271 910 2292 con-

244 2309 332 2339 dita:
373 2309 496 2351 Inclyta
526 2311 654 2350 justitia
684 2311 846 2351 religioque
877 2322 910 2341 ea

245 2364 412 2398 tempestate
431 2358 535 2389 Numae
553 2359 692 2399 Pompilii
709 2366 787 2390 erat.
821 2359 906 2389 Curi·

246 2408 297 2437 bus
313 2407 430 2438 Sabinis
445 2408 596 2438 habitabat
608 2409 842 2439 consultissimus
854 2410 911 2445 vir,

246 2463 281 2486 ut
308 2458 339 2486 in
361 2458 416 2487 illa
446 2459 567 2497 quisque
592 2464 679 2488 atate
701 2469 758 2488 esse
782 2464 912 2497 poterat,

242 2508 339 2535 omnis
354 2508 449 2537 divini
466 2513 554 2547 atque
570 2508 796 2547 hnmanijuris.
831 2507 914 2538 Ilinc

245 2555 299 2591 (ut
315 2554 501 2586 Plutarchus
523 2556 584 2595 ait)
607 2556 767 2587 honestius
790 2566 914 2587 consor·

240 2603 325 2634 ·tium
355 2603 545 2645 degustavit,
574 2604 777 2646 divinumque
806 2605 914 2646 conju-

249 2652 334 2691 gium
350 2654 474 2684 meruit.
506 2654 657 2685 Munus.

293 2702 346 2732 24.
365 2702 404 2732 Te
419 2704 500 2733 dccet
518 2705 547 2733 ἱη
574 2703 693 2743 modim]
735 2703 773 2733 Te
797 2705 877 2734 decet
902 2716 917 2733 e

251 2752 342 2780 modin
370 2751 572 2782 farnesianis
598 2758 626 2782 et
653 2753 793 2783 Francos.
822 2758 853 2783 ut
879 2753 915 2782 sit

1570 1482 1634 1525 30

970 1629 1054 1654 torus
1068 1623 1126 1665 ipsi
1143 1622 1232 1665 quasi
1248 1621 1385 1657 thronus,
1409 1626 1463 1652 aut
1486 1620 1635 1656 tribunal,

971 1684 986 1703 e
1005 1683 1066 1714 quo
1077 1673 1130 1714 jus
1146 1671 1243 1702 dicat.

1015 1723 1070 1753 25.
1089 1722 1153 1753 Nec
1176 1733 1233 1762 quo
1257 1720 1363 1751 Ioedere
1386 1720 1522 1760 remotim]
1556 1719 1638 1750 Huic

972 1772 1076 1802 sensui
1091 1771 1246 1802 cohaerere
1264 1770 1386 1801 videtur
1396 1769 1474 1799 illud
1488 1769 1639 1810 superius,

975 1820 1011 1851 In
1025 1821 1167 1862 quaslibet
1181 1822 1281 1859 accipe
1294 1820 1381 1861 leges.
1429 1819 1512 1848 Nam
1526 1817 1639 1859 puella:

974 1869 1164 1911 quandoque
1194 1874 1315 1899 veteres
1350 1872 1503 1898 amatores
1536 1867 1642 1897 exclu-

973 1920 1053 1950 dunt
1076 1919 1116 1949 ad
1138 1924 1274 1959 tempus,
1298 1923 1334 1948 ut
1356 1916 1506 1958 potiorem
1530 1915 1643 1947 admit-

975 1974 1052 2005 tant,
1077 1967 1109 1998 id
1135 1972 1182 1998 est
1209 1965 1384 2006 largiorem.
1414 1964 1498 2006 quod
1528 1965 1643 2006 priores

975 2022 1117 2048 amantes
1125 2026 1186 2046 non
1199 2014 1291 2045 facile
1302 2024 1393 2055 aequo
1404 2013 1507 2044 animo
1524 2013 1640 2048 serunt,

975 2072 1007 2097 et
1035 2076 1118 2108 saepe
1148 2074 1277 2095 numero
1304 2063 1474 2093 insolenter
1497 2063 1641 2097 obstant;

976 2115 1060 2146 unde
1084 2113 1198 2156 puellis
1221 2119 1253 2143 et
1278 2112 1426 2143 damnum
1451 2117 1483 2142 et
1506 2111 1644 2143 dedecus

977 2163 1107 2206 paritur.
1143 2163 1184 2194 Se
1209 2161 1304 2193 talem
1334 2161 1397 2192 fore
1423 2166 1518 2201 negat
1545 2161 1643 2192 Naso.

979 2213 1031 2255 qui
1050 2212 1125 2243 alibi
1141 2212 1235 2243 etiam
1254 2211 1313 2242 ait:

1022 2261 1206 2303 Saepcsruar
1221 2262 1352 2296 domina,
1364 2270 1437 2300 saepe
1449 2260 1586 2298 repulsus
1599 2260 1644 2296 ed,

1445 2308 1601 2339 Mamas.

1023 2361 1077 2391 27.
1100 2359 1177 2389 Sunt
1198 2358 1298 2399 mihi]
1335 2357 1410 2388 Tres
1439 2356 1558 2398 scripri,
1586 2359 1644 2388 sim

981 2411 1046 2445 tibi,
1073 2408 1156 2450 quod
1184 2408 1364 2450 amplector.
1392 2405 1454 2436 duo
1483 2405 1548 2442 alii,
1576 2414 1647 2437 snut

983 2459 1046 2493 tibi,
1066 2467 1157 2493 unus,
1178 2458 1237 2487 sint
1257 2457 1341 2486 mihi.
1368 2455 1543 2485 Hmusms.
1574 2456 1645 2486 Non

981 2505 1101 2549 cepisse
1123 2516 1248 2537 sensum
1272 2504 1498 2536 emendationis
1520 2503 1645 2534 Heinsi-

983 2566 1050 2586 anae
1067 2554 1191 2586 videtur
1207 2553 1441 2596 Crispinus,qui
1457 2552 1648 2589 est,valeant

983 2604 1068 2647 apud
1097 2609 1128 2635 te
1153 2603 1292 2634 carmina
1320 2602 1424 2633 felicia
1449 2602 1516 2632 loco
1543 2601 1646 2641 magni

983 2665 1106 2690 census,
1133 2653 1200 2684 haec
1229 2659 1264 2683 tu
1293 2652 1389 2695 pluris
1417 2651 1524 2686 facias,
1553 2661 1645 2692 quain

985 2713 1112 2734 munera
1138 2707 1169 2732 et
1191 2701 1327 2737 divitias,
1349 2701 1463 2742 quibus
1489 2700 1539 2731 alii
1563 2710 1646 2730 mna-

987 2760 1066 2782 tores
1082 2752 1202 2793 puellas
1218 2762 1289 2781 suas
1307 2751 1434 2781 sariunt.

1108 2806 1132 2835 (I
1149 2816 1165 2832 ι’
1181 2806 1198 2834 ‘2
