1849 3198
626 254 970 297 HEROIDES.
1005 255 1096 296 ΕΡ.
1130 255 1212 297 IV.
1558 256 1615 297 :35

681 426 1029 474 EPISTOLA
1067 427 1156 475 IV.

515 556 838 599 PHAEDRA
883 557 1328 602 HIPPOLYTO.

217 669 351 726 Qua,
378 670 471 718 nisi
496 678 549 718 tu
574 672 787 728 dederis,
815 672 1028 720 caritura
1051 679 1128 720 est
1151 672 1276 736 ipsa,
1304 671 1518 719 salutem

290 747 449 795 Mittit
472 747 743 796 Amazonio
770 749 954 797 Cressa
976 749 1144 813 puella
1165 750 1283 796 viro.

1485 748 1582 810 [bit
1597 749 1614 795 2²

224 825 435 887 Perlege
451 826 803 889 quodcumque
820 834 912 874 est.
941 827 1061 889 quid
1077 826 1289 890 epistola
1313 826 1446 873 lecta
1467 841 1613 873 noce-

290 902 361 950 Te
377 919 594 966 quoque,
607 903 656 949 in
667 903 759 950 hac
775 903 978 966 aliquid,
992 904 1126 967 quod
1132 904 1288 966 juvet,
1307 919 1418 950 esse
1434 908 1615 967 potest.

223 978 316 1026 His
342 995 521 1027 arcana
543 980 672 1028 notis
696 988 826 1028 terra
849 980 1128 1044 pelagoque
1152 979 1400 1027 feruntur:
1588 981 1617 1026 5

290 1057 500 1122 Inspicit
525 1064 757 1121 acceptas
782 1057 938 1104 hostis
963 1058 1025 1104 ab
1051 1057 1193 1104 hoste
1218 1063 1378 1103 notas.

223 1134 320 1182 Ter
344 1142 510 1182 tecum
535 1142 713 1182 conata
736 1135 888 1198 loqui,
915 1141 990 1182 ter
1014 1134 1199 1181 inutilis
1225 1134 1370 1181 haesit

292 1211 498 1275 Lingua,
525 1219 600 1260 ter
624 1212 674 1259 in
699 1212 856 1276 primo
881 1211 1072 1259 destitit
1096 1227 1179 1258 ore
1200 1227 1366 1258 sonus.

225 1290 338 1345 Qua
360 1291 478 1337 licet
501 1297 552 1338 et
576 1291 814 1354 sequitur,
842 1290 1000 1354 pudor
1034 1297 1111 1336 est
1135 1289 1420 1335 miscendus
1447 1288 1616 1335 amori.

293 1368 474 1415 Dicere
499 1385 611 1432 quae
637 1369 827 1432 puduit,
856 1368 1072 1415 scribere
1091 1366 1240 1430 jussit
1265 1365 1434 1413 Amor.
1562 1368 1621 1411 10

270 1524 299 1553 l.
326 1523 405 1559 Qua,
422 1524 478 1553 nisi
499 1528 533 1553 tu
549 1523 694 1563 dederis]
713 1523 844 1564 Regius,
858 1529 891 1555 et

222 1573 285 1603 duo
302 1572 355 1603 alii
370 1572 494 1603 codices
509 1584 515 1602 ε

269 1623 366 1657 Quam
383 1623 440 1652 nisi
456 1628 489 1652 tu
505 1623 630 1658 dederis,
640 1633 698 1652 uon
714 1629 755 1653 est
771 1625 889 1653 habitu-

308 1683 356 1707 ra,
371 1672 509 1701 salntem.

224 1721 317 1758 Quod
332 1720 406 1750 mihi
419 1720 542 1751 mollius
556 1721 650 1752 fluere
668 1720 801 1752 videtur.
817 1720 890 1752 huic

223 1771 372 1813 Epistolae
396 1770 519 1812 egregie
545 1770 703 1812 respondit
732 1770 891 1801 Sidronius

224 1821 406 1857 Hosschius,
436 1820 522 1851 nullo
554 1821 721 1852 Poetarum
755 1821 891 1852 inferior.

224 1871 342 1901 Bumr.

268 1922 299 1951 8.
325 1919 429 1950 Terin
451 1921 545 1959 primo
560 1920 672 1950 destitit
697 1930 746 1950 ore
769 1919 888 1960 sonna]

224 1970 304 1999 Sunt
315 1969 369 2010 qui
385 1970 495 1998 restitit
506 1968 673 2009 legendum
686 1968 890 1999 contendant.

226 2019 312 2049 Inter
327 2028 404 2059 quos
431 2018 541 2048 Douza
561 2022 593 2048 et
616 2017 892 2049 Slichtenhorstius

224 2067 384 2108 quondam
399 2076 497 2097 meus·
521 2072 552 2096 et
572 2065 604 2096 in
619 2077 680 2096 uno
706 2065 891 2096 Lovaniensi

226 2122 325 2147 extat.
348 2117 424 2147 Tres
436 2115 500 2151 alii,
512 2118 656 2145 constitit.
687 2115 748 2145 Sed
765 2115 807 2146 nil
823 2127 890 2146 mu—

225 2166 367 2197 tandum.
415 2164 480 2197 Etsi
497 2171 680 2196 succurrunt
700 2165 755 2196 illa
771 2165 890 2196 Laoda-

224 2215 294 2246 miae
309 2228 316 2245 ;

269 2265 386 2304 Semper
407 2266 439 2295 in
462 2265 505 2294 his
525 2271 592 2303 apte
618 2266 778 2294 narrantia
808 2265 889 2293 rerba

224 2317 376 2345 resistunt.

227 2363 434 2404 Virgilianum
451 2373 575 2404 quoque
591 2361 672 2392 istud
688 2374 693 2390 :

271 2412 380 2452 Incipit
403 2412 504 2453 effari,
529 2413 680 2451 mediaque
703 2413 733 2440 iu
757 2422 822 2440 voce
843 2422 889 2440 re-

311 2464 401 2492 sistit.

227 2512 287 2542 Pro
310 2511 439 2551 vulgata
459 2510 541 2540 enirn
567 2509 700 2540 lectione
721 2514 782 2539 stat
808 2509 893 2539 locus

227 2561 292 2597 ille,
309 2561 394 2591 Fast.
408 2559 442 2590 ii.
460 2572 491 2590 v.
506 2560 579 2590 823.

230 2611 288 2641 Ter
309 2616 414 2640 conata
432 2610 520 2649 loqui,
544 2615 590 2639 ter
611 2609 740 2639 destitit:
765 2617 893 2647 ausuque

314 2665 421 2700 quarto

273 2708 341 2738 Non
356 2709 453 2738 oculos
468 2708 503 2737 ab
519 2708 605 2737 humo
615 2707 736 2736 sustulit
749 2706 802 2736 illa
815 2715 891 2735 suos.

232 2757 293 2788 Ubi
308 2767 469 2800 perperam
488 2756 593 2798 scripti
610 2755 762 2792 nonnulli,
784 2755 895 2795 deficit.

232 2806 373 2848 Epistola
389 2804 579 2837 Laodamiae.
593 2816 622 2836 v.
634 2806 688 2835 83ο

1007 1523 1039 1553 H
1043 1533 1101 1552 unc
1107 1521 1216 1563 fateor
1231 1521 1311 1551 volni
1325 1530 1471 1557 revocare,
1486 1521 1620 1550 animus-

1045 1571 1242 1613 queferehat.

1003 1622 1125 1664 Destitit
1136 1623 1262 1660 auspicii
1279 1621 1386 1661 lingua
1401 1621 1505 1650 timore
1519 1621 1601 1650 mali.

957 1671 1008 1701 Sic
1033 1676 1119 1713 puto,
1145 1680 1216 1700 cum
1242 1669 1274 1699 in
1301 1667 1440 1710 quinque
1465 1668 1626 1700 codicibus

957 1720 1008 1756 sit,
1023 1722 1072 1750 sed
1092 1721 1185 1750 stetit.
1216 1717 1346 1759 Vulgari
1369 1719 1509 1749 substitit.
1529 1718 1624 1748 etiam

959 1780 1019 1800 non
1035 1769 1129 1800 male.
1146 1769 1231 1799 Fast.
1244 1767 1302 1799 lib.
1314 1767 1336 1798 i.
1349 1778 1379 1798 v,
1390 1768 1467 1798 538.

1002 1818 1141 1849 Substitit
1170 1820 1202 1848 in
1232 1818 1339 1847 medios
1360 1818 1484 1856 prffscia
1518 1818 1625 1858 lingua

1044 1878 1137 1898 sonos.

961 1917 1107 1947 Desistere
1135 1927 1189 1958 pro
1224 1921 1316 1951 stare,
1343 1919 1457 1945 restare
1494 1913 1626 1944 Plautus

958 1976 1084 2007 quoque
1124 1966 1204 1996 dixit
1242 1964 1440 1995 Mostellaria
1467 1963 1543 1994 Act.
1578 1963 1624 1994 iii.

958 2025 1004 2046 sc.
1019 2015 1053 2045 ii.

1006 2065 1087 2099 Quid
1103 2065 1165 2094 illic
1180 2065 1292 2094 obsecro
1307 2064 1424 2093 tamdiu
1437 2061 1595 2093 destitisti?

964 2114 1006 2144 Ut
1038 2112 1229 2154 exemplaria
1263 2112 1414 2143 nonnulla
1447 2112 1627 2153 praeferunt.

960 2162 1134 2193 I‘Iiz1x51us.
1160 2162 1221 2191 Sed
1232 2163 1339 2192 restitit
1351 2160 1426 2191 mihi
1437 2160 1527 2191 valde
1536 2160 1625 2191 blan-

960 2211 1054 2247 ditur,
1075 2211 1120 2242 ita
1146 2213 1280 2241 resistens
1302 2216 1331 2242 et
1354 2211 1495 2241 salebrosa
1522 2211 1626 2246 oratio,

960 2260 1092 2297 Quinct.
1107 2260 1149 2290 xi.
1164 2261 1197 2290 2.
1228 2260 1432 2301 Capoferreus
1448 2259 1568 2289 initium
1586 2260 1626 2289 Ε-

960 2310 1080 2351 pistolae
1107 2310 1146 2340 ab
1175 2309 1233 2340 hoc
1259 2309 1392 2340 disticho
1421 2308 1566 2345 faciebat,
1595 2314 1627 2339 et

961 2359 1170 2401 praecedentia
1191 2359 1297 2400 spum'a
1320 2358 1478 2394 credebat,
1500 2358 1549 2389 vel
1565 2359 1625 2389 sal-

961 2414 1023 2439 tem
1039 2408 1161 2439 duobus
1181 2408 1300 2450 ejectis,
1324 2408 1381 2439 hoc
1403 2412 1472 2449 post
1492 2408 1625 2449 primum

960 2459 1108 2499 ponebat.
1154 2459 1270 2489 ssunm.

1003 2509 1036 2538 9.
1064 2508 1103 2538 Et
1127 2507 1289 2548 sequitmu]
1320 2507 1489 2548 Exponunt
1513 2516 1626 2536 conve-

961 2556 1060 2593 niens,
1083 2556 1159 2587 utile
1183 2561 1242 2587 est,
1264 2555 1320 2587 sed
1337 2555 1448 2586 melius
1462 2555 1562 2597 filcile
1585 2562 1627 2586 est

959 2605 1110 2642 redditur,
1139 2611 1174 2637 ut
1203 2606 1341 2637 Gronov.
1368 2604 1530 2635 Diatribes
1557 2606 1626 2635 Sta-

960 2655 1053 2686 tianae
1067 2666 1137 2697 cap.
1148 2655 1213 2686 xlv.
1245 2654 1375 2692 Quinct.
1387 2653 1454 2685 viii.
1468 2654 1497 2685 6.
1518 2654 1624 2696 Refert

962 2711 1061 2735 autem
1085 2706 1117 2734 in
1132 2710 1277 2745 quantum
1299 2705 1397 2734 dictus
1420 2709 1520 2742 tropus
1547 2703 1624 2733 Ora-

963 2761 1053 2784 toremv
1068 2761 1221 2795 sequatur.
1239 2761 1269 2784 et
1283 2754 1327 2784 ita
1343 2753 1395 2783 ille
1407 2752 1532 2794 saepius.
1550 2751 1624 2783 vid.

964 2803 1003 2834 ad
1020 2803 1076 2834 lib.
1092 2803 1125 2834 ii.
1142 2814 1212 2845 cap.
1233 2804 1284 2833 14.
1330 2803 1448 2833 Brun.

1009 2853 1039 2883 D
1055 2854 1074 2883 2
