1849 3198
613 262 958 306 HEROIDES.
991 262 1083 303 ΕΡ.
1117 261 1208 303 ΙΧ.

1516 260 1601 302 109

213 379 360 434 Quod
384 386 434 428 te
457 381 671 428 laturum
697 385 789 434 est,
816 378 996 427 coelum
1022 378 1154 441 prior
1178 377 1285 441 ipse
1310 377 1494 425 tulisti:

279 457 496 505 Hercule
522 456 779 521 supposito
805 455 970 502 sidera
993 454 1134 501 fulcit
1158 452 1317 501 Atlas.

213 533 346 589 Quid
371 534 464 582 nisi
489 534 664 581 notitia
687 541 764 581 est
787 533 967 580 misero
993 531 1205 596 quaesita
1228 531 1422 595 pudori,

282 612 335 658 Si
360 612 555 659 macula
579 610 738 675 stupri
763 610 895 657 facta
917 609 1081 673 priora
1105 608 1281 655 notas?

1538 611 1602 655 20

212 688 348 736 Tene
372 689 536 736 ferunt
560 688 784 750 geminos
810 686 1052 751 pressisse
1076 685 1316 732 tenaciter
1341 699 1545 746 angueS‚

280 766 410 812 Cum
434 773 574 813 tener
598 765 648 812 in
673 764 813 812 cunis
834 766 939 828 jam
964 763 1088 811 Jove
1113 763 1292 825 dignus
1319 763 1461 809 eras?

213 842 423 906 Coepisti
448 843 641 899 melius,
670 859 819 906 quam
846 842 1048 890 desinis.
1087 842 1263 888 ultima
1286 840 1457 905 primis

281 920 509 968 Cedunt:
548 920 813 968 dissimiles
839 921 918 968 hic
942 920 1015 967 vir
1040 926 1091 967 et
1115 919 1196 967 ille
1221 935 1361 983 puer.

214 996 375 1051 Quem
395 1014 494 1044 non
513 997 648 1045 mille
662 997 795 1054 ferae,
815 1013 966 1061 quem
981 1013 1079 1044 non
1098 996 1412 1043 Stheneleius
1428 994 1601 1050 hostis,

279 1074 394 1122 Non
419 1075 581 1138 potuit
604 1073 634 1122 J
642 1091 736 1122 uno
761 1075 986 1132 vincere;
1026 1074 1178 1121 vincit
1203 1072 1371 1120 Amor.

258 1266 309 1296 18.
343 1265 523 1306 Supposito]
558 1266 704 1297 Malebat
726 1265 873 1297 Heinsius

211 1313 284 1344 olim
300 1316 428 1354 seposito,
443 1315 526 1356 quod
542 1315 678 1346 Hercule
694 1315 805 1346 omisso
819 1327 873 1357 8³5-

211 1363 362 1404 plicabat,
378 1369 408 1393 et
427 1363 470 1394 ita
485 1364 650 1395 Parentem
674 1375 763 1395 suum
780 1375 871 1396 acce-

211 1412 292 1453 pisse
308 1413 439 1443 notavit.
464 1413 514 1444 vel
538 1413 716 1456 explicabat
736 1414 873 1445 Hercule

210 1463 339 1500 seposito,
350 1473 403 1504 pro
418 1468 596 1503 seponente,
608 1468 643 1493 ut
655 1473 692 1493 eo
703 1469 873 1504 seponente

212 1511 394 1541 successerit
416 1511 517 1541 Atlas.
556 1511 711 1547 nimirum,
735 1517 768 1542 ut
791 1519 874 1554 post-

213 1570 307 1600 quam
336 1560 489 1591 Hercules
526 1559 719 1601 aliquamdiu
754 1561 874 1592 tulisset

212 1609 338 1645 coelum,
349 1609 423 1639 dum
438 1609 530 1640 Atlas
545 1610 729 1651 quiesceret,
748 1609 800 1641 ille
816 1610 872 1641 de-

212 1657 284 1688 inde
310 1658 422 1689 iterum
447 1664 564 1689 remoto
590 1659 738 1695 Hercule,
760 1670 873 1690 munus

212 1718 302 1737 suum
325 1708 463 1739 subierit.
487 1708 541 1739 sed
557 1708 630 1750 quia
654 1708 686 1739 in
711 1709 796 1739 nullo
819 1720 871 1739 co-

213 1755 281 1786 dice
296 1756 363 1787 haec
378 1757 530 1799 scriptura
545 1763 656 1794 exstat,
673 1764 704 1788 et
727 1758 758 1788 in
773 1757 872 1788 omni-

212 1806 270 1836 bus
287 1805 349 1836 fere
374 1806 533 1837 codicibus¹
556 1806 678 1847 legatur
693 1807 801 1848 fulsit,
818 1818 876 1848 ego

213 1855 295 1886 hunc
308 1856 507 1891 versiculum,
520 1856 696 1898 parenthesi
710 1857 874 1893 inclusum,

212 1903 348 1944 legerem
364 1904 421 1935 hoc
437 1905 528 1935 modo
542 1917 548 1934 :

257 1953 410 1994 (Hercule
429 1956 574 1993 supposito
595 1956 691 1984 sideru
706 1954 804 1996 fulsit
819 1955 875 1985 Ac-

301 2002 375 2041 lus.)

215 2050 259 2080 Ut
274 2060 382 2081 sensus
397 2050 447 2087 sit,
462 2057 496 2081 tu
510 2051 636 2087 coelum‚
650 2050 732 2092 quod
749 2057 778 2081 te
794 2051 876 2081 latu-

214 2109 281 2129 rum
311 2105 367 2135 est,
394 2099 475 2141 prior
503 2099 613 2136 tulisti,
643 2106 717 2130 tunc
746 2100 876 2137 scilicet,

214 2158 284 2178 cum
299 2147 392 2179 Atlas
407 2155 556 2190 perpetuo
570 2160 661 2180 onere
677 2149 749 2180 coeli
766 2149 876 2190 fatiga-

214 2202 264 2228 tus
289 2203 320 2228 et
342 2198 501 2234 deficiens,
517 2198 711 2240 supposuerit
736 2199 775 2229 ad
798 2204 876 2229 tem-

214 2257 272 2288 pus
294 2247 474 2282 Herculem,
490 2258 551 2288 quo
575 2247 663 2288 quasi
679 2246 792 2278 vicario
817 2247 876 2278 ful-

214 2296 254 2326 sit
269 2296 381 2332 sidera,
397 2307 466 2338 quae
492 2297 581 2327 aliter
595 2296 724 2328 fuissent
745 2298 874 2328 ruitura.

215 2345 330 2376 Claud.
348 2346 371 2376 i.
389 2345 475 2376 laud.
493 2345 564 2375 Stil.
585 2346 657 2376 142.

400 2394 449 2424 Sic
467 2394 600 2425 Hercule
616 2396 763 2434 quondum

258 2443 449 2474 Susleutunte
459 2445 570 2484 polum,
582 2445 687 2474 'melius
705 2445 812 2474 libratu
826 2454 876 2483 pe-

300 2495 403 2531 pendit

260 2542 416 2579 Machina,
433 2553 485 2573 nec
506 2544 603 2573 dubiis
627 2544 768 2573 titubavit
783 2544 876 2584 signi-

292 2591 350 2632 fer·
364 2594 453 2623 astris

262 2639 467 2681 Perpetuaque
480 2652 564 2672 senex
579 2643 724 2672 subducta
738 2643 812 2672 mole
824 2652 876 2681 pa-

303 2700 425 2730 rumper

264 2738 422 2778 Obstupuit
440 2741 555 2780 proprii
578 2746 723 2780 spectatur
741 2741 878 2779 ponderis

304 2789 403 2820 Atlas.

1539 1075 1601 1119 26

941 1265 1110 1305 Supponere
1129 1263 1179 1294 hic
1202 1269 1249 1295 est
1272 1261 1470 1294 substituere.
1495 1261 1540 1293 ita
1561 1265 1604 1293 υἰ-

941 1316 1056 1345 cariam
1075 1315 1171 1355 fidem
1200 1323 1362 1353 supponere
1390 1312 1470 1342 dixit
1494 1312 1605 1344 Cicero

941 1374 995 1406 pro
1012 1364 1108 1394 Rosc.
1126 1362 1263 1393 Americ.
1277 1363 1331 1393 38.
1380 1362 1494 1396 Quibus
1510 1364 1541 1392 in
1557 1374 1604 1392 re-

942 1415 994 1443 bus
1015 1414 1068 1452 ipsi
1094 1414 1230 1442 interesse
1252 1423 1312 1442 uon
1331 1422 1490 1450 possum-us,
1506 1413 1538 1442 in
1563 1413 1607 1442 his

941 1474 1032 1502 operte
1064 1468 1168 1492 nostra}
1198 1462 1312 1491 vicaria
1329 1460 1410 1500 fides
1442 1462 1604 1491 amicarum

940 1513 1131 1551 supponz'tm‘.
1179 1510 1281 1540 Fulsit
1296 1509 1321 1540 si
1338 1520 1408 1539 vero
1424 1509 1518 1540 alicui
1542 1521 1603 1541 non

941 1560 1055 1601 placet,
1072 1559 1146 1589 licet
1159 1557 1289 1589 Vossius
1304 1558 1360 1588 lib.
1378 1556 1422 1587 iii.
1439 1558 1535 1589 Anal.
1548 1561 1604 1590 33.

942 1608 1000 1639 hoc
1023 1608 1117 1639 etiam
1141 1618 1178 1638 ex
1203 1607 1272 1638 loco
1298 1608 1418 1648 probet,
1435 1606 1486 1637 ille
1503 1608 1607 1649 fulcit

940 1657 1113 1699 profulciit
1128 1656 1243 1698 capiat,
1259 1656 1457 1697 velfulcivit.
1484 1657 1603 1688 Euam.

985 1707 1040 1736 20.
1064 1706 1097 1735 Si
1120 1705 1283 1745 cumulas]
1320 1705 1358 1735 In
1383 1706 1496 1746 magnai
1520 1707 1605 1738 codi-

942 1766 1012 1786 cum
1029 1755 1178 1786 varietate
1194 1754 1370 1796 praeferrem
1386 1766 1460 1795 ego:

987 1805 1018 1834 Si
1033 1806 1152 1835 macula
1166 1803 1363 1846 stuprifucta
1375 1805 1478 1843 priora
1493 1811 1589 1837 notus.

944 1855 1071 1885 Macula
1107 1856 1216 1894 stupri,
1245 1859 1280 1884 ut
1313 1853 1396 1895 apud
1424 1854 1604 1886 Terentium

943 1906 1077 1934 araritite
1100 1904 1233 1934 macula.
1278 1902 1375 1933 Adel.
1402 1914 1433 1933 v.
1461 1904 1492 1933 8.
1521 1905 1604 1945 apud

943 1953 1060 1984 Justin.
1087 1952 1194 1983 xxxvi.
1240 1952 1394 1993 segnitiae.
1441 1952 1607 1985 Furto'mm

944 2008 975 2032 et
988 2003 1195 2044 flagitiorum.
1242 2001 1346 2032 Cicer.
1373 2012 1405 2032 v.
1430 2001 1522 2032 Verr.
1549 2004 1604 2035 46.

946 2051 1041 2081 Notus
1066 2061 1137 2082 vero
1166 2055 1212 2081 est
1240 2050 1368 2080 infamia
1396 2056 1427 2080 et
1454 2050 1605 2084 deformia

944 2100 1049 2131 reddis
1077 2099 1201 2141 egregie
1231 2105 1303 2130 ante
1332 2105 1413 2136 acta,
1436 2099 1494 2131 hac
1524 2111 1605 2133 nova

944 2149 1041 2191 stupri
1057 2148 1177 2180 servilis
1192 2154 1276 2179 nota.
1293 2154 1328 2179 ut
1342 2159 1427 2190 supr.
1443 2148 1479 2180 ii.
1497 2151 1551 2181 86.

989 2200 1127 2240 Quisquis
1155 2200 1191 2229 ab
1220 2205 1326 2229 eventu
1344 2198 1440 2240 facta
1471 2201 1605 2231 notanda

1026 2254 1126 2288 putet.

944 2297 1020 2328 Vid.
1039 2297 1179 2328 Broukh.
1197 2297 1236 2328 ad
1253 2297 1393 2339 Propert.
1410 2296 1456 2328 iii.
1473 2307 1538 2328 ver.
1552 2299 1604 2330 52.

944 2357 1045 2387 neque
1071 2352 1175 2377 tamen
1205 2346 1363 2388 rejicerem
1390 2345 1507 2377 codicis
1534 2347 1605 2378 Lei-

944 2396 1047 2427 densis
1079 2396 1263 2428 lectionem:
1302 2396 1333 2426 Si
1362 2397 1480 2426 cumulo
1507 2399 1606 2436 stupri

934 2445 1026 2486 jueta
1047 2447 1150 2485 priora
1166 2452 1255 2482 notes,
1273 2445 1321 2475 vel
1346 2451 1439 2481 notas,
1454 2450 1488 2476 ut
1503 2452 1549 2476 est
1572 2446 1604 2477 in

944 2494 1087 2525 Francos.
1104 2495 1129 2524 si
1152 2500 1222 2536 post
1237 2500 1281 2525 tot
1305 2504 1433 2530 amores,
1448 2505 1531 2525 nunc
1549 2506 1603 2526 cu-

944 2544 1029 2574 mulo
1045 2544 1135 2585 hujus
1160 2544 1257 2586 stupri
1283 2549 1372 2574 notas
1386 2543 1469 2574 sacta
1490 2545 1602 2586 priora.

947 2592 1042 2631 Turpi
1078 2592 1110 2622 in
1147 2593 1233 2623 nullo
1262 2593 1370 2624 codice
1402 2593 1602 2634 conspicitur.

946 2642 1057 2672 Douza
1071 2651 1108 2672 ex
1125 2652 1180 2672 suo
1195 2642 1302 2673 codice
1317 2642 1509 2684 proferebat:

989 2691 1020 2721 Si
1035 2692 1172 2722 cumulus
1185 2692 1375 2734 stuprisucm
1388 2692 1490 2731 prior-u
1501 2693 1604 2722 nanu?

1442 2741 1559 2772 Buram.
