1849 3198
659 276 1005 319 HEROIDES.
1037 276 1131 318 ΕΡ.
1163 277 1247 319 VI.

1591 279 1648 320 69

257 394 426 443 Tertia
448 393 625 442 messis
650 399 783 441 erat:
823 408 938 440 cum
962 398 1033 448 tu,
1061 393 1179 441 dare
1202 394 1313 442 vela
1334 399 1555 451 coactus,

325 472 549 536 Implesti
572 470 787 519 lacrimis
812 470 932 518 talia
953 470 1104 518 verba
1127 470 1226 517 tuis
1245 488 1256 519 ε

255 549 546 605 Abstrahor,
565 547 873 612 Hypsipyle:
903 547 992 594 sed
1017 547 1161 610 (dent
1184 547 1332 595 modo
1356 547 1458 596 fata
1480 564 1646 597 recur-

322 626 411 673 Vir
433 633 548 673 tuus
574 625 688 673 hinc
714 625 862 672 abeo:
902 624 974 671 vir
997 624 1087 671 tibi
1113 640 1309 689 semper
1334 641 1434 673 ero.

256 702 403 758 Quod
427 710 595 750 tamen
620 719 646 750 e
673 702 814 749 nobis
840 701 1043 764 gravida
1066 702 1255 749 celatur
1278 702 1328 748 in
1353 703 1477 759 alvo,

1515 626 1645 689 rsus>

321 780 488 837 Vivat3
529 787 580 827 et
603 779 829 843 ejusdem
855 779 1009 825 simus
1034 786 1243 842 uterque
1268 795 1464 844 parens.

256 857 541 905 Hactenus:
581 864 647 913 et,
673 855 888 904 lacrimis
918 855 968 902 in
993 854 1118 903 falsa
1140 856 1409 904 fluentibus
1435 873 1535 913 ora,

322 935 506 982 Cetera
528 941 577 982 te
602 934 803 982 memini
829 949 927 980 non
951 934 1174 998 potuisse
1200 935 1352 998 loqui.

256 1013 473 1061 Ultimus
499 1029 526 1060 e
551 1012 697 1060 sociis
724 1027 917 1059 sacram
942 1012 1236 1060 conscendis
1263 1012 1312 1059 in
1338 1012 1489 1076 Argo.

1579 1017 1641 1061 65

321 1089 415 1138 Illa
436 1090 594 1138 volat:
633 1096 810 1137 ventus
835 1104 1052 1137 concava
1074 1090 1184 1138 vela
1207 1097 1360 1138 tenet.

253 1250 403 1293 adjuvant
427 1261 552 1293 quoque
577 1250 633 1282 illa
660 1250 780 1283 Valerii
808 1250 914 1282 Flacci

251 1300 305 1330 lib.
320 1299 353 1331 ii.
369 1301 444 1331 370.

301 1350 379 1380 Urbe
400 1351 501 1380 sedent
525 1351 584 1380 laeti
609 1350 736 1391 Minyae,
762 1350 915 1390 viduisque

339 1405 478 1429 vacantes

299 1447 463 1489 Indulgent
478 1449 629 1479 thalamis.

251 1497 313 1527 Sed
329 1496 403 1538 quia
417 1508 470 1539 per
485 1497 600 1539 gradus
615 1508 700 1528 amor
709 1497 812 1528 venire
825 1496 914 1533 solet,

252 1553 283 1577 et
299 1553 443 1588 aspectus
458 1546 608 1589 praecedit
622 1546 802 1588 hospitium,
815 1552 846 1577 et
860 1557 913 1588 pe-

253 1596 334 1626 nitus
358 1595 461 1626 animo
482 1602 641 1638 receptum
665 1606 812 1632 amorem,
835 1595 913 1626 nihil

252 1652 359 1683 muto3
384 1645 519 1677 maxime
535 1647 574 1677 ob
589 1646 646 1677 illa
660 1657 784 1688 quoque
808 1645 914 1676 Nostri

250 1695 308 1726 inf.
325 1695 380 1726 xii.
397 1696 457 1738 Ep.
474 1696 508 1726 9.

297 1746 361 1775 Cur
374 1757 513 1785 umquam
527 1745 628 1776 Colchi
641 1745 821 1787 ilsugnelida
836 1746 913 1776 vidi-

337 1806 401 1825 mus
416 1796 510 1837 Argo.

253 1844 292 1875 Et
307 1843 386 1874 ibid.
403 1845 457 1875 31.

298 1894 383 1925 Tunc
398 1906 450 1936 ego
465 1901 493 1925 te
507 1896 581 1930 vidi,
596 1896 831 1935 tnnccoepiscire
841 1897 914 1935 quid

341 1955 422 1974 esses.

252 1992 401 2023 Francius
429 1992 577 2028 malebat,
607 1993 654 2022 hic
690 2003 742 2033 ego
774 1998 801 2022 te
838 1993 911 2022 vidi.

252 2042 371 2072 Burin.

295 2092 349 2122 56.
376 2091 484 2132 Bisque
494 2091 607 2131 aestas.]
634 2092 776 2127 Quatuor
791 2096 912 2121 tantum

252 2151 373 2171 menses
383 2141 455 2171 huic
467 2151 559 2171 morae
570 2140 678 2170 tribuit
687 2140 795 2170 Valer.
808 2141 911 2171 Flacc-

252 2190 308 2221 lib.
325 2190 359 2220 ii.
377 2191 451 2221 367.
475 2190 573 2220 multo
588 2190 762 2231 elegantius
777 2196 808 2221 et
826 2202 912 2221 vero-

251 2239 392 2271 similius.
422 2240 562 2270 Fortasse
574 2238 693 2270 Nasoni
704 2239 824 2280 longius
835 2246 911 2270 tem-

252 2300 310 2331 pus
335 2289 464 2331 placuit,
481 2287 556 2330 quia
581 2289 659 2319 duos
686 2300 723 2319 ex
747 2289 804 2319 hoc
828 2289 911 2320 coitu

253 2338 330 2369 tilios
346 2344 433 2368 natos
447 2337 576 2373 sciebat,
594 2338 731 2368 Euneum
741 2344 772 2368 et
788 2339 912 2378 Deiphi-

254 2389 328 2418 lum.
360 2386 480 2429 Hygin.
512 2388 590 2419 Fab.
621 2400 674 2418 xv.
704 2394 736 2419 et
772 2388 911 2419 cclxxiii.

257 2438 390 2468 Thoanta
412 2443 443 2468 et
468 2437 607 2468 Euneum
631 2443 722 2468 vocat
743 2438 849 2468 Lutat.
873 2437 910 2468 ad

252 2488 332 2518 Stat.
350 2486 392 2517 vi.
407 2486 509 2518 Theb.
526 2488 601 2518 340.
636 2487 690 2518 sed
706 2487 845 2528 geminos
860 2498 912 2529 pe-

253 2536 344 2578 perit.
368 2537 448 2567 Stat.
474 2548 505 2567 v.
528 2537 630 2568 Theb.
655 2538 729 2568 464.
746 2543 777 2568 et
801 2538 914 2568 Noster

253 2585 319 2627 ipse
349 2597 417 2617 mox
448 2587 520 2617 121.
546 2586 586 2617 ad
616 2598 693 2628 quos
720 2586 914 2628 generandos

253 2635 379 2666 biennio
401 2646 462 2667 non
478 2641 544 2666 erat
561 2646 650 2677 opus.
674 2643 757 2667 recte
773 2647 844 2666 vero
859 2635 913 2666 ad-

252 2684 314 2715 huc
330 2684 460 2726 gravida
473 2685 512 2716 de
524 2684 616 2716 unico
632 2685 709 2716 foetu
725 2685 913 2716 mentionem

254 2733 328 2765 facit
343 2734 426 2776 apud
438 2734 547 2766 Valet.
560 2734 648 2766 Flac.
664 2734 698 2765 ii.
716 2736 791 2766 425.
804 2745 842 2765 ex
859 2746 913 2766 na-

254 2782 347 2813 turali
363 2788 394 2814 et
408 2790 556 2815 consueto
579 2794 663 2815 more
681 2789 788 2825 partus
806 2794 914 2815 nume-

254 2842 321 2863 rum
349 2831 530 2874 conjiciens.
566 2838 601 2864 ut
629 2837 661 2864 et
690 2832 814 2870 Noster,
843 2843 913 2865 mox

983 1261 1064 1282 vers.
1092 1252 1146 1283 61.
1172 1251 1211 1283 de
1235 1263 1297 1284 uno
1319 1252 1410 1284 modo
1434 1252 1466 1283 in
1490 1259 1577 1284 utero
1599 1253 1643 1284 la·

982 1306 1066 1332 tente
1082 1301 1230 1344 loquitur.
1275 1303 1394 1333 Bam.

1026 1351 1079 1381 60.
1102 1351 1153 1381 Vir
1165 1352 1265 1392 tuus]
1279 1351 1464 1393 Apollonius
1472 1350 1527 1382 lib.
1538 1351 1560 1382 i.
1575 1362 1641 1382 ver.

983 1400 1059 1431 892.
1076 1406 1108 1431 et
1126 1412 1214 1442 seqq.
1229 1400 1317 1443 fingit
1331 1402 1479 1433 Jasonem
1499 1412 1559 1432 non
1575 1412 1644 1443 pro-

982 1450 1101 1481 misisse
1127 1450 1270 1487 reditum,
1297 1462 1399 1492 neque
1428 1462 1500 1492 ergo
1526 1462 1643 1482 connu-

981 1499 1088 1538 bium3
1112 1501 1166 1531 sed
1189 1501 1315 1543 petiisse
1336 1507 1371 1532 ut
1389 1512 1520 1543 puerum
1535 1508 1643 1532 natum

981 1548 1040 1580 sibi
1064 1549 1097 1580 in
1120 1549 1314 1581 Thessaliam
1340 1549 1490 1582 mitteret.
1535 1550 1644 1581 Minus

982 1605 1064 1630 certe
1081 1599 1242 1631 amatorie.
1288 1601 1406 1631 Bunm.

1025 1649 1079 1680 63.
1129 1650 1344 1691 cadentibus]
1399 1648 1644 1691 Gottorphianus

971 1698 1155 1739 fluentibus.
1183 1699 1267 1741 quod
1282 1698 1408 1730 minime
1423 1699 1644 1741 spernendum,

981 1759 1053 1779 cum
1080 1749 1228 1790 majorem
1258 1749 1315 1780 hoc
1345 1749 1412 1779 loco
1440 1748 1503 1778 vim
1529 1748 1644 1780 habere

982 1797 1057 1828 mihi
1072 1798 1234 1837 videatur;
1257 1798 1346 1840 quasi
1369 1804 1477 1841 sponte
1501 1803 1533 1829 et
1550 1799 1643 1830 uber-

981 1846 1036 1877 tim
1052 1847 1259 1889 provenerint,
1273 1859 1330 1879 nee
1350 1854 1466 1879 coactae
1479 1853 1533 1878 aut
1547 1846 1644 1878 simu-

981 1895 1053 1926 latae
1069 1897 1141 1927 visae
1155 1896 1215 1927 sint
1231 1897 1415 1939 Hypsipy‘lae
1431 1908 1438 1934 3
1461 1902 1493 1927 et
1513 1907 1582 1938 quae
1597 1896 1644 1928 ita

982 1945 1103 1976 facilius
1126 1957 1180 1988 per
1199 1946 1270 1977 illas
1291 1947 1423 1988 decepta
1440 1945 1544 1977 fuerit.
1570 1945 1643 1977 hinc

972 1996 1107 2035 flumina
1131 1995 1328 2026 lacrimarum
1350 2001 1381 2026 et
1404 1997 1506 2025 imbres
1529 1995 1643 2036 passim

980 2050 1157 2074 occurrunt.
1175 2044 1213 2075 de
1231 2045 1392 2075 verborum
1409 2044 1517 2074 horum
1533 2044 1641 2075 consu-

981 2093 1064 2124 sione
1078 2093 1142 2124 vid.
1160 2094 1199 2124 ad
1214 2093 1258 2124 iii.
1269 2094 1376 2124 Amor.
1390 2093 1425 2124 ii.
1443 2094 1494 2124 14.
1520 2094 1639 2124 Euam.

1024 2144 1078 2174 65.
1121 2143 1282 2184 Ultimus]
1323 2142 1423 2184 Atqui
1459 2142 1644 2185 Apollonius

979 2192 1035 2222 lib.
1052 2192 1074 2222 i.
1092 2203 1172 2223 vers.
1189 2193 1263 2223 910.
1287 2191 1420 2234 primum
1439 2202 1551 2222 navem
1567 2201 1641 2222 con-

979 2241 1135 2272 scendisse
1151 2242 1247 2272 canit.
1263 2241 1314 2272 cui
1326 2241 1463 2272 concinit
1479 2239 1597 2271 Statius
1613 2252 1642 2272 v.

978 2291 1079 2321 Theb.
1097 2291 1170 2321 480.

1025 2338 1271 2381 Primoqueferit
1286 2341 1348 2370 dux
1363 2340 1479 2369 verbere
1489 2345 1627 2379 pontum.

979 2389 1040 2420 Sed
1059 2390 1104 2420 illi
1119 2389 1218 2431 magis
1233 2389 1360 2420 solliciti
1375 2388 1521 2419 videntur
1536 2387 1641 2423 fuisse,

981 2444 1014 2469 ut
1028 2439 1144 2469 bonum
1165 2437 1253 2469 nobis
1276 2437 1388 2469 ducem
1404 2438 1531 2472 Jasona,
1547 2447 1642 2478 quam

981 2487 1106 2518 doctum
1144 2493 1312 2518 amatorem
1349 2485 1545 2517 exhiberent.
1601 2485 1643 2515 At

981 2537 1115 2567 Ovidius
1131 2537 1232 2578 aptius
1255 2535 1354 2577 fingit,
1370 2540 1401 2565 et
1416 2535 1561 2566 decorum
1579 2545 1641 2564 ma-

980 2586 1027 2628 gis
1043 2586 1144 2617 fraudi
1159 2586 1343 2628 Hypsipylae
1357 2585 1396 2616 ab
1408 2585 1524 2616 Jasone
1541 2584 1643 2619 factm,

981 2646 1052 2666 eum
1068 2641 1210 2666 coactum
1227 2636 1265 2665 ab
1282 2634 1418 2665 Hercule
1434 2639 1466 2664 et
1477 2632 1555 2669 aliis,
1570 2632 1642 2663 ulti-

982 2696 1066 2716 mum
1092 2684 1219 2715 tandem
1244 2683 1276 2714 in
1297 2693 1407 2714 navem
1432 2682 1640 2724 compulsum.

982 2732 1136 2769 Valerius,
1150 2732 1225 2764 licet
1240 2743 1300 2763 non
1313 2730 1465 2773 expressis
1480 2730 1580 2761 verbis
1595 2728 1643 2760 di—

982 2788 1033 2814 cat
1060 2782 1208 2814 Jasonem
1235 2781 1378 2812 ultimum
1415 2778 1643 2815 conscendisse,

983 2830 1106 2862 haesisse
1123 2836 1226 2861 tamen
1239 2839 1310 2861 cum
1326 2827 1452 2860 Castore
1467 2833 1498 2858 et
1513 2826 1642 2858 Polluce

1067 2884 1122 2914 1²3
