1849 3198
531 181 717 223 ARTIS
750 181 1106 224 AMATORIAE
1141 183 1258 225 LIB.
1294 184 1329 225 I.

237 294 338 341 Aut
362 302 417 342 ut
442 311 578 359 apes,
606 297 861 360 saltusque
889 313 1005 343 suos
1032 304 1080 344 et
1106 298 1292 346 olentia
1317 307 1475 348 nactae

1545 189 1630 230 453

1563 306 1624 349 95

303 372 513 428 Pascua,
538 389 625 436 per
649 373 793 420 flores
820 380 870 420 et
894 374 1068 436 thyma
1092 390 1287 422 summa
1310 376 1498 433 volant;

235 448 319 495 Sic
345 449 442 495 ruit
467 449 515 495 in
540 449 764 496 celebres
790 448 1066 497 cultissima
1089 449 1273 498 femina
1297 453 1462 509 lud0s;

301 525 463 589 Copia
480 526 726 588 judicium
753 542 888 589 saepe
913 534 1103 573 morata
1126 543 1309 575 meum.

233 602 527 665 Spectatum
551 602 770 657 veniunt,
797 602 1001 649 veniunt
1025 610 1314 666 spectentur
1338 614 1391 652 ut
1416 606 1552 669 ipsae.

299 678 391 726 Ille
415 679 553 726 locus
579 680 703 726 casti
730 679 912 726 damna
936 678 1140 742 pudoris
1166 680 1333 728 habet.

1532 686 1546 728 l
1559 687 1622 727 00

232 756 430 803 Primus
457 757 694 805 sollicitos
719 756 896 812 fecisti,
926 755 1158 812 Romule,
1185 757 1353 805 ludos:

300 833 430 880 Cum
450 834 580 896 juvit
604 834 777 880 viduos
804 840 947 896 rapta
974 833 1161 880 Sabina
1184 834 1329 881 viros.

229 909 369 958 Tunc
395 927 559 973 neque
584 926 858 958 marmoreo
882 911 1170 974 pendebant
1192 912 1303 958 vela
1325 911 1542 958 theatro:

297 987 406 1035 Nec
431 987 627 1035 fuerant
650 987 839 1050 liquido
865 987 1059 1050 pulpita
1084 988 1232 1035 rubra
1255 1004 1417 1035 croco.

230 1063 354 1120 Illic,
383 1079 508 1127 quas
532 1065 749 1112 tulerant
773 1080 1033 1111 nemorosa
1055 1064 1264 1121 Palatia,
1285 1065 1485 1112 frondes
1528 1067 1617 1111 105

297 1140 599 1204 Simpliciter
624 1141 798 1204 positae
812 1159 835 1207 3
867 1157 1018 1188 scena
1037 1141 1143 1188 sine
1170 1149 1273 1189 arte
1297 1141 1404 1188 fuit.

230 1216 287 1263 In
314 1217 549 1280 gradibus
576 1217 705 1264 sedit
729 1217 943 1280 populus
969 1217 1032 1264 de
1057 1219 1247 1281 cespite
1273 1217 1447 1275 factis;

295 1293 536 1348 Qualibet
560 1294 774 1340 hirsutas
799 1293 972 1340 fronde
998 1301 1198 1356 tegente
1224 1310 1409 1341 comas.

231 1371 543 1435 Respiciunt‚
561 1371 822 1433 oculisque
844 1376 1019 1417 notant
1037 1371 1132 1417 sibi
1148 1371 1362 1434 quisque
1381 1370 1615 1434 puellam,

294 1447 458 1503 Quam
471 1448 611 1496 velit:
641 1455 691 1495 et
708 1448 859 1495 tacito
881 1455 1081 1512 pectore
1101 1449 1258 1496 multa
1277 1455 1491 1495 movent.
1526 1452 1617 1494 110

229 1525 479 1589 Dumque,
497 1515 671 1572 rudem
687 1526 942 1589 praebente
958 1528 1162 1574 modum
1177 1528 1381 1575 tibicine
1396 1526 1613 1581 Thusco,

294 1602 480 1650 Ludius
505 1608 752 1665 aequatam
778 1608 852 1649 ter
877 1602 1006 1665 pede
1031 1605 1197 1668 pulsat
1221 1605 1449 1660 humum;

265 1732 318 1763 97.
344 1731 422 1762 Ruit
457 1732 497 1762 ad
533 1731 684 1771 celebres]
722 1730 885 1761 Editiones

222 1781 330 1823 priscae
345 1792 443 1823 usque
459 1781 499 1813 ad
514 1780 663 1811 Aldinam
686 1780 885 1822 posteriorem

222 1841 313 1862 omne
337 1831 471 1861 shabent
486 1832 528 1866 in,
545 1837 576 1860 et
593 1829 703 1860 merito
719 1829 751 1859 id
767 1829 883 1870 Micyl-

223 1881 272 1912 lus
287 1887 318 1911 et
332 1881 543 1910 Bersmannus
558 1890 598 1910 ex
615 1878 737 1920 scriptis
751 1877 884 1908 reduxe-

222 1936 302 1961 rant.
335 1939 424 1971 porro
453 1939 505 1970 pro
534 1929 708 1963 cultissima,
743 1926 883 1968 quidam,

221 1980 405 2020 gratissima,
442 1977 506 2012 alii,
541 1977 768 2016 promptISSima,
805 1974 885 2005 alius

221 2027 327 2063 etiam,
349 2027 563 2066 pulcherrima,
585 2036 655 2066 quae
679 2023 784 2055 omnia
807 2034 825 2054 a
848 2024 884 2054 li-

222 2076 332 2106 brariis
361 2074 509 2117 profecta.
533 2075 696 2104 cultissima
723 2079 824 2104 recte:
850 2078 884 2103 ut

222 2125 305 2156 enim
342 2125 500 2167 placeant,
535 2123 643 2154 colunt
678 2133 711 2153 se
746 2121 883 2153 studiose

221 2174 347 2217 puellae,
371 2180 538 2215 antequam
560 2172 592 2203 in
616 2172 738 2203 theatra
759 2177 882 2213 specta-

222 2229 301 2259 tum,
319 2229 350 2253 et
365 2228 400 2253 ut
414 2228 603 2264 spectentur,
622 2226 706 2256 eant,
724 2219 807 2262 quod
832 2219 881 2250 hic

222 2272 356 2303 Ovidius
371 2271 486 2303 subdit.
524 2271 663 2302 Illustrat
678 2270 745 2301 haec
758 2269 881 2311 egregie

220 2322 337 2352 dictum
354 2320 498 2357 Socratis,
514 2321 602 2362 cujus
618 2330 693 2351 uxor
713 2318 881 2360 Xantippc,

221 2381 293 2401 cum
309 2370 405 2401 nollet
420 2370 475 2400 viri
491 2369 586 2411 pallio
602 2368 713 2399 induta
732 2367 771 2398 ad
795 2377 880 2408 pom-

220 2430 291 2462 pam
306 2418 511 2461 spectandam
526 2417 658 2460 prodire,
672 2417 725 2447 ille
746 2415 804 2457 ipsi
827 2426 881 2455 og-

221 2468 332 2510 gessit:
357 2467 453 2509 Ὀρᾶς
468 2467 510 2505 ὡς
526 2467 563 2497 οὐ
577 2466 794 2508 θεωρῆσουσα,
807 2466 881 2495 θεω-

221 2517 385 2559 ρησομένη
404 2516 435 2548 δὲ
459 2518 587 2558 μᾶλλον
600 2515 761 2556 βαδίζεις;
783 2515 880 2546 viden'

222 2578 309 2606 qnam
332 2578 391 2596 mm
414 2573 450 2596 ue
476 2572 595 2605 spectes,
617 2568 665 2596 sed
688 2573 723 2596 ut
746 2569 884 2605 specteris

222 2618 290 2646 eas?
306 2616 425 2647 AElian.
442 2615 494 2646 vii.
510 2627 574 2646 var.
589 2616 673 2646 Hist.
690 2625 759 2657 cap.
779 2616 828 2646 10.
844 2628 881 2647 ex

222 2676 284 2706 quo
299 2665 382 2696 (licto
398 2665 463 2695 liaec
489 2664 607 2695 Nasoni
632 2664 783 2696 sententia
811 2672 883 2696 nata

223 2715 292 2745 fnit.
340 2715 456 2745 Duum.

271 2764 339 2793 103.
358 2763 400 2792 Tu
408 2776 442 2792 m*
460 2775 548 2803 neque
561 2764 801 2803 11111t·111‹›re‹›5w.]
825 2763 884 2792 Nm·

942 1731 1078 1772 fuerant
1108 1735 1222 1774 liquido
1247 1734 1367 1773 pulpita
1397 1733 1491 1762 rubra
1520 1743 1614 1761 croco.

952 1781 1002 1812 Sic
1018 1789 1050 1812 et
1066 1782 1206 1824 Propert.
1221 1782 1265 1812 iv.
1283 1781 1373 1822 Eleg.
1387 1781 1407 1811 i.
1426 1780 1567 1811 15—16:

997 1830 1061 1861 Nec
1087 1833 1204 1861 sinuosa
1241 1842 1312 1861 cavo
1344 1831 1515 1869 pendebant
1549 1830 1612 1859 vela

1039 1880 1155 1910 theatro
1164 1891 1174 1916 ,-

997 1928 1122 1968 Pulpita
1138 1929 1276 1959 solemnes
1293 1939 1350 1957 non
1366 1928 1466 1957 oluere
1480 1938 1587 1957 crocos.

956 1978 1128 2009 Pendebant
1152 1979 1228 2013 vela.
1259 1976 1433 2008 Carbasina
1455 1976 1526 2006 vela
1552 1977 1614 2018 pri-

953 2037 1021 2058 mus
1034 2027 1065 2057 in
1083 2026 1202 2057 theatro
1217 2024 1341 2056 induxit
1356 2025 1507 2055 Lentulus
1522 2024 1613 2066 Spin-

952 2075 1030 2112 ther,
1045 2075 1127 2106 ludis
1141 2073 1388 2116 Apollinaribus.
1416 2073 1493 2104 Mox
1508 2073 1613 2104 Caesar

951 2131 1050 2156 totum
1066 2125 1165 2156 forum
1181 2124 1361 2154 Romanum
1375 2123 1496 2159 intexit,
1514 2123 1611 2153 viam-

951 2184 1012 2215 que
1035 2175 1173 2208 Sacrarn.
1190 2174 1228 2204 ab
1252 2172 1343 2203 domo
1366 2182 1423 2202 sua
1441 2171 1480 2202 ad
1496 2171 1611 2202 clivum

950 2234 1048 2265 usque
1074 2224 1107 2254 in
1129 2222 1331 2265 Capitolium.
1376 2220 1504 2252 Deinde
1529 2232 1615 2257 vem,

948 2273 1100 2313 gliscente
1126 2272 1225 2313 magis
1248 2282 1284 2302 ac
1310 2270 1420 2311 magis,
1442 2281 1512 2311 quae
1534 2282 1612 2312 opu-

949 2322 1053 2353 lentiae
1070 2321 1172 2352 nimiae
1188 2330 1301 2355 comes,
1318 2319 1452 2354 luxuria,
1467 2329 1611 2360 consper-

949 2371 1102 2411 gebantur
1115 2370 1248 2405 theatra,
1260 2369 1358 2399 effuso
1369 2373 1496 2410 repente
1506 2368 1610 2398 nimbo

948 2420 1030 2451 croci
1045 2430 1128 2450 mero
1143 2419 1234 2450 diluti
1251 2419 1378 2460 vasique
1394 2418 1491 2448 vitreo
1503 2417 1610 2448 infusi.

950 2469 1043 2500 Unde
1065 2474 1129 2499 tam
1155 2478 1226 2498 vere
1247 2477 1341 2509 quam
1362 2467 1523 2507 eleganter
1548 2477 1609 2496 non

949 2517 1044 2548 semel
1062 2517 1175 2547 Noster
1187 2516 1343 2556 vocatfila
1360 2517 1449 2545 croci.
1492 2514 1613 2544 Auni.

997 2566 1066 2596 111.
1085 2565 1238 2595 Prarbenre
1249 2563 1373 2603 modos]
1394 2564 1504 2603 Margo
1519 2563 1609 2593 Bers-

951 2615 1068 2650 manni,
1082 2621 1244 2653 praeunte.
1261 2613 1342 2654 quod
1359 2612 1498 2653 elegans.
1517 2618 1550 2642 ut
1566 2612 1607 2641 ita

950 2664 1135 2698 sacerdotes
1149 2665 1254 2703 prurire
1271 2673 1379 2702 preces,
1392 2661 1608 2703 jusjurandum

953 2719 980 2743 et
998 2713 1110 2743 similia
1123 2712 1277 2742 (licuntur.
1324 2712 1440 2740 Βνιωι.

1001 2764 1069 2792 112.
1119 2762 1231 2801 Lydius
1271 2760 1445 2800 aquatam]
1497 2759 1611 2789 [nulium

1121 2813 1220 2853 ομ
