1849 3198
602 195 886 238 AMORUM
933 195 1052 237 LIB.
1087 196 1179 238 III.
1210 198 1252 239 6.
1544 201 1630 241 415

238 306 380 356 Hanc
408 310 566 357 amnis
593 311 777 374 rapidis
805 311 1055 358 animosus
1080 312 1203 359 vidit
1228 313 1290 360 ab
1318 313 1462 360 undis
1484 331 1493 361 ε

304 384 580 449 Raucaque
606 388 667 434 de
693 387 869 433 mediis
886 388 1096 440 ,sustulit
1121 405 1206 435 ora
1229 390 1397 437 vadis:

235 460 405 524 Atque
430 464 513 519 ita,
543 463 677 517 Quid
704 470 912 517 nostram,
941 463 1118 526 inquit,
1146 465 1265 511 teris
1292 466 1442 512 anxia
1467 466 1614 530 ripas,

304 539 411 596 Ilia,
432 535 501 587 ab
530 540 667 587 Idaeo
695 540 1034 587 Laomedonte
1057 542 1249 602 genus?

237 614 349 669 Quo
375 607 537 664 cultus
564 618 732 665 abiere
757 618 863 664 tui?
902 618 1022 680 quid
1049 619 1154 664 sola
1177 619 1407 680 vagaris?
1567 623 1629 667 55

303 692 442 740 Vitta
466 710 556 741 nec
583 695 802 740 evinctas
830 694 1044 757 impedit
1069 695 1182 741 alba
1206 696 1408 741 comas?

238 767 371 822 Quid
396 770 502 826 fles,
529 778 579 818 et
603 770 829 817 madidos
855 771 1069 816 lacrimis
1097 771 1372 834 corrumpis
1399 772 1613 818 ocellos?

303 845 617 910 Pectoraque
642 848 816 895 insana
844 848 1038 911 plangis
1065 855 1238 911 aperta
1262 849 1445 894 manu?

239 923 328 970 Ille
354 924 505 971 habet
530 932 579 971 et
604 925 783 979 siliceS,
812 932 861 971 et
886 924 1049 971 vivum
1075 925 1124 970 in
1149 932 1354 988 pectore
1381 925 1580 981 ferrum,

307 1000 404 1054 Qui
431 1008 599 1048 tenero
625 1001 851 1047 lacrimas
877 1001 1040 1047 lentus
1067 1001 1115 1047 in
1142 1017 1225 1048 ore
1243 1001 1394 1048 videt.
1567 1004 1631 1048 60

240 1076 348 1133 Ilia,
374 1095 502 1142 pone
527 1086 712 1135 metus3
753 1079 843 1125 tibi
869 1079 1005 1141 regia
1029 1086 1199 1125 nostra
1222 1079 1438 1141 patebit:

307 1154 481 1218 Teque
505 1157 670 1203 colent
694 1172 893 1211 amnes3
936 1156 1043 1211 Ilia,
1071 1172 1200 1219 pone
1227 1163 1407 1202 metus.

241 1231 317 1278 Tu
333 1240 551 1289 centum,
566 1241 650 1280 aut
666 1234 849 1296 plures,
864 1234 990 1280 inter
1005 1233 1325 1279 dominabere
1343 1231 1630 1295 Nymphas:

311 1309 443 1356 Nam
469 1318 686 1367 centum,
715 1318 800 1357 aut
832 1311 998 1374 plures
1025 1310 1230 1356 flumina
1253 1316 1421 1356 nostra
1443 1316 1632 1356 tenent.

245 1385 324 1433 Ne
349 1403 428 1434 me
453 1404 647 1451 sperne,
676 1403 867 1452 precor,
895 1393 1106 1441 tantum,
1134 1386 1349 1448 Trojana
1371 1401 1620 1449 propago:

310 1464 524 1512 Munera
548 1465 802 1529 promissis
828 1465 1059 1511 uberiora
1082 1463 1226 1510 feres.
1573 1465 1635 1508 66

246 1541 471 1588 Dixerat.
511 1542 609 1598 illa,
638 1542 808 1588 oculos
836 1541 884 1587 in
910 1542 1117 1587 humum
1142 1540 1341 1602 dejecta
1364 1539 1634 1594 modestos,

315 1618 596 1682 Spargebat
619 1619 814 1682 tepidos
841 1618 1020 1666 flebilis
1046 1618 1203 1664 imbre
1230 1617 1384 1663 sinus.

246 1694 343 1743 Ter
368 1696 538 1743 molita
560 1696 745 1759 fugam,
772 1702 847 1742 ter
872 1695 934 1742 ad
961 1695 1085 1741 altas
1111 1693 1291 1741 restitit
1315 1693 1490 1748 undas,

316 1772 560 1820 Currendi
587 1774 713 1820 vires
740 1772 980 1836 eripiente
1006 1778 1157 1818 metu.
1578 1772 1641 1816 70

250 1850 373 1897 Sera
396 1857 562 1897 tamen
589 1851 820 1897 scindens
847 1849 1045 1895 inimico
1071 1848 1250 1911 pollice
1277 1847 1479 1901 crinem,

319 1915 491 1963 Edidit
515 1916 744 1978 indignos
770 1932 852 1962 ore
879 1921 1122 1963 tremente
1147 1929 1322 1959 sonos:

292 2103 346 2132 56.
377 2102 458 2132 Vitta
481 2113 534 2132 nec
556 2101 715 2141 evinctas]
742 2100 913 2142 Virginita-

250 2151 290 2181 tis
304 2151 425 2192 insigne
442 2151 533 2182 vitta.

294 2201 347 2230 58.
375 2200 532 2241 Phrugis]
563 2199 677 2229 Tundis
705 2201 806 2239 inepta
834 2198 915 2240 prior

982 2099 1128 2131 carminis
1150 2098 1228 2129 ratio
1243 2097 1350 2139 exigit,
1367 2101 1401 2127 ut
1416 2096 1540 2127 omnino
1555 2095 1643 2137 lega-

916 2162 924 2168 ·
982 2155 1042 2184 tur,
1060 2148 1097 2178 In
1124 2150 1263 2178 humum:
1289 2153 1320 2177 et
1340 2146 1384 2177 sic
1410 2152 1456 2175 est
1481 2146 1513 2175 in
1536 2156 1645 2176 manu-

982 2198 1104 2240 scriptis
1121 2196 1362 2238 exemplaribus.
1411 2196 1551 2235 Dejecta:
1575 2206 1643 2235 pro,

252 2249 430 2280 Mediceus.
454 2249 536 2289 qnod
562 2248 730 2278 admodum
753 2248 868 2290 placet,
884 2253 915 2278 et

252 2304 355 2337 aperta
368 2309 405 2328 cx
417 2297 479 2327 alio
489 2298 557 2327 loco
570 2297 630 2327 huc
648 2307 665 2327 a
678 2296 803 2326 librario
817 2297 914 2326 intru-

252 2357 319 2377 sum
349 2353 437 2388 puto.
470 2357 530 2377 non
559 2352 605 2377 est
635 2346 781 2376 acerbum
811 2350 915 2375 autem

252 2395 428 2425 convicium
444 2396 555 2433 inepta.
572 2405 642 2424 cuin
668 2399 699 2424 et
716 2394 802 2424 Deus
820 2393 915 2428 dicat,

253 2450 283 2475 et
314 2444 431 2474 blanda
460 2443 622 2474 additurus
649 2442 690 2473 sit
717 2443 822 2473 verba.
853 2441 918 2473 vid.

256 2495 374 2524 Donat.
391 2493 430 2523 ad
452 2493 580 2523 Terent.
598 2492 694 2522 Adel.
711 2492 753 2522 vi.
771 2491 811 2521 iv.
830 2492 861 2520 7.
887 2497 918 2520 (et

254 2544 299 2574 ita
313 2553 395 2583 saepe
411 2542 494 2582 apud
512 2543 658 2571 Nostrum
675 2547 705 2570 et
721 2541 854 2571 comicos
872 2542 916 2569 iu.-

255 2593 315 2631 vpti
332 2591 488 2626 dicuntur,
505 2590 557 2631 qui
583 2589 702 2630 aliquid
726 2590 829 2623 rebus,
849 2599 917 2629 per-

255 2641 337 2671 sonis
361 2645 415 2670 aut
439 2638 570 2680 tempori
593 2650 652 2668 non
677 2648 850 2678 congruens
875 2637 918 2666 fa-

256 2689 352 2720 ciunt.
399 2690 516 2718 Brun.

300 2739 353 2768 67.
381 2739 488 2767 Oculos
511 2737 663 2776 humum]
694 2737 730 2766 Et
757 2746 865 2766 sensus
888 2742 916 2763 ct

983 2247 1120 2288 dejectos
1148 2246 1265 2275 habens
1294 2245 1400 2275 oculos
1429 2244 1584 2274 modestos
1613 2243 1646 2274 in

982 2302 1105 2326 terram.
1151 2295 1207 2324 Est
1240 2293 1323 2324 enim
1361 2292 1578 2333 Synecdoche.
1612 2297 1647 2322 ut

985 2343 1067 2385 apud
1086 2343 1198 2383 virgil.
1215 2343 1271 2373 lib.
1287 2342 1307 2372 i.
1324 2343 1397 2373 561.

1030 2392 1105 2422 Tum
1130 2393 1257 2422 breriter
1277 2392 1356 2421 Dido
1382 2391 1500 2420 vultum
1525 2391 1646 2419 demissa

1069 2441 1221 2482 profatur.
1450 2439 1604 2468 MAnrrs.

1028 2490 1081 2519 68.
1108 2489 1261 2528 Flebilis]
1292 2488 1352 2518 Pro
1368 2488 1460 2517 flente
1481 2492 1512 2517 et
1535 2491 1648 2516 moesta

986 2539 1058 2585 poni
1089 2538 1220 2573 videtur,
1251 2538 1294 2567 ita
1321 2537 1431 2566 Horat.
1462 2535 1503 2565 iv.
1527 2535 1590 2565 Od.
1615 2536 1647 2565 2.

989 2588 1095 2617 Flebili
1109 2589 1364 2626 spotzsaejnrenem
1382 2592 1510 2624 rnplum.
1526 2585 1645 2614 Evam.

1030 2636 1081 2665 71.
1106 2636 1176 2665 Seru
1194 2635 1317 2674 tarnem]
1344 2633 1446 2663 Tarda
1461 2633 1500 2663 ad
1516 2633 1646 2673 loquen-

987 2685 1072 2720 dum,
1085 2684 1159 2725 quia
1172 2684 1291 2714 scilicet
1305 2683 1357 2713 diu
1369 2682 1479 2713 tacuit.
1498 2682 1647 2712 Mmum.
