1849 3198
658 209 956 251 AMoRUM.
1005 209 1125 251 LIB.
1159 209 1196 252 I.
1228 210 1270 253 8.

1571 212 1656 253 319

270 325 380 372 Scis
406 325 521 372 here
546 332 611 380 te,
639 340 750 372 mea
774 324 876 380 lux,
897 325 1067 387 juveni
1093 325 1340 388 placuisse
1366 326 1529 374 beato.

333 400 509 458 Haesit,
537 408 587 448 et
610 401 660 448 in
683 401 821 448 vultu
846 401 1069 448 constitit
1093 417 1254 465 usque
1278 410 1380 450 tuo.

268 478 334 524 Et
357 479 435 525 cui
462 495 560 525 non
585 478 818 542 placeas?
855 477 975 523 nulli
1001 484 1087 524 tua
1110 477 1267 524 forma
1291 479 1512 525 secunda
1536 487 1629 526 est.

332 554 419 602 Me
444 555 702 603 miseram!
745 554 925 616 dignus
951 570 1155 616 corpore
1181 555 1344 601 cultus
1370 556 1528 602 abest.
1589 560 1652 603 26

266 631 389 677 Tam
415 631 534 678 felix
559 647 712 685 esses,
741 646 892 693 quam
918 630 1289 686 formosissima,
1316 632 1510 678 vellem.

332 707 447 754 Non
471 724 579 770 ego,
606 715 654 754 te
676 707 806 754 facta
830 706 997 762 divite,
1025 723 1214 770 pauper
1239 724 1338 754 ero.

267 785 424 831 Stella
447 785 537 832 tibi
561 785 776 848 oppositi
802 784 972 831 nocuit
995 785 1241 831 contraria
1266 784 1461 832 Martis.

332 861 469 909 Mars
495 863 642 910 abiit:
683 863 823 924 signo
849 878 979 908 nunc
1005 861 1175 909 Venus
1203 869 1320 925 apta
1343 878 1450 908 suo.

1589 865 1653 909 30

265 938 431 985 Prosit
455 946 509 985 ut
533 939 815 994 adveniens,
843 955 903 985 en
930 938 1326 1001 adspice25'dives
1352 945 1542 986 amator

331 1015 402 1062 Te
427 1015 658 1079 cupit„et
682 1032 830 1071 curae,
859 1016 980 1078 quid
1004 1016 1094 1063 tibi
1120 1015 1265 1071 desit,
1294 1017 1460 1063 habet.

264 1092 356 1140 Est
379 1093 528 1140 etiam
553 1082 721 1149 facies,
749 1110 860 1157 quae
887 1110 940 1141 se
965 1094 1055 1141 tibi
1081 1100 1350 1156 comparet,
1377 1093 1475 1140 illi:

331 1170 384 1216 Si
409 1177 458 1217 te
483 1186 582 1217 non
606 1177 791 1217 emtam
814 1171 978 1227 vellet,
1006 1170 1246 1217 emendus
1272 1176 1393 1216 erat.

263 1246 542 1309 (Erubuit)
568 1248 714 1295 decet
739 1248 852 1294 alba
876 1247 1080 1310 quidem
1106 1246 1265 1310 pudor
1283 1262 1369 1293 ora
1387 1246 1514 1298 :sed
1540 1245 1650 1302 iste,

333 1323 385 1370 Si
411 1324 629 1380 simules,
657 1325 882 1388 prodest:
922 1339 1066 1370 verus
1092 1324 1270 1370 obesse
1296 1323 1437 1370 solet.

306 1433 360 1463 23.
400 1431 516 1472 Herm]
557 1432 585 1463 O
623 1432 759 1463 domina.
810 1432 924 1462 Herum

262 1482 402 1524 appellat
415 1482 514 1524 ipsam
528 1482 676 1524 puellam,
688 1489 722 1513 ut
737 1483 765 1512 ei
779 1481 923 1512 blandia-

262 1537 323 1567 tur,
360 1542 396 1561 ac
426 1531 678 1562 benevolentiam
709 1536 826 1572 captet.
873 1530 923 1561 Sic

260 1579 355 1611 etiam
379 1579 490 1621 incipit
510 1580 622 1621 Elegia
645 1580 685 1610 ad
702 1579 923 1621 Demophoon-

261 1635 322 1659 tem
341 1629 422 1670 apud
439 1628 634 1670 Propertium
648 1628 726 1659 libro
743 1628 879 1659 secundo
894 1640 900 1658 z

304 1678 367 1708 Scis
382 1679 449 1708 here
465 1677 504 1707 mi
520 1678 632 1708 multas
644 1680 760 1718 pariter
777 1678 924 1717 placuisse

343 1728 472 1767 puellus.

261 1776 298 1805 In
315 1776 449 1817 quodam
465 1781 571 1806 tamen
593 1775 804 1817 manuscripto
819 1786 923 1806 exem-

260 1824 340 1867 plari
356 1824 506 1867 scriptum
521 1824 595 1865 legi,
608 1825 676 1855 here
691 1835 745 1866 per
760 1835 784 1860 e,
798 1835 857 1854 non
870 1836 924 1866 per

259 1888 288 1911 α,
312 1885 381 1916 quae
404 1874 497 1906 lectio
519 1874 595 1904 mihi
624 1885 685 1905 non
708 1874 861 1916 displicet,
890 1880 924 1905 ut

260 1925 344 1955 κατὰ
359 1925 396 1955 τὸ
411 1926 614 1965 σιοπώμενον
624 1923 846 1964 intelligamus,
860 1923 922 1964 pri·

260 1974 310 2005 die
327 1984 422 2015 quam
438 1973 477 2004 ad
499 1973 684 2004 tentandam
707 1972 844 2014 puellam
869 1983 920 2003 ac-

259 2023 402 2054 cessisset
416 2023 498 2053 laena
512 2022 591 2058 haec,
604 2033 672 2053 eam
682 2022 779 2053 visam
792 2022 886 2053 fuisse
904 2033 922 2053 a

260 2072 394 2114 quodam
407 2073 541 2108 Juvene,
554 2072 607 2113 qui
621 2074 725 2102 statim
737 2071 822 2102 illius
837 2082 920 2102 amo-

258 2133 290 2153 re
320 2127 478 2164 correptus
505 2122 555 2158 sit,
584 2132 638 2163 pro
663 2131 725 2162 quo
748 2132 830 2151 nunc
853 2121 920 2151 haee

259 2172 355 2202 verba
370 2171 465 2202 saciat
479 2170 608 2213 Dipsas.
654 2171 736 2201 Here
756 2169 850 2211 igitur
866 2169 920 2200 ad-

260 2220 399 2252 verbium
414 2226 471 2257 est,
495 2231 548 2262 pro
572 2221 652 2250 heri:
676 2225 711 2250 ut
735 2225 830 2250 staret
850 2230 919 2250 ver-

259 2281 323 2301 sus.
349 2270 498 2300 MArucs.
532 2269 633 2300 Recte
648 2267 773 2310 quidem
788 2267 920 2298 Marius.

259 2319 314 2350 sed
329 2330 391 2349 non
405 2329 482 2361 opus
497 2325 544 2349 est
558 2329 612 2360 per
628 2319 705 2353 here,
718 2317 817 2359 pridie
829 2316 920 2348 intel-

258 2368 365 2410 ligere,
386 2378 457 2399 cum
480 2373 511 2398 et
531 2366 652 2408 longius
675 2372 798 2408 tempus
820 2371 917 2401 notet,

259 2418 325 2448 vid.
350 2417 461 2449 Heius.
483 2417 573 2448 Lect.
596 2416 725 2447 Theocr.
751 2417 783 2446 6.
809 2421 841 2447 et
866 2426 920 2458 pro

261 2477 358 2509 nuper
373 2472 477 2497 utatur
491 2466 610 2497 Tertul.
628 2465 724 2507 Apol.
742 2466 773 2495 4.
797 2465 841 2496 sie
857 2476 922 2496 cras

259 2516 356 2548 etiam
369 2516 408 2547 de
424 2516 537 2552 futuro,
552 2521 587 2547 ut
603 2521 720 2546 notum.
766 2516 883 2545 Burin.

303 2567 358 2597 25.
386 2565 425 2595 Et
448 2576 504 2595 cur
520 2576 578 2595 non
598 2564 753 2604 placeas?]
784 2563 841 2594 Cui
864 2575 919 2593 non

258 2617 375 2655 placeas
403 2625 481 2645 unus
506 2613 612 2645 Vatic.
641 2619 672 2644 et
699 2613 919 2643 Parnesianus.

261 2665 435 2695 Hmssws.
470 2664 584 2694 Recte.
602 2662 646 2693 ita
664 2673 766 2704 saepe3
791 2673 844 2704 pro
856 2673 919 2692 om-

262 2713 351 2743 nibus
366 2713 473 2755 places
487 2712 581 2743 forma
598 2711 664 2742 tua.
712 2712 760 2741 Bu
768 2722 828 2741 101.

303 2763 356 2793 30.
386 2763 483 2793 Venus
497 2769 566 2801 apta
585 2761 665 2801 tum]
682 2761 782 2791 Tuum
798 2759 920 2801 signum

1588 1326 1650 1370 36

991 1431 1099 1462 Venus
1124 1437 1192 1469 est3
1228 1430 1286 1461 hoc
1315 1435 1361 1460 est
1388 1429 1445 1460 tibi
1471 1429 1651 1472 propitium.

991 1480 1043 1510 alii
1059 1480 1183 1511 codices
1197 1492 1259 1511 suo.
1302 1479 1423 1509 Hssrxs.

1036 1532 1090 1560 31.
1117 1530 1218 1561 Prosit
1237 1536 1265 1560 et
1287 1529 1474 1569 adveniens]
1505 1528 1605 1559 Prosit
1621 1535 1652 1559 et

992 1578 1109 1609 Aldina
1129 1579 1221 1620 prior,
1247 1578 1379 1620 Gryphii
1405 1584 1436 1608 et
1457 1577 1654 1609 Bersmanni.

990 1628 1045 1659 sed
1068 1628 1162 1664 male,
1178 1634 1209 1659 et
1229 1633 1311 1659 recte
1335 1627 1456 1658 Marius
1477 1626 1596 1668 rejecit,
1622 1633 1654 1658 et

990 1685 1027 1708 ut
1051 1678 1203 1720 explicuit
1227 1688 1283 1720 pro
1306 1679 1561 1718 quemadmodum.
1591 1687 1653 1707 non

990 1727 1073 1757 male
1088 1739 1094 1757 :
1135 1727 1239 1769 aspice
1269 1737 1330 1768 quo
1358 1725 1451 1756 modo
1483 1725 1654 1756 adveniens

990 1777 1082 1807 stella
1111 1776 1243 1807 Veneris
1266 1776 1324 1806 tibi
1349 1776 1457 1817 prosit.
1497 1775 1551 1806 sed
1577 1776 1653 1806 forte

991 1826 1096 1861 Lenae,
1108 1825 1251 1856 formanti
1263 1825 1372 1856 rudem
1384 1824 1566 1856 meretriciae
1579 1824 1655 1856 artis

990 1875 1140 1917 puellam,
1157 1875 1393 1905 convenientius
1407 1874 1485 1905 foret
1499 1875 1602 1915 legere
1616 1886 1622 1904 :

1036 1925 1135 1954 Prosit
1149 1930 1186 1955 ut
1198 1926 1369 1959 adveniens,
1385 1934 1421 1953 en
1435 1925 1547 1963 accipe.

987 1973 1024 2004 Id
1041 1980 1088 2004 est
1110 1973 1195 2004 disce
1220 1983 1303 2003 nunc
1319 1983 1356 2003 ex
1373 1983 1433 2009 me,
1450 1983 1513 2014 qua
1535 1972 1652 2004 ratione

986 2023 1044 2053 tibi
1059 2023 1167 2053 Venus
1182 2023 1302 2058 favens,
1321 2021 1419 2052 forma
1435 2026 1466 2052 et
1488 2027 1582 2053 aetate
1598 2022 1652 2053 flo-

986 2072 1076 2108 renti,
1099 2072 1194 2114 possit
1216 2071 1372 2113 prodesse.
1402 2070 1489 2101 dives
1512 2081 1584 2101 cum
1613 2071 1653 2102 sit

987 2128 1106 2152 amator
1121 2128 1152 2152 et
1167 2121 1291 2157 habeat,
1302 2121 1386 2162 quod
1402 2120 1459 2151 tibi
1474 2119 1564 2156 desit,
1581 2131 1652 2162 spo-

987 2171 1112 2201 liandus
1131 2170 1201 2207 erit,
1219 2176 1254 2201 ut
1276 2170 1309 2201 in
1329 2170 1532 2211 sequentibus
1552 2169 1650 2211 pluri-

988 2220 1047 2250 bus
1064 2219 1187 2258 tradet3
1210 2219 1290 2250 illud
1306 2218 1401 2250 etiam
1416 2229 1495 2249 σιω-ω
1511 2220 1583 2258 quid
1599 2221 1653 2249 tibi

988 2270 1061 2299 desit
1092 2270 1188 2305 habet,
1217 2269 1384 2299 obscurum
1411 2267 1488 2297 mihi
1515 2267 1651 2299 videtur.

989 2328 1060 2348 nam
1084 2318 1109 2348 si
1133 2319 1217 2348 habet
1233 2328 1311 2347 curae
1338 2318 1420 2357 quid,
1442 2316 1502 2347 «Sec.
1523 2315 1652 2357 conjun—

988 2377 1053 2408 gaS,
1071 2377 1176 2398 vereor
1191 2372 1226 2398 ut
1240 2366 1315 2397 satis
1331 2365 1443 2396 Latine
1461 2364 1500 2396 sit
1516 2365 1649 2401 dictum,

989 2427 1060 2447 cum
1076 2417 1159 2446 habet
1175 2415 1367 2458 simpliciter,
1378 2426 1433 2457 pro
1448 2414 1535 2445 dives
1549 2419 1605 2450 est,
1618 2419 1652 2444 ut

989 2465 1113 2500 millies,
1150 2464 1284 2506 positum
1322 2463 1476 2495 videatur.
1506 2462 1573 2493 vid.
1612 2461 1652 2493 ad

990 2514 1115 2544 Phaedr.
1131 2514 1189 2544 lib.
1206 2525 1237 2544 v.
1252 2514 1330 2544 Fab.
1342 2514 1374 2544 4.
1392 2523 1487 2555 quare
1499 2511 1576 2543 forte
1587 2522 1651 2543 me-

988 2563 1048 2594 lius
1063 2563 1202 2604 legatur:

1034 2612 1085 2649 Et,
1101 2614 1189 2643 cultae
1204 2614 1280 2653 quod
1297 2613 1350 2642 eibi
1361 2611 1444 2652 dqfit,
1457 2611 1555 2640 habet.

1492 2660 1609 2689 chr.

1032 2710 1084 2740 35.
1111 2710 1276 2752 Erubuit]
1304 2709 1371 2739 Hoc
1403 2713 1487 2739 recte
1511 2718 1529 2738 a
1556 2707 1653 2739 Poeta

989 2758 1051 2790 dici
1076 2765 1161 2790 notat
1176 2759 1310 2790 Marius.
1335 2763 1366 2788 et
1387 2757 1457 2789 ideo
1476 2755 1651 2798 parenthesi
