1849 3198
217 259 234 297 1
244 256 301 298 62

609 256 660 297 P.
693 255 905 298 OVJDII
940 256 1217 297 NASONIS

219 372 317 421 Vix
334 388 475 421 socer
502 371 740 437 Iphiclus,
757 373 839 420 vix
859 389 938 420 me
964 373 1255 435 grandaevus
1272 371 1502 427 Acastus,
1540 374 1603 418 25

285 450 383 497 Vix
409 456 566 498 mater
590 450 754 512 gelida
780 456 956 497 moesta
979 449 1153 498 refecit
1177 466 1321 514 aqua.

223 527 454 575 Officium
480 527 642 575 fecere
666 527 803 590 pium
826 545 836 583 ;
878 527 966 573 sed
992 526 1163 574 inutile
1189 527 1348 574 nobis.

288 604 525 666 Indignor
548 604 740 651 miserae
765 620 863 650 non
888 603 1086 650 licuisse
1111 604 1249 650 mori.

223 682 294 729 Ut
318 683 462 730 rediit
487 682 696 737 animus,
723 682 906 745 pariter
931 681 1121 728 rediere
1146 682 1369 737 dolores;

288 760 502 807 Pectora
525 760 776 822 legitimus
803 766 942 806 casta
965 759 1230 806 momordit
1254 774 1407 805 amor.

1544 761 1608 804 30

223 837 270 885 N
275 854 332 886 ec
357 838 476 884 mihi
501 838 775 902 pectendos
802 854 922 884 cura
945 844 1022 884 est
1045 837 1266 901 praebere
1291 835 1524 899 capillos:

289 914 398 962 Nec
423 915 545 962 libet
571 914 740 962 aurata
765 930 972 978 corpora
994 920 1132 961 veste
1155 913 1273 976 tegi.

223 991 294 1039 Ut
319 1008 443 1055 quas
469 993 736 1056 pampinea
758 992 982 1054 tetigisse
1010 990 1300 1053 Bicorniger
1324 990 1468 1037 hasta

290 1069 549 1127 Creditur3
590 1071 686 1116 huc
712 1069 844 1125 illuc,
872 1085 971 1132 quo
996 1068 1128 1114 furor
1152 1068 1268 1130 egit,
1296 1083 1372 1114 eO.

224 1146 539 1194 Conveniunt
552 1153 735 1194 matres
755 1145 1063 1209 Phyllei‘des‚
1082 1152 1132 1192 et
1145 1145 1265 1191 mihi
1284 1145 1515 1199 clamant,
1542 1146 1605 1190 35

288 1223 446 1272 Indue
471 1225 681 1287 regales,
711 1222 994 1278 Laodamia,
1021 1222 1174 1269 sinus,

224 1301 428 1349 Scilicet
452 1302 560 1366 ipsa
584 1318 752 1365 geram
778 1308 1021 1349 saturatas
1047 1300 1233 1347 murice
1257 1306 1448 1348 vestes:

289 1378 433 1427 Bella
457 1381 549 1427 sub
576 1380 742 1427 Iliacis
767 1379 1012 1426 moenibus
1038 1378 1120 1425 ille
1145 1377 1315 1440 gerat?

223 1456 342 1520 Ipsa
366 1474 533 1504 comas
560 1465 759 1521 pectar:
799 1456 943 1519 galea
966 1462 1119 1519 caput
1143 1455 1223 1502 ille
1248 1454 1533 1519 prematur?

290 1534 409 1597 Ipsa
433 1552 583 1582 novas
609 1542 800 1582 vestes:
840 1535 964 1582 dura
986 1534 1058 1581 vir
1082 1549 1218 1581 arma
1241 1533 1396 1580 ferat?

264 1669 317 1699 25.
345 1668 399 1698 Via·
436 1681 479 1699 me
510 1671 689 1711 grandaevns
726 1667 897 1710 Acastus.]‘

222 1717 358 1748 Dubitat
381 1718 553 1749 Burmann.
568 1719 600 1748 in
616 1719 767 1760 Catalogo
781 1718 881 1759 Argo-

221 1772 308 1798 naut.
345 1778 439 1808 quem
469 1767 588 1798 Valerii
618 1767 723 1798 Flacci
754 1768 881 1799 editioni

221 1816 380 1858 praemisit,
396 1822 499 1847 utrum
516 1816 566 1846 hic
585 1816 669 1847 idem
688 1817 728 1848 sit
747 1817 882 1848 Acastus

221 1876 293 1896 cum
309 1865 426 1896 Acasto
447 1866 543 1896 Peliae
566 1865 628 1896 filio
645 1871 675 1896 et
695 1867 820 1897 Jasonis
834 1878 882 1897 so-

222 1914 271 1945 cio
280 1927 288 1953 3
312 1926 352 1945 an
367 1915 405 1946 sit
421 1916 460 1946 ab
474 1926 510 1945 eo
525 1915 664 1946 diversus
679 1916 882 1958 reputandus.

223 1964 284 1995 Vix
302 1964 384 1995 enim
403 1965 469 2006 jam
485 1963 623 2006 vopisco
644 1964 728 1995 visus
743 1964 795 1995 ille
812 1965 883 1996 vitae

222 2018 346 2055 tempus
376 2013 414 2044 ad
443 2014 578 2055 Trojana
612 2025 709 2055 usque
746 2020 885 2056 tempora

223 2062 393 2104 perducere
408 2062 564 2104 potuisse3
588 2062 643 2093 sed
662 2068 749 2104 patet
764 2074 801 2094 ex
818 2065 881 2094 Eu—

225 2110 333 2152 ripidis
349 2111 417 2142 loco
433 2111 464 2141 in
480 2111 593 2142 Troad.
620 2111 771 2143 Acastum
787 2112 883 2143 Peliae

224 2159 322 2190 filium
338 2161 419 2191 ultra
445 2159 539 2191 etiam
561 2161 685 2202 Trojani
707 2162 780 2192 belli
807 2168 884 2193 tem—

226 2220 301 2251 pora
320 2210 446 2240 vixisse.
492 2210 586 2241 Adde
610 2211 692 2252 quod
712 2217 741 2242 et
764 2211 814 2242 hie
829 2223 884 2254 pa-

225 2259 284 2289 tria
307 2258 497 2297 Thessalus,
521 2265 552 2290 et
572 2260 739 2291 Thessalus
760 2272 883 2303 quoque

226 2308 403 2340 Laodamiae
419 2313 520 2350 pater.
571 2309 623 2339 Vil
639 2321 719 2340 socer
737 2310 883 2350 Iphiclus.

226 2358 340 2400 Iphicli
356 2357 476 2400 plures:
500 2358 551 2388 hic
567 2359 699 2400 Phylaci
712 2359 803 2396 filius,
819 2361 884 2391 De-

222 2407 304 2449 jonis
317 2418 354 2437 ex
372 2406 523 2448 Clymene
539 2418 653 2449 nepos:
671 2408 810 2440 interfuit
822 2409 883 2439 Ar·

227 2456 380 2497 gonautis,
418 2455 534 2496 pedum
568 2457 731 2488 velocitate
770 2458 883 2489 clarus.

228 2505 373 2547 Apoll.i.
390 2506 444 2535 45.
490 2504 609 2536 Ama.

271 2556 325 2585 35.
352 2554 466 2584 Matres
484 2554 704 2595 Phylaceides]
725 2556 886 2596 Phylaicles

228 2604 417 2634 Puteaneus.
450 2604 531 2643 Lege
551 2605 730 2644 l’hylleides.
758 2606 886 2646 Phylius

228 2651 310 2683 enim
325 2652 493 2682 Thessaliae
506 2654 579 2683 urbs
595 2664 655 2684 non
668 2653 780 2691 minus,
792 2666 885 2697 quam

232 2701 374 2742 Phylace.
399 2701 575 2743 Stephanus
589 2703 778 2743 Byzantius:
797 2706 883 2736 Φυλ-

228 2752 307 2788 λοῦς
323 2751 420 2787 πόλις
435 2750 470 2782 ἐν
481 2751 643 2794 θετταλίςῑ
661 2752 822 2794 Στράβων
836 2754 886 2785 έν-

230 2798 327 2843 νάτῃ,
341 2798 474 2837 Ῥιανὸς
489 2799 519 2831 δὲ
535 2800 663 2842 φύλλον
674 2802 822 2840 Θηλυκῶς
836 2802 886 2833 λέ-

1544 1535 1608 1578 40

949 1680 997 1710 γει
1012 1668 1048 1699 ἐν
1062 1666 1191 1708 ἐννάτῳ
1208 1669 1428 1699 Θεσσαλικῶν·

993 1716 1059 1749 0‘1'6'
1074 1716 1162 1759 ἄφαρ
1185 1716 1409 1754 ὁπλισθέντες,
1432 1716 1512 1747 toan
1529 1728 1607 1758 κρα-

1035 1768 1124 1805 ναὴν
1141 1779 1218 1798 ποτι
1232 1767 1371 1808 φύλλον·

995 1816 1179 1853 Οἶκοῦντες,
1197 1817 1342 1857 φυλλεῖς.
1445 1814 1565 1847 Hiems.

953 1865 1124 1905 Phylleides
1137 1865 1282 1907 cupidius
1297 1866 1336 1896 ab
1352 1864 1492 1902 Heinsio,
1510 1865 1609 1896 admi-

951 1914 1068 1946 ratione
1094 1915 1248 1951 vocabuli,
1260 1915 1320 1946 huc
1335 1915 1498 1951 intrusum,
1516 1926 1609 1957 quam

951 1964 1063 2001 verius,
1079 1970 1184 1995 censet
1207 1964 1471 2001 Hemsterhusius,
1488 1965 1526 1996 ad
1548 1966 1610 1996 Lu-

951 2013 1076 2044 cianum
1093 2014 1221 2055 Dialog.⁷
1238 2015 1334 2044 Mort.
1350 2014 1438 2044 xxiii.
1473 2014 1608 2045 Causam

952 2068 1055 2093 autem
1071 2064 1219 2094 Heinsius
1231 2064 1353 2105 rejectae
1370 2065 1409 2094 ab
1422 2075 1453 2094 se
1476 2064 1610 2105 vulgatae

951 2112 1032 2143 hanc
1047 2112 1162 2148 attulit,
1176 2113 1259 2153 quod
1275 2112 1406 2154 primam
1420 2112 1452 2143 in
1465 2113 1613 2144 derivatis

952 2171 971 2192 a
998 2160 1133 2200 Φυλάκῃ
1161 2161 1294 2192 Ovidius
1323 2161 1397 2192 alibi
1426 2162 1609 2204 plerumque

951 2211 1114 2252 producat,
1130 2211 1287 2252 geminato
1304 2212 1323 2242 I.
1352 2210 1413 2241 Sed
1431 2222 1491 2242 non
1507 2211 1607 2252 fugie—

951 2261 1004 2290 bat
1032 2259 1129 2291 virum
1155 2260 1188 2290 in
1215 2260 1330 2291 Ovidio
1355 2260 1608 2298 versatissimum,

951 2309 1049 2345 locus,
1067 2310 1160 2341 Trist.
1177 2321 1208 2340 v.
1226 2309 1275 2340 El.
1291 2310 1353 2341 xiv.
1369 2311 1427 2341 39:
1464 2311 1505 2341 Ut
1527 2313 1608 2342 vivat

941 2359 1034 2400 filma
1048 2361 1158 2399 conjux
1173 2359 1382 2390 Punicam.
1420 2360 1576 2391 Nimirum
1592 2371 1610 2392 a

953 2407 1100 2447 Φυλάκῃ,
1117 2419 1210 2450 quam
1224 2410 1332 2440 urbem
1355 2409 1512 2451 Phylacus
1533 2421 1607 2441 con-

951 2458 1083 2493 diderat,
1099 2457 1214 2499 gentile
1231 2464 1277 2489 est
1294 2460 1485 2497 Φυλακεῖος,
1503 2460 1609 2491 Ionice

954 2507 1150 2546 Φυλακὴϊος,
1175 2508 1257 2538 unde
1283 2509 1475 2545 femininum,
1494 2510 1608 2550 Phyta-

953 2558 1038 2593 ce‘ia;
1071 2562 1101 2587 et
1128 2558 1259 2588 alterum
1285 2559 1400 2598 gentile
1428 2559 1607 2597 Φυλακεύς,

953 2606 1035 2636 unde
1052 2607 1159 2637 femin.
1179 2607 1357 2646 Φυλακὴῖς,
1374 2619 1433 2649 quo
1449 2607 1495 2638 usi
1511 2609 1608 2650 Apol-

952 2655 1014 2686 lon.
1031 2656 1052 2686 i.
1071 2657 1131 2694 47;
1154 2662 1185 2687 et
1208 2657 1335 2693 Stati-us,
1351 2658 1428 2688 Silv.
1444 2669 1475 2689 v.
1502 2658 1608 2691 Carm.

952 2705 998 2736 iii.
1015 2706 1090 2736 272.
1102 2706 1138 2737 L.
1181 2706 1298 2737 Ama.

997 2756 1048 2786 39.
1074 2755 1140 2796 Ipsa
1161 2768 1255 2787 comas
1268 2763 1394 2797 pectam,
1411 2758 1499 2798 galea
1518 2765 1609 2798 capvt

953 2806 1005 2835 ille.
1024 2807 1196 2844 premetur?
1221 2805 1288 2845 Ipsa
1311 2817 1398 2837 novas
1417 2813 1515 2843 vestes,
1531 2808 1609 2837 dura
