1849 3198
580 513 641 560 P.
691 510 950 560 ov1D11
1009 509 1346 558 NAsole

759 647 1174 707 AMORUM

690 797 910 836 LIBER
957 796 1244 835 PRIMUS.

840 955 1102 988 4-

775 1098 1077 1146 ELEGIA
1130 1099 1168 1146 Ι.

282 1217 433 1263 Arma
451 1216 585 1279 gravi
612 1231 833 1271 numero,
860 1215 1179 1278 violentaque
1204 1216 1351 1269 bella,
1378 1216 1614 1279 parabam

350 1281 766 1349 Edere‚,sinateri·<”1
793 1292 1118 1340 conveniente
1143 1292 1320 1339 modis,

284 1370 383 1417 Par
407 1362 735 1417 erat'inferior
758 1384 929 1416 versus

950 1386 960 1416 ε
983 1401 989 1409 „
999 1369 1167 1416 risisse
1195 1369 1393 1433 Cupido

352 1447 563 1503 Dicitur,
592 1454 745 1511 atque
770 1463 923 1494 unum
950 1447 1260 1511 subripuisse
1284 1447 1481 1511 pedem.

285 1524 410 1579 Quis
435 1524 544 1581 tibi,
573 1540 703 1571 saeve
728 1540 866 1587 puer,
894 1523 1035 1571 dedit
1058 1524 1154 1570 hoc
1180 1524 1229 1570 in
1255 1524 1475 1570 carmina
1492 1523 1652 1586 juris?

353 1601 608 1648 Pieridum
632 1607 788 1657 vates,
816 1618 913 1648 non
938 1609 1025 1649 tua
1048 1602 1210 1657 turba,
1238 1617 1426 1648 sumus.
1647 1603 1676 1647 6

286 1678 455 1733 Quid?
492 1678 533 1725 si
558 1679 808 1743 praeripiat
831 1679 970 1727 flavae
996 1678 1168 1725 Venus
1194 1694 1330 1726 arma
1355 1677 1610 1734 Minervae,

353 1755 576 1804 Ventilet
600 1772 838 1804 accensas
864 1757 993 1804 flava
1018 1756 1247 1805 Minerva
1271 1756 1440 1804 faces?

290 1832 415 1888 Quis
441 1833 620 1896 probet
645 1833 695 1879 in
721 1834 855 1880 silvis
884 1834 1121 1880 Cererem
1146 1849 1353 1895 regnare
1371 1832 1599 1895 jugosis?

357 1909 491 1972 Lege
515 1910 812 1973 pharetratae
838 1910 1057 1973 Virginis
1084 1927 1198 1958 arva
1222 1910 1349 1957 coli?
1625 1911 1684 1955 lO

337 2059 366 2090 1.
405 2060 509 2094 Azina,
538 2059 598 2089 &c.
604 2058 618 2099 ]
660 2059 727 2089 Etsi
757 2069 953 2100 quaecunque

289 2108 375 2140 bella
394 2108 528 2149 intelligi
554 2108 683 2150 possint,
709 2114 815 2139 tamen
844 2108 956 2139 melius

291 2163 348 2194 est,
364 2162 400 2188 ut
423 2156 732 2198 Gigantomachiam‚
751 2168 803 2187 seu
827 2157 954 2188 Pitano-

291 2205 454 2248 glaphiarn
470 2206 702 2247 intelligamus:
721 2217 816 2247 quam
832 2218 864 2237 se
881 2207 955 2237 scri-

292 2256 366 2286 bere
394 2255 539 2297 coepisse,
569 2255 706 2286 ostendit
736 2256 823 2286 Naso
855 2256 903 2287 El.
934 2257 955 2287 i.

294 2303 349 2335 lib.
365 2303 399 2335 ii.

337 2357 370 2386 5.
397 2355 488 2385 Dedit
506 2355 604 2385 hocin
629 2356 762 2385 carmine
776 2352 893 2393 jur-im]
922 2352 957 2383 In

295 2405 431 2434 carmina
446 2403 563 2445 optime
580 2404 789 2445 fragmentum
808 2402 957 2443 Regium.

295 2458 330 2483 ut
345 2453 366 2482 i.
383 2452 467 2483 Fast.
486 2453 535 2483 17.
546 2451 636 2488 dixit,
652 2455 766 2484 dedet-is
778 2454 810 2482 in
826 2452 959 2481 carmina

299 2503 384 2538 vires,
401 2507 435 2532 ut
448 2501 491 2532 ibi
508 2501 689 2543 legendum.
735 2503 912 2539 Ham-ejus
928 2502 959 2529 in

296 2552 424 2591 aliquem
448 2550 592 2582 dicimur.
618 2554 650 2582 in
669 2554 769 2592 aliquo
783 2550 886 2581 minus
902 2550 959 2580 La-

297 2600 397 2630 tinum
413 2606 471 2631 est.
517 2601 635 2631 mes.

342 2650 374 2679 6.
404 2648 467 2679 Tua
495 2651 582 2680 turbu
608 2650 735 2690 siamus]
771 2650 878 2680 Codex
901 2649 961 2680 Rc-

300 2697 369 2737 gius
393 2706 503 2729 turma.
531 2710 610 2730 unus
636 2699 796 2730 Palatinus
820 2705 850 2729 et
876 2698 962 2728 Vali—

301 2757 397 2779 canus
415 2751 550 2779 membru.
574 2748 667 2780 ctiam
685 2749 789 2788 probo.
827 2748 940 2777 Hrm.

1067 2061 1099 2091 7.
1127 2058 1316 2099 Praeripiat]
1359 2059 1395 2088 In
1428 2056 1573 2088 Palatino
1598 2057 1688 2088 tertio

1023 2114 1081 2143 est,
1109 2110 1275 2148 prcrcipiut.
1314 2114 1345 2138 et
1373 2108 1405 2138 id
1435 2107 1578 2149 probavit
1601 2108 1688 2138 Geb-

1025 2158 1139 2188 hardus
1162 2158 1219 2188 lib.
1242 2158 1265 2188 i.
1312 2157 1470 2199 Crepund.
1493 2167 1563 2198 cap.
1584 2156 1606 2186 i.
1632 2157 1687 2187 sed

1024 2205 1263 2237 inconsiderate.
1290 2207 1455 2246 Praecipere
1468 2211 1514 2236 est
1526 2205 1608 2236 enim
1624 2216 1688 2236 rem

1026 2261 1097 2287 ante
1115 2255 1211 2286 alium
1228 2266 1360 2297 capere;
1384 2260 1418 2286 ut
1437 2256 1497 2296 Ep.
1519 2254 1596 2286 xvii.
1615 2256 1688 2285 107.

1029 2305 1180 2345 Przrceptn
1194 2307 1321 2347 gaudia.
1347 2305 1513 2344 Praeripere
1529 2315 1601 2335 vcro
1614 2315 1690 2341 rem,

1027 2353 1058 2384 in
1076 2365 1169 2395 quam
1193 2354 1273 2384 alius
1291 2355 1344 2395 jus
1368 2353 1475 2388 habet,
1493 2353 1612 2384 auferre
1636 2364 1691 2395 per

1027 2404 1100 2439 vim,
1114 2409 1147 2434 ut
1163 2403 1276 2445 passim
1294 2402 1397 2434 Latini
1415 2402 1588 2444 scriptores.
1611 2403 1691 2434 Nos-

1028 2458 1073 2483 ter
1089 2464 1120 2482 v.
1138 2453 1272 2483 Metam.
1293 2454 1341 2483 10.

1076 2501 1232 2542 I'rcsrcptae
1248 2503 1383 2543 conjugis
1400 2503 1490 2531 ullor.

1032 2551 1069 2581 Et
1085 2551 1128 2581 ita
1146 2562 1228 2592 saepe
1245 2551 1356 2582 Cicero
1371 2557 1401 2582 et
1418 2551 1483 2582 alii.
1532 2552 1648 2581 Burni.

1074 2602 1104 2632 8.
1134 2601 1290 2642 Ventilet]
1310 2602 1438 2631 Movent
1454 2606 1485 2631 ut
1504 2608 1629 2631 ventum
1646 2602 1690 2630 fa<

1032 2651 1104 2685 ciat,
1136 2662 1196 2692 quo
1222 2652 1323 2692 magis·
1348 2650 1572 2681 accendantur.
1619 2650 1693 2680 ΜΛ-

1035 2710 1118 2730 llll'S·
