1849 3198
189 174 285 216 ‘376
589 173 640 214 P.
675 172 888 215 OVIDII
921 170 1205 214 NASONIS

201 289 407 337 Femina
430 289 679 336 silvestres
706 288 966 352 Lapithas3
1006 287 1345 351 populumque
1378 285 1589 332 bimem-

266 365 496 429 Turpiter
521 366 748 429 adposito
771 365 918 412 vertit
941 365 990 411 in
1016 380 1153 411 arma
1176 379 1328 410 mero,
1426 363 1588 424 [brem

201 441 406 489 Femina
430 442 669 505 Trojanos
695 442 873 489 iterum
897 441 1001 489 fera
1024 441 1157 488 bella
1179 455 1376 487 movere
1523 441 1583 484 21

266 518 472 582 ImpuIit
495 519 544 565 in
569 535 737 581 regno,
759 519 895 580 juste
922 517 1112 573 Latine,
1139 524 1240 564 tuo.

200 595 404 642 Femina
424 595 679 650 Romanis,
704 595 851 642 etiam
877 610 1007 641 nunc
1035 593 1173 640 Urbe
1199 592 1402 647 recenti,

266 672 479 719 Immisit
503 688 717 727 soceros,
746 686 983 733 armaque
1009 686 1141 717 saeva
1164 670 1318 717 dedit.

198 748 312 796 Vidi
339 766 430 812 ego
454 766 542 813 pro
567 749 709 796 nivea
733 756 1013 812 pugnantes
1039 749 1250 811 conjuge
1273 753 1441 793 tauros
1461 762 1470 792 :

267 825 552 889 Spectatrix
578 826 765 873 animos
791 825 901 888 ipsa
918 826 1134 887 juvenca
1156 825 1324 871 dabat.

200 902 286 950 Me
308 919 508 966 quoque
529 920 644 950 eum
670 903 854 958 multis,
872 903 960 949 sed
986 918 1065 949 me
1084 902 1190 949 sine
1211 901 1363 956 caede,
1387 898 1590 962 Cupido

266 980 296 1026 J
301 981 426 1028 ussit
450 981 636 1028 militiae
662 982 804 1043 signa
827 996 1024 1028 movere
1050 995 1172 1026 suae.

1522 747 1592 790 25

1014 1180 1166 1188 —-.-—a-—.

646 1311 944 1358 ELEGIA
982 1310 1134 1358 XIII.

197 1446 330 1492 Dum
355 1445 624 1492 labefactat
647 1460 770 1490 onus
797 1444 984 1506 gravidi
1008 1442 1268 1490 temeraria
1292 1442 1492 1498 ventris,

263 1522 322 1568 In
347 1522 498 1569 dubio
523 1522 635 1569 vitae
662 1522 794 1568 lassa
820 1522 1040 1568 Corinna
1057 1522 1209 1584 jacet.

198 1599 289 1647 Illa
313 1600 532 1662 quidem,
560 1600 689 1646 clam
713 1616 791 1646 me
816 1606 1009 1646 tantum
1030 1598 1201 1644 molita
1224 1597 1412 1661 pericli,

264 1676 345 1723 Ira
372 1677 522 1739 digna
545 1677 683 1724 mea:
724 1677 811 1723 sed
837 1676 971 1723 cadit
994 1677 1065 1722 ira
1088 1681 1240 1721 metu,

198 1754 300 1800 Sed
326 1760 492 1800 tamen
517 1761 602 1800 aut
625 1770 688 1800 ex
713 1770 792 1801 me
818 1759 1142 1817 conceperat3
1184 1759 1269 1799 aut
1293 1768 1386 1814 ego
1412 1753 1578 1799 credo.

264 1830 356 1877 Est
379 1830 497 1876 mihi
523 1846 611 1893 pro
636 1829 766 1877 facto
792 1847 942 1894 saepe,
969 1829 1103 1893 quod
1129 1845 1239 1876 esse
1264 1836 1446 1892 potest‘
1551 1832 1581 1876 6

196 2039 247 2058 nec
274 2028 342 2058 belli
366 2033 406 2057 est
433 2037 506 2057 nova
530 2038 605 2057 cura
630 2029 697 2063 mei,
717 2028 771 2058 sed
798 2037 855 2067 ego

195 2082 358 2117 utramque
374 2087 465 2107 sensu
480 2086 584 2107 carere
596 2082 683 2118 puto.
700 2076 857 2118 praecessit

194 2126 288 2157 etiam
303 2125 404 2161 modo,
428 2136 520 2155 cura:
545 2136 640 2166 quare
660 2132 735 2167 puto
748 2126 854 2166 legen-

194 2174 269 2205 dum
298 2173 492 2215 transpositis
520 2174 658 2210 vocibus,
693 2175 755 2205 Nec
786 2176 855 2205 belli

194 2235 257 2253 mea
279 2233 381 2253 caussa
404 2224 482 2252 novi.
528 2223 597 2253 Nec
620 2223 736 2264 puella,
763 2234 781 2253 a
806 2234 854 2253 me

192 2272 288 2308 victa,
304 2278 335 2302 et
350 2270 425 2300 mihi
442 2270 560 2306 dedita,
575 2272 632 2302 erit
655 2282 765 2302 caussa
784 2273 853 2303 novi

193 2321 280 2357 belli,
318 2326 353 2351 ut
389 2319 511 2350 Helene
547 2326 577 2351 et
611 2321 679 2351 aliae
717 2322 852 2352 fuerunt.

195 2370 312 2400 Bunm.

240 2420 292 2449 19.
318 2418 452 2453 Femina,
467 2418 542 2458 &c.]
569 2419 790 2460 Hippodamia,
814 2419 853 2450 de

194 2478 258 2508 qua
286 2466 357 2497 vide
382 2467 591 2508 Metamorph.
615 2468 671 2498 lib.
700 2467 754 2498 xii.
780 2469 853 2499 224.

194 2517 312 2546 Ama.

237 2567 291 2596 21.
327 2565 450 2596 Femina
474 2565 625 2605 Trqjanos,
650 2566 725 2605 δια]
760 2566 852 2597 Lavi-

195 2614 256 2650 nia,
272 2614 375 2645 Latini
390 2614 471 2656 regis
484 2615 558 2645 filia.
602 2614 720 2645 Annii.

238 2665 291 2694 23.
319 2664 443 2693 Femina
473 2664 623 2699 Romanis,
652 2663 726 2703 δια]
762 2663 853 2693 Bella

192 2712 337 2754 intelligit
353 2724 421 2755 qua·
438 2713 619 2744 Sabinarum
643 2718 764 2754 raptum
781 2723 848 2753 pro-

923 2027 1006 2056 tinus
1028 2031 1173 2066 sequuta.
1203 2025 1320 2055 Amn.
1347 2024 1408 2055 Sed
1429 2024 1500 2055 vide
1527 2035 1582 2055 an-

924 2087 984 2106 non
1019 2075 1187 2117 Tarpeiam
1223 2085 1286 2116 prae
1319 2074 1439 2105 ceteris
1473 2074 1582 2105 innuat

923 2126 1026 2166 poeta.

965 2224 998 2252 2.
1023 2222 1115 2252 Lassa
1133 2220 1292 2260 Corinna]
1311 2220 1409 2259 Lapsa
1420 2230 1500 2251 unus
1516 2220 1579 2250 Re-

921 2271 1001 2312 gius,
1018 2270 1101 2312 quod
1128 2270 1257 2311 probare
1280 2274 1400 2310 poterat
1417 2268 1580 2300 Francius.

921 2321 975 2351 sed
992 2322 1068 2351 lassa
1082 2320 1120 2350 de
1130 2329 1213 2359 aegra
1228 2323 1310 2348 recte
1326 2317 1450 2348 dicitur.
1463 2318 1580 2348 Bunm.

964 2370 997 2399 3.
1024 2368 1171 2407 Clamat]
1196 2366 1348 2397 Mendose
1375 2365 1419 2396 sic
1444 2366 1581 2407 legitur.-

921 2429 996 2449 sana
1016 2418 1099 2448 enim
1122 2416 1214 2447 lectio
1241 2421 1272 2446 et
1294 2421 1417 2446 vetusta
1438 2420 1494 2451 est,
1518 2415 1582 2446 Illa

921 2469 1038 2508 quidem
1065 2468 1141 2497 clam
1164 2477 1226 2496 me:
1260 2464 1292 2495 id
1318 2471 1374 2500 est,
1396 2475 1445 2494 me
1468 2464 1579 2495 inscio.

922 2516 1058 2546 Corinna
1072 2515 1154 2545 enirn
1171 2514 1228 2544 hoc
1244 2524 1332 2544 suum
1349 2513 1511 2543 consilium
1528 2523 1579 2543 ce-

921 2565 1039 2596 laverat
1067 2565 1245 2595 Nasonem:
1275 2562 1357 2593 unde
1383 2561 1458 2593 dicit
1485 2573 1579 2598 nunc,

921 2624 989 2644 eam
1006 2614 1132 2655 dignam
1148 2613 1252 2648 fuisse,
1268 2612 1318 2643 cui
1339 2616 1534 2644 succenseret
1548 2618 1580 2642 et

920 2664 1113 2694 irasceretur.
1161 2663 1311 2692 Mmuus'.
