1849 3198
226 240 309 282 134

608 239 659 280 Ρ.
692 237 905 280 OVIDII
938 237 1216 281 NASONIS

228 354 294 403 Et
317 355 443 402 bene
467 354 676 401 narraris
706 354 859 401 letum
883 354 1110 418 taurique
1133 354 1340 417 virique,

293 432 542 494 Sectaque
565 447 655 495 per
677 430 853 478 dubias
878 447 1030 478 saxea
1051 438 1186 479 tecta
1208 432 1340 489 vias3

226 508 313 556 Me
339 525 539 572 quoque
563 515 758 557 narrato
782 510 887 556 sola
908 509 1084 556 tellure
1108 509 1357 556 relictam:

294 586 408 633 Non
432 602 524 648 ego
549 602 658 632 sum
681 586 835 633 titulis
861 586 1180 649 subripienda
1202 586 1316 633 tuis.

1512 588 1604 632 130

227 662 336 710 Nec
360 670 501 727 pater
524 670 601 710 est
624 663 837 725 AEgeus3
877 678 968 709 nec
993 669 1046 709 tu
1073 662 1351 710 Pittheidos
1376 661 1563 710 AEthrae

294 740 445 787 Filius
466 758 475 788 ε
515 747 740 787 auctores
767 755 890 786 saxa
912 739 1193 802 fretumque
1217 740 1306 786 tui.

228 816 292 863 Di
317 817 549 874 facerent,
576 825 631 864 ut
654 833 733 864 me
759 832 952 864 summa
975 817 1037 863 de
1063 833 1232 880 puppe
1256 815 1473 863 videres!

292 894 533 942 Movisset
554 895 716 941 vultus
742 901 919 941 moesta
941 894 1098 956 figura
1121 902 1248 941 tuos.

1417 893 1604 955 [mente

226 970 274 1018 N
279 987 374 1018 unc
401 988 602 1035 quoque
629 988 726 1018 non
751 972 923 1025 oculis,
951 972 1055 1028 sed,
1084 988 1183 1035 qua
1217 978 1375 1035 poteS,
1403 971 1605 1035 adspice

292 1046 576 1096 Haerentem
602 1049 820 1113 scopulo,
842 1064 991 1112 quem
1009 1064 1135 1110 vaga
1152 1049 1317 1112 pulsat
1334 1063 1480 1111 aqua.
1513 1050 1603 1095 136

221 1235 291 1255 nore
308 1225 395 1266 tuae.]
422 1224 632 1261 Lovaniensis,
646 1227 728 1256 urbis
742 1227 836 1257 celsus
850 1229 881 1257 in

221 1285 283 1305 ore.
329 1275 422 1311 Octo,
440 1277 533 1305 turba:
547 1276 640 1306 celsus
654 1277 687 1306 in
702 1287 782 1306 arce.
807 1277 879 1307 toti—

221 1323 306 1360 dem,
324 1326 416 1355 turbae
431 1325 524 1355 celsus
545 1327 578 1355 in
598 1336 659 1356 ore.
674 1335 759 1356 vere.
776 1323 882 1356 Livius

221 1371 278 1403 lib.
295 1373 381 1404 xxxi.
398 1383 467 1415 cap.
482 1373 537 1404 24.
588 1374 682 1404 Porta
703 1385 738 1404 ea
753 1375 881 1405 velutin

222 1432 272 1452 ore
300 1423 381 1452 urbis
402 1424 507 1462 posita.
529 1422 704 1454 HE1Ns1US.
749 1422 811 1454 Sed
835 1424 884 1465 τῷ

220 1473 336 1502 steteris
348 1473 440 1502 celsus
461 1471 572 1502 melius
587 1471 731 1503 convenit
745 1474 827 1503 urbis
850 1475 882 1504 in

222 1531 291 1551 arce
305 1527 374 1556 tuae,
392 1531 487 1562 quam
507 1531 568 1551 ore.
593 1527 671 1551 stare
685 1531 757 1552 vero
772 1521 882 1552 dicun-

222 1574 273 1600 tur
300 1568 363 1599 voti
400 1575 557 1611 compotes
585 1575 617 1600 et
645 1570 788 1606 victores,
817 1570 882 1601 vid.

223 1617 361 1649 Gronov.
389 1618 429 1649 ad
454 1619 566 1649 Senec.
591 1618 686 1649 Herc.
707 1619 781 1650 Fur.
807 1620 882 1650 285.

222 1666 356 1696 Bunm..

269 1715 341 1746 129.
368 1715 418 1745 Me
438 1726 548 1755 quoque
567 1722 692 1746 narrato
713 1716 802 1746 solam
827 1718 880 1747 tel-

223 1765 289 1794 lure
312 1765 459 1800 relictam,
476 1764 555 1805 &c.]
582 1765 634 1795 Ita
647 1765 774 1806 quidem
799 1776 882 1796 com-

221 1813 355 1844 muniter
383 1813 509 1854 legitur.
554 1813 616 1844 Sed
644 1813 720 1845 mihi
745 1814 880 1852 videtur,

221 1872 276 1904 pro
287 1863 387 1898 solam,
400 1863 459 1892 sola
470 1861 638 1903 legendum
649 1862 786 1893 ablativo
797 1873 881 1900 casu,

222 1916 257 1942 ut
272 1922 343 1942 cum
359 1911 482 1942 nomine
500 1911 620 1942 Tellure
636 1911 803 1953 jungatur:
827 1912 882 1943 sit-

220 1970 283 2002 que
299 1960 367 1990 Sola
382 1961 491 1991 tellure
513 1959 643 1996 dictum,
660 1971 715 2002 pro
732 1960 880 1998 solitaria,

220 2008 285 2040 sive
322 2008 354 2040 in
392 2009 572 2040 solitudine.
620 2010 882 2050 quemadmodum

221 2058 305 2100 apud
319 2057 511 2094 Terentium,
529 2058 569 2089 In
591 2060 665 2089 solas
682 2066 788 2096 terras,
807 2061 882 2091 alibi

220 2106 346 2148 legitur,
364 2107 475 2138 eadem
489 2107 726 2149 significatione.
751 2110 881 2140 Μιση-

221 2166 296 2187 Lus.
343 2156 449 2187 Scribe
485 2159 546 2187 sola
582 2158 701 2189 tellure.
738 2158 883 2191 alludunt

220 2204 282 2235 huc
307 2205 447 2235 nonnulli
463 2210 595 2242 veteres,
620 2205 651 2235 in
668 2205 781 2247 quibus
806 2209 880 2238 sola.

222 2253 366 2285 Catullus
381 2254 420 2285 de
435 2253 494 2285 hac
509 2260 613 2285 nostra
629 2267 635 2284 ι

266 2303 421 2333 Desertam
443 2305 477 2334 in
496 2305 557 2334 sola
582 2305 717 2335 miseram
739 2315 767 2335 se
786 2307 881 2335 cernit

307 2351 412 2383 arend-

221 2398 272 2431 Sic
288 2401 351 2430 loca
364 2402 438 2436 sola,
453 2405 485 2430 et
499 2401 559 2431 sola
573 2411 662 2432 rura..
674 2401 695 2432 i.
708 2402 791 2432 Fast.
808 2403 882 2433 398.

220 2454 253 2480 et
267 2449 381 2491 passim
404 2454 516 2486 nostro,
532 2454 564 2480 et
586 2449 709 2481 similia.
733 2457 765 2482 et
781 2450 882 2492 Virgi-

220 2497 264 2528 lio
287 2499 339 2529 soli
361 2505 481 2535 montes,
504 2500 565 2528 sola
586 2506 688 2535 antra,
716 2502 776 2530 sola
800 2512 880 2531 sam.

221 2547 381 2589 Propertio
417 2549 482 2578 solae
524 2549 614 2578 silvae.
674 2548 772 2579 Solin.
812 2559 881 2591 cap.

222 2595 352 2627 xxxviii.
382 2596 422 2627 de
451 2596 564 2638 oppido
590 2596 729 2627 Ciliciae:
756 2598 842 2632 Quod
863 2611 881 2629 a

223 2644 355 2686 Tigrane
375 2647 528 2676 subactum
551 2652 578 2676 et
603 2647 657 2676 diu
679 2648 772 2676 solum
794 2647 880 2678 Pom-

218 2696 371 2735 peiopolim
423 2695 479 2727 Cn.
526 2696 659 2737 filagrius
704 2698 879 2737 appellavit.

222 2743 396 2776 Hniwsxus.
441 2744 545 2776 Facile
561 2745 716 2776 adsentior
732 2746 878 2777 Heinsia-

223 2802 270 2824 nae
295 2793 516 2830 emendationi,
541 2794 594 2826 sed
621 2794 653 2825 in
678 2794 774 2826 Solini
799 2796 878 2831 loco,

949 1236 1042 1268 quem
1064 1226 1108 1256 ita
1122 1224 1298 1256 emendavit
1311 1224 1479 1256 Salmasius
1501 1234 1605 1255 exerc.

949 1275 1033 1306 Plin.
1049 1287 1081 1317 p.
1097 1275 1171 1306 547.
1188 1279 1263 1316 puto
1277 1273 1462 1315 legendum:
1489 1274 1575 1308 Quod
1589 1287 1608 1305 a

951 1325 1081 1367 Tigrane
1109 1327 1274 1360 subactum,
1297 1331 1326 1354 et
1353 1325 1407 1354 diu
1431 1323 1520 1359 Solos,
1542 1330 1608 1363 post

951 1375 1187 1415 Pompeiopolim,
1218 1375 1342 1404 devictis
1376 1373 1517 1404 Cilicibus
1548 1373 1604 1405 Cn.

950 1423 1083 1466 Magnus
1105 1424 1277 1465 appellavit,
1322 1423 1396 1454 Soloe
1423 1423 1488 1454 sive
1511 1424 1609 1456 Σόλοι

949 1473 1112 1514 antiquum
1137 1473 1196 1503 fuit
1223 1482 1348 1508 nomen,
1379 1471 1492 1503 deinde
1517 1473 1605 1504 Pom-

945 1522 1083 1561 peiopolis
1097 1521 1194 1552 dicta.
1210 1520 1287 1551 nihil
1302 1520 1363 1552 huc
1376 1520 1451 1552 facit
1461 1522 1538 1553 solus
1552 1522 1608 1554 ad-

943 1571 1109 1613 jectivum.
1133 1572 1252 1601 Eum.

995 1621 1068 1651 131.
1094 1620 1157 1651 Nec
1177 1625 1264 1660 pater
1287 1625 1329 1649 est
1353 1619 1495 1661 AEgeu5.]
1520 1619 1608 1663 Apta

948 1668 1155 1710 exprobratio,
1186 1669 1260 1710 quia
1293 1667 1431 1698 Theseus
1466 1669 1607 1710 Neptuni

949 1717 1030 1748 filius
1056 1718 1252 1754 credebatur,
1283 1717 1424 1759 Neptuni
1450 1729 1522 1749 vero
1552 1718 1607 1749 filii

948 1777 1069 1808 semper
1087 1767 1202 1797 feroces
1218 1772 1249 1797 et
1270 1765 1343 1797 saevi
1360 1776 1379 1796 a
1397 1766 1501 1797 Poetis
1516 1766 1606 1798 indu-

949 1822 1070 1847 cuntur.
1115 1817 1219 1857 AEgea
1248 1826 1320 1846 vero
1356 1815 1515 1857 abjudicat
1549 1816 1608 1858 ipsi

948 1871 1079 1906 patrem,
1106 1865 1180 1906 quia
1205 1864 1258 1895 ille
1283 1875 1395 1906 pronus
1424 1864 1456 1895 in
1480 1875 1609 1897 amores.

948 1913 1013 1944 vid.
1026 1914 1146 1944 Meurs.
1163 1913 1266 1954 Regn.
1279 1912 1380 1943 Attic.
1392 1911 1437 1944 iii.
1448 1924 1519 1955 cap.
1538 1915 1565 1945 1.
1577 1920 1609 1945 et

948 1963 981 1993 4.
1006 1962 1060 1994 ubi
1084 1962 1175 1994 docet
1199 1968 1230 1993 et
1254 1961 1370 1993 Veneri
1394 1963 1545 2004 templum
1567 1964 1607 1994 ab

948 2012 1051 2052 AEgeo
1067 2011 1213 2054 positum.
1238 2012 1355 2042 Bunm.

994 2062 1068 2092 133.
1099 2061 1218 2091 Summa
1244 2062 1280 2091 de
1301 2060 1428 2101 puppe-J
1460 2061 1507 2091 De
1534 2072 1608 2101 rupe

947 2109 1115 2141 Junianus.
1140 2121 1209 2151 quae
1225 2109 1250 2140 si
1266 2120 1339 2140 vera
1352 2110 1445 2141 lectio
1461 2115 1520 2146 est,
1538 2121 1608 2141 sen-

947 2170 998 2190 sus
1021 2164 1113 2196 esset,
1139 2170 1188 2189 me
1204 2158 1336 2195 videres,
1361 2159 1400 2189 de
1421 2170 1496 2202 rupe
1519 2171 1604 2202 spec—

947 2213 1077 2244 tantem,
1110 2208 1160 2239 vel
1189 2208 1349 2238 sedentem
1384 2207 1417 2237 in
1446 2219 1534 2250 rupe.
1572 2214 1607 2240 ut

946 2268 1031 2299 supr.
1055 2268 1086 2288 v.
1113 2258 1166 2288 27.
1192 2263 1222 2288 et
1249 2258 1302 2288 49.
1319 2255 1410 2292 dixit,
1437 2263 1468 2288 et
1491 2268 1559 2289 mox
1577 2269 1607 2290 v.

951 2307 1024 2337 136.
1040 2312 1071 2337 et
1085 2306 1172 2336 xviii.
1186 2305 1287 2348 Epist.
1303 2307 1358 2337 29.

992 2355 1079 2394 Rupe
1092 2356 1191 2385 sedens
1205 2356 1319 2395 aliqua,
1336 2360 1430 2394 specto
1446 2360 1499 2385 tua
1516 2355 1606 2386 litora

1035 2405 1142 2433 tristis.

948 2451 1000 2482 Ita
1024 2452 1107 2494 apud
1134 2450 1248 2482 Claud.
1270 2451 1305 2482 ii.
1335 2451 1423 2483 Eutr.
1451 2452 1524 2483 471.
1552 2463 1607 2495 pro

949 2500 1088 2542 vulgata,
1129 2503 1213 2543 longe
1249 2504 1375 2541 spectari
1409 2513 1425 2533 e
1459 2503 1608 2542 puppibus

948 2552 1045 2581 urbes.
1091 2550 1237 2581 Heinsius
1253 2550 1425 2592 corrigebat
1442 2562 1456 2581 e
1470 2553 1604 2591 ¹rupibus.

948 2598 1002 2630 sed
1017 2598 1093 2629 nihil
1109 2599 1159 2630 hic
1176 2610 1296 2630 moveo.
1341 2601 1459 2631 Bumu.

993 2649 1066 2679 136.
1103 2648 1185 2691 Vaga
1210 2651 1312 2689 pulset
1339 2649 1446 2690 aqum]
1480 2648 1551 2679 Lib.
1582 2648 1606 2680 ἰ.

946 2697 1078 2730 Metam.
1091 2698 1143 2730 42.
1189 2698 1251 2730 Pro
1266 2700 1339 2739 ripis
1357 2699 1446 2730 litora
1468 2700 1604 2739 pulsant.

948 2746 1042 2778 Cmr.
