1849 3198
613 275 959 318 HEROIDES.
992 276 1084 316 ΕΡ.
1110 276 1255 319 ΧΙΙΙ.

1547 282 1630 322 163

240 388 354 445 Qua
378 408 596 455 possum,
625 392 854 455 squalore
879 397 991 438 tuos
1017 391 1209 440 imitata
1232 394 1429 443 labores

306 468 484 517 Dicar:
525 478 575 517 et
598 470 703 516 haec
728 469 844 516 belli
871 475 1098 533 tempora
1121 471 1274 518 tristis
1301 489 1460 535 agam.

240 544 358 592 Dux
385 547 499 594 Pari
526 547 793 602 Priamide,
821 547 1002 594 damno
1027 546 1240 596 formose
1264 556 1476 607 tuorum,

304 623 427 671 Tam
453 625 519 671 sis
544 625 700 671 hostis
726 625 873 680 inerS,
897 641 1048 688 quam
1074 626 1232 672 malus
1259 627 1440 691 hospes
1466 644 1590 676 eras.

237 700 341 748 Aut
365 709 414 749 te
441 702 676 749 Taenariae
703 702 879 749 faciem
905 703 1137 766 culpasse
1163 705 1369 761 maritae,
1562 708 1625 755 45

304 778 407 826 Aut
431 779 499 826 illi
522 780 699 827 vellem
724 779 1040 842 displicuisse
1065 787 1218 828 tuam.

237 855 328 910 Tu,
358 857 443 919 qui
469 873 558 920 pro
584 864 727 921 rapta
752 857 975 911 nimium,
1005 856 1251 915 Menelae,
1278 860 1490 915 laboras,

304 932 401 981 Hei
426 934 562 990 mihi,
591 951 741 998 quam
767 935 935 981 multis
962 935 1139 983 flebilis
1165 938 1293 984 ultor
1317 938 1439 985 eris!

238 1009 318 1066 Di,
346 1026 536 1074 precor,
565 1028 594 1058 a
618 1012 760 1058 nobis
785 1028 931 1058 omen
958 1021 1207 1061 removete
1232 1015 1513 1062 sinistrum:

304 1086 368 1134 Et
392 1104 480 1135 sua
505 1090 590 1136 det
615 1089 782 1136 reduci
809 1089 879 1135 vir
904 1104 1043 1135 meus
1070 1106 1205 1137 arma
1228 1090 1356 1139 Jovi.
1562 1095 1625 1138 50

234 1247 281 1275 vii·
296 1245 472 1287 armaferet
480 1246 506 1287 ?]
534 1246 699 1278 Antitheta
714 1257 807 1287 quam
824 1246 893 1288 pul-

233 1293 385 1325 cherrima
407 1295 446 1325 ad
471 1306 624 1326 summum
649 1295 784 1326 dolorem
810 1296 893 1325 exci-

233 1343 374 1374 tandum.
395 1344 576 1376 Cioraxrs.
598 1345 689 1375 Alter
700 1345 894 1374 membrana-

232 1403 306 1424 ceus
334 1393 451 1425 Moreti
479 1395 577 1425 codex
604 1402 719 1434 pectar.
758 1393 894 1434 eleganti

233 1443 416 1475 Graeeismo.
441 1444 599 1486 superiora
614 1445 797 1474 confirmant
811 1456 817 1473 z

277 1493 340 1524 Nec
356 1495 427 1524 mihi
440 1496 595 1535 pectendos
615 1505 689 1524 cura
705 1500 747 1524 est
764 1494 893 1533 proebere

317 1545 453 1582 capillos.

232 1592 301 1624 Hoc
324 1593 407 1623 enim
437 1593 620 1624 ancillarum
650 1592 797 1628 officium,
822 1603 891 1633 quae

232 1645 395 1673 amatrices
410 1643 482 1673 hinc
496 1642 601 1673 dictae.

275 1694 330 1723 43.
357 1693 427 1723 Dur
456 1693 560 1733 Pari]
593 1693 681 1723 Male
703 1691 817 1732 legitur
840 1691 890 1722 hic

230 1747 345 1778 textus,
370 1742 442 1772 Dux
469 1742 560 1772 Pari:
584 1752 686 1783 neque
710 1741 792 1772 enim
818 1751 891 1772 con-

232 1792 328 1827 venit,
351 1797 386 1822 ut
408 1792 488 1822 irata
509 1798 540 1822 et
564 1792 690 1822 turbata
714 1793 817 1821 ducem
836 1801 891 1832 ap-

231 1841 329 1882 pellet
342 1841 498 1872 Paridem.
537 1842 578 1873 Et
593 1852 630 1872 ex
648 1841 747 1872 verbis
762 1840 890 1871 Homeri

230 1890 288 1922 lib.
307 1891 353 1921 iii.
378 1891 473 1922 Iliad.
498 1892 550 1922 39.
572 1896 701 1932 apparet
723 1890 891 1930 legendum

232 1951 299 1971 esse
316 1940 461 1981 Dyspari.
507 1940 596 1970 Dicit
611 1939 712 1970 enim:
738 1939 892 1980 Δύσπαρι

231 1990 312 2028 εἶδος
327 1989 452 2032 ἄριστε,
470 1991 528 2022 ἃς.
550 1990 582 2020 id
598 1996 655 2025 est,
678 1990 692 2019 ὀ
709 1990 784 2019 male
800 1996 827 2019 et
844 1991 890 2018 in-

219 2041 304 2082 felix
331 2040 418 2075 Pari,
432 2040 568 2082 jbrmam
591 2041 709 2079 optime.
732 2038 889 2068 Alludens

228 2090 323 2131 igitur
335 2090 432 2121 Po'eta
444 2088 577 2120 Ovidius
593 2088 632 2119 ad
647 2088 702 2118 illa
717 2088 811 2118 verba
824 2088 888 2117 Ho-

230 2139 317 2175 meri,
343 2139 418 2170 facit
443 2139 553 2169 iratam
576 2137 778 2168 Laodamiam
803 2137 888 2178 loqui

229 2189 268 2220 de
291 2189 403 2219 Paride
424 2187 657 2223 contumeliose,
677 2187 736 2218 sic:
764 2187 790 2216 Ο
810 2188 888 2227 Dys-

227 2241 312 2278 pari.-
336 2237 368 2268 id
393 2243 450 2273 est,
473 2237 491 2266 ὂ
514 2237 595 2267 male
617 2242 648 2267 et
670 2235 779 2267 infelix
806 2237 888 2273 Pari,

230 2298 301 2318 nam
316 2286 372 2324 δὺς
388 2286 469 2328 apud
485 2286 612 2317 Graecos
622 2285 653 2316 in
665 2285 888 2326 compositione

229 2338 342 2366 malum
359 2335 487 2377 aliquod
509 2335 674 2376 significat,
692 2335 739 2365 vel
755 2334 887 2366 difficul-

230 2391 337 2419 tatem,
358 2385 406 2416 vel
426 2384 718 2426 impossibilitatem.
734 2390 769 2414 ut
784 2396 888 2416 exem-

229 2434 272 2476 pli
288 2433 403 2475 gratia:
429 2433 521 2473 Τύχη
545 2433 699 2474 significat
722 2432 887 2469 fortunam,

231 2483 393 2524 δυστυχία
408 2493 479 2513 vero
494 2482 708 2513 infortunium.
753 2483 887 2514 Hormu-

230 2545 298 2564 τω.
315 2534 382 2574 Ego
391 2538 454 2563 tam
464 2532 553 2563 docte
563 2538 593 2563 et
601 2532 730 2563 moleste
738 2532 888 2564 Ovidium

231 2582 280 2613 vix
297 2581 453 2624 scripsisse
468 2589 555 2623 puto.
574 2586 687 2611 etcum
706 2582 805 2612 Duces
820 2593 889 2623 pas-

231 2631 288 2662 sim
319 2642 338 2662 a
368 2631 473 2661 Poetis
501 2630 563 2661 dici
593 2631 711 2661 Heroas
742 2638 773 2662 et
803 2642 890 2673 reges

231 2680 339 2715 sciam,
369 2679 486 2711 retineo
515 2679 686 2720 vulgatam.
710 2679 754 2710 ita
779 2680 888 2711 Valet.

233 2729 319 2760 Flac.
330 2729 352 2760 i.
366 2730 436 2760 101.
463 2729 591 2759 Turbam
603 2730 714 2759 ducum
730 2735 819 2760 vocat
829 2729 889 2760 Ar-

231 2784 395 2817 gonautas,
407 2784 438 2809 et
448 2778 513 2820 ipse
524 2777 657 2809 Ovidius
665 2778 842 2819 Augustum
859 2784 890 2809 et

231 2826 388 2858 Tiberium
401 2827 458 2858 hoc
470 2827 559 2858 titulo
570 2826 715 2868 insignire
727 2838 786 2858 non
798 2827 888 2858 ‹lubi-

963 1252 1021 1277 tat.
1040 1246 1102 1278 vid.
1119 1247 1165 1277 iii.
1178 1248 1249 1278 Art.
1270 1249 1342 1278 119.
1359 1254 1390 1279 et
1409 1249 1481 1279 191.
1507 1248 1625 1279 Duum.

1009 1296 1167 1337 Taurum]
1200 1298 1237 1327 In
1260 1297 1459 1329 Gronoviano
1481 1304 1547 1328 erat
1569 1309 1625 1339 pro

963 1345 1048 1376 varia
1071 1346 1205 1378 lectione
1239 1349 1386 1377 virorum.
1410 1352 1444 1378 ut
1468 1347 1507 1378 ad
1533 1358 1625 1378 suum

962 1405 1086 1436 quoque
1103 1396 1213 1431 virum,
1230 1395 1262 1426 in
1285 1406 1378 1437 quem
1401 1396 1522 1426 Paridis
1545 1407 1626 1428 noxa

960 1443 1195 1481 redundaverit,
1211 1445 1366 1487 respiciat,
1384 1450 1415 1475 et
1430 1445 1483 1486 qui
1500 1456 1563 1480 non
1577 1457 1625 1477 so-

961 1493 1026 1524 lum
1051 1494 1192 1536 Trojanis
1215 1494 1342 1532 damna,
1369 1496 1424 1526 sed
1448 1502 1479 1526 et
1505 1495 1625 1528 Graecis

960 1542 1113 1574 intulerit.
1159 1545 1278 1575 anm.

1003 1594 1056 1624 48.
1081 1593 1141 1624 Hei
1162 1596 1256 1625 mihi!
1278 1607 1366 1635 quam
1390 1597 1494 1626 multis
1511 1595 1628 1636 flebilis

959 1644 1042 1687 ultor
1057 1644 1150 1684 eris!]
1177 1644 1227 1675 Sic
1252 1644 1355 1676 Ulixis
1374 1644 1528 1675 desiderio
1551 1655 1624 1675 con-

959 1691 1059 1723 fectus
1074 1693 1231 1730 Eumaeus‚
1246 1694 1329 1736 apud
1342 1694 1437 1724 Hom.
1453 1693 1569 1735 Odyss.
1581 1696 1624 1729 Ξ.

959 1742 1013 1772 68.
1043 1741 1076 1772 in
1104 1742 1273 1779 Helenam,
1304 1754 1373 1784 quae
1404 1742 1460 1773 toti
1491 1743 1623 1774 Graeciae

960 1791 1172 1833 adeoflebilis,
1189 1792 1364 1824 invehitur:

1044 1840 1101 1878 Ὠς
1123 1840 1236 1883 ὤφελλ’
1269 1841 1409 1881 Ἑλένης
1429 1841 1498 1873 ἀπὸ
1519 1843 1625 1884 φῦλον

1087 1889 1221 1921 ὀλέσθαι

1003 1939 1154 1979 Πρόχνυ,
1169 1939 1237 1970 ἐπεὶ
1254 1940 1393 1971 πολλῶν
1408 1938 1541 1981 ἀνδρὼν
1556 1940 1623 1974 ὑπὸ

1088 1988 1222 2029 γούνατ’
1242 1989 1370 2020 ἔλυσεν.
1458 1989 1579 2020 ΑΜΑΒ.

1001 2037 1054 2067 50.
1074 2037 1114 2067 Et
1130 2049 1182 2068 sua
1200 2040 1245 2068 vir
1260 2041 1364 2069 reduci
1379 2040 1428 2069 det
1443 2050 1524 2069 meus
1539 2051 1624 2071 arma

957 2085 1052 2126 Jovi.]
1078 2087 1233 2118 Homerus
1253 2088 1310 2118 lib.
1327 2088 1382 2118 vii.
1414 2087 1542 2125 Iliados,
1559 2100 1624 2121 ver.

958 2136 1012 2165 82.
1037 2135 1246 2173 de,Hectore‚
1271 2137 1326 2179 qui
1351 2136 1482 2179 Ajacem
1504 2137 1621 2170 interfi-

957 2195 1026 2215 cere
1042 2185 1190 2227 cupiebat
1204 2199 1210 2216 :

1001 2234 1127 2276 Τεύχεα
1144 2235 1305 2274 συλήσας,
1325 2235 1402 2267 οἴσω
1419 2237 1498 2268 ποτὶ
1513 2236 1622 2270 Ἴλιον

1043 2284 1131 2326 ἱρὴν,

1001 2335 1067 2366 Καὶ
1082 2335 1205 2376 κρεμόω
1218 2335 1296 2366 ποτὶ
1307 2335 1392 2373 νηὸν
1404 2334 1622 2373 ’Λπόλλωνος

1043 2383 1182 2415 ἑκάτοιο.

958 2433 1052 2463 Arma
1074 2435 1206 2464 adimens
1218 2433 1325 2475 feram
1347 2445 1381 2464 ea
1403 2435 1443 2464 ad
1467 2433 1561 2464 Ilium
1575 2445 1621 2464 sa-

956 2494 1051 2519 crum,
1068 2489 1095 2513 et
1107 2484 1282 2523 suspendam
1295 2484 1335 2513 ad
1351 2484 1492 2522 templum
1507 2484 1622 2522 Apolli-

956 2533 1003 2562 nis
1028 2533 1112 2573 longe
1127 2532 1314 2571 jaculantis.
1349 2537 1380 2562 et
1406 2531 1487 2562 infra
1507 2532 1539 2562 in
1561 2531 1620 2562 hac

958 2581 1025 2622 ipsa
1040 2581 1139 2623 Epist.

1131 2630 1256 2671 queras
1274 2629 1411 2671 islasace
1427 2641 1511 2660 arma
1527 2629 1607 2660 Javi.

960 2678 1040 2709 Vide
1056 2684 1087 2709 et
1102 2678 1265 2709 Horatium
1282 2679 1382 2720 Epist.
1401 2677 1420 2709 i.
1437 2678 1494 2709 lib.
1507 2678 1527 2709 i.
1563 2679 1618 2709 So-

956 2727 1064 2759 lebant
1097 2727 1222 2764 milites,
1253 2728 1395 2759 confecto
1422 2728 1518 2764 bello,
1548 2738 1618 2768 quae

956 2783 1117 2818 gesserant
1131 2789 1217 2809 arma
1239 2779 1279 2809 ad
1303 2779 1390 2810 Deos
1414 2778 1617 2821 suspendere.

958 2827 1054 2858 Ovid.
1071 2827 1127 2858 lib.
1145 2827 1187 2860 iv.
1200 2828 1296 2859 Trist.
1313 2828 1404 2869 Eleg.
1420 2827 1475 2858 xii.

1044 2881 1080 2910 M
1104 2881 1123 2910 2
