1849 3198
657 239 998 284 HEROIDES.
1032 241 1124 282 ΕΡ.
1158 242 1221 283 Χ.

1544 245 1628 287 125

252 360 375 415 Quae
399 360 539 422 legis,
566 374 629 405 ex
656 358 754 411 illo,
781 355 994 411 Theseu,
1021 356 1110 403 tibi
1135 357 1275 405 litore
1299 359 1440 407 mitto
1462 377 1471 407 :

321 437 467 484 Unde
490 444 626 484 tuam
651 435 756 481 sine
780 449 860 480 me
884 433 993 479 vela
1015 433 1171 480 tulere
1196 442 1368 482 ratem.

253 514 312 561 In
331 530 430 576 quo
450 529 529 560 me
550 526 853 573 somnusque
871 525 1010 556 meus
1032 510 1159 556 male
1178 512 1407 573 prodidit,
1425 521 1475 561 et
1491 520 1561 570 tu,
1599 517 1628 562 5

319 590 417 638 Per
440 589 627 636 facinus
653 586 837 634 somnis
862 585 1090 633 insidiate
1115 587 1255 634 meis.

253 668 472 732 Tempus
498 673 628 723 erat3
668 665 822 712 vitrea
847 679 947 726 quo
973 664 1184 727 primum
1207 671 1337 712 terra
1360 667 1534 730 pruina

322 744 594 810 Spargitur,
622 749 672 790 et
693 748 838 789 tectae
863 740 1034 788 fronde
1060 748 1331 803 queruntur
1355 759 1485 791 aves,

254 822 505 870 Incertum
530 821 752 883 vigilans,
780 835 809 866 a
833 834 1004 864 somno
1031 818 1278 880 languida,
1306 821 1434 867 movi

319 899 514 947 Thesea
536 912 790 962 pressuras
816 894 1118 958 semisupina
1142 911 1333 944 manus.
1574 902 1632 945 lO

296 1065 329 1095 3.
355 1063 401 1094 Er
413 1064 477 1099 illo,
496 1063 617 1100 Theseu,
632 1065 685 1094 tibi
701 1065 799 1094 littore
814 1064 908 1097 mitto,

258 1113 344 1144 Unde
359 1120 442 1143 tuum
456 1115 519 1144 sine
534 1126 577 1144 me
592 1114 656 1143 vela
672 1115 768 1143 tulere
784 1111 904 1151 ratem]

255 1163 350 1194 Diam
378 1162 511 1194 insulam
532 1162 697 1203 significat,
716 1161 770 1192 ubi
794 1160 908 1191 Ariad-

253 1223 325 1243 nam
354 1211 522 1254 reliquerat
549 1212 699 1243 Theseus.
726 1210 910 1253 Apollonius

253 1261 310 1293 lib.
324 1261 367 1292 iv.
383 1261 502 1302 Argon.
518 1260 557 1291 de
572 1261 638 1303 ipsa
652 1260 809 1291 Ariadna:

537 1311 580 1348 ἣν
593 1310 671 1340 ποτὲ
688 1309 812 1347 Θησεὺς

299 1359 498 1390 Κνωσσόθεν
510 1357 695 1400 ἑσπομένην
707 1360 765 1400 Δίῃ
774 1358 821 1389 ἔνι
833 1356 909 1388 κάλ-

340 1409 416 1439 λιπε
433 1407 537 1449 νήσῳ.

256 1457 320 1487 Alii
345 1468 413 1488 eam
437 1457 469 1487 in
484 1458 576 1488 Naxo
599 1455 739 1486 relictam
759 1455 909 1487 scribunt.

256 1506 337 1537 Vide
353 1506 555 1537 Plutarchum
570 1506 602 1536 in
612 1505 743 1535 Theseo.
768 1505 911 1547 Hyginus

255 1554 288 1586 in
306 1555 433 1586 Fabulis
455 1555 513 1585 hac
535 1555 574 1585 de
594 1565 645 1584 re:
673 1554 796 1584 Theseus
819 1556 849 1584 in
864 1556 911 1584 in-

255 1606 320 1635 sula
342 1605 403 1634 Dia
426 1610 592 1644 tempestate
612 1609 757 1639 retentus,
780 1605 912 1644 cogitans

255 1657 280 1684 si
305 1655 462 1685 Ariadnen
484 1655 516 1684 in
536 1655 667 1693 patriam
687 1659 842 1691 portasset,
859 1655 912 1683 sibi

256 1705 441 1743 0pprobrium
452 1702 619 1744 futurum:
645 1701 750 1742 Itaque
766 1704 795 1732 in
813 1704 911 1733 insula

259 1753 321 1782 Dia
335 1754 524 1783 dormientem
541 1753 676 1792 reliquit.
714 1751 811 1785 Quum
822 1752 912 1782 Liber

256 1812 369 1837 amaus,
386 1802 454 1831 inde
468 1802 522 1831 sibi
537 1802 568 1830 in
583 1801 755 1841 conjugium
770 1802 910 1831 addunt.

260 1850 384 1881 Theseus
406 1857 505 1880 autem
525 1861 590 1880 cum
613 1851 781 1890 navigaret,
805 1851 913 1880 oblitus

257 1906 298 1930 est
325 1901 390 1930 vela
418 1905 486 1929 utra
515 1905 650 1929 mutare.-
675 1901 773 1939 itaque
802 1899 913 1939 AEgeus

255 1955 343 1988 pater
367 1950 431 1987 ejus
454 1949 575 1978 credens
602 1946 739 1977 Theseum
766 1960 784 1977 a
812 1948 912 1978 Mino-

260 2004 347 2027 tauro
362 2008 417 2027 esse
431 2003 647 2035 consumptum,
658 1998 689 2026 in
704 2008 783 2026 mare
798 2008 825 2027 se
838 2008 913 2036 prae-

257 2047 405 2086 cipitavit,
432 2057 465 2075 ex
489 2057 544 2085 quo
569 2046 696 2087 AEgeum
721 2047 845 2086 pelagus
872 2054 914 2077 est

258 2097 382 2126 dictum.
413 2095 561 2124 Ariadnes
574 2101 674 2125 autem
689 2105 812 2124 sororem
830 2095 913 2125 Phae-

258 2147 344 2175 dram
379 2143 503 2174 Theseus
538 2145 625 2174 duxit
663 2145 695 2173 in
731 2146 915 2186 conjugium.

259 2193 353 2224 Cror.

302 2243 334 2272 9.
353 2240 507 2272 Incertum
525 2242 653 2281 vigilans
668 2253 705 2271 un
726 2252 822 2271 sonmo
849 2242 914 2271 lun-

256 2290 384 2332 guida]
411 2289 522 2331 Scripti
539 2300 654 2325 omnes,
672 2303 688 2320 u
704 2302 813 2320 somno.
838 2300 914 2331 prae-

260 2346 306 2370 ter
331 2339 462 2370 alterum
490 2339 732 2374 Mentelianum,
760 2339 792 2369 in
815 2350 875 2380 quo
902 2351 916 2370 e

259 2400 368 2419 somno.
402 2389 496 2429 Lego,
512 2400 546 2418 uc
561 2400 656 2418 somno
672 2390 830 2430 languida.
860 2389 914 2419 In-

260 2444 373 2468 certum
398 2438 536 2478 vigiluns,
559 2437 652 2468 dubie
675 2438 819 2478 vigilans.
864 2437 914 2468 Sic

260 2486 377 2516 Statius
398 2485 496 2516 Theb.
512 2497 541 2516 v.
567 2486 619 2526 qui
644 2486 710 2516 hacc
730 2486 851 2517 videtur
866 2497 914 2516 re-

261 2534 415 2576 spexisse:

308 2583 468 2619 Turbidus,
494 2585 696 2624 incertumque
724 2586 816 2615 oculis
840 2586 914 2626 vigi-

349 2634 479 2663 lantibus
493 2634 599 2664 hostem

307 2682 450 2721 Occupat.

264 2730 343 2766 Quae
357 2729 421 2761 illic
437 2730 596 2762 meliorum
612 2730 753 2761 codicum
769 2730 918 2771 scripturn

264 2784 322 2808 cst.
346 2778 428 2809 idem
444 2779 486 2809 ix.
503 2780 603 2810 Theb.
621 2779 658 2809 de
674 2789 779 2809 somno
793 2792 798 2808 :

1020 1059 1079 1091 Ille
1103 1061 1173 1092 Deae
1188 1064 1284 1102 justis
1307 1063 1431 1093 dubium
1455 1064 1634 1104 mixtumque

1060 1121 1154 1150 sopori

1018 1159 1147 1192 Adnuit.

977 1208 1140 1245 Quomodo
1163 1215 1194 1240 et
1214 1208 1279 1239 illic
1303 1208 1514 1250 castigatiores
1536 1219 1633 1240 mem-

975 1258 1092 1288 branae.
1118 1258 1162 1289 sic
1184 1260 1357 1300 indiguum.
1376 1258 1400 1288 i.
1422 1258 1529 1289 Amor.
1553 1259 1583 1289 6.
1609 1259 1632 1290 i.

978 1307 1031 1337 ubi
1052 1307 1154 1351 plura.
1178 1308 1351 1338 mesms.
1397 1309 1422 1338 A
1446 1319 1541 1338 sonmo
1561 1308 1634 1339 reti-

978 1356 1115 1387 nendum
1137 1362 1168 1387 et
1183 1356 1233 1386 hic
1249 1362 1280 1386 et
1294 1366 1376 1392 mox,
1391 1367 1472 1387 vers.
1492 1358 1542 1387 16.
1559 1370 1577 1387 a
1588 1362 1635 1388 est

974 1412 1049 1444 post.
1074 1405 1138 1436 vid.
1155 1405 1194 1436 ad
1218 1404 1319 1446 Epist.
1335 1405 1370 1436 ii.
1386 1406 1440 1436 86.
1464 1411 1495 1436 et
1510 1416 1540 1436 v-
1561 1406 1634 1437 152.

977 1454 1021 1485 sic
1037 1455 1058 1485 i.
1077 1454 1145 1485 Art.
1161 1455 1237 1485 529.
1254 1465 1291 1485 ex
1307 1454 1449 1496 scriptis:

1026 1504 1123 1544 thue
1136 1509 1201 1534 erat
1215 1516 1234 1534 a
1247 1514 1344 1534 somno
1356 1505 1460 1534 tunica
1475 1504 1574 1534 velata
1587 1515 1633 1534 re-

1063 1554 1174 1583 cincta.

982 1601 1008 1631 Ε
1022 1613 1118 1632 somno
1141 1606 1245 1632 tamen
1269 1601 1348 1632 dixit
1372 1600 1473 1632 Tacit.
1488 1601 1527 1632 de
1549 1602 1633 1632 Mor.

980 1651 1086 1681 Germ.
1101 1652 1155 1681 22.
1172 1657 1203 1682 et
1217 1662 1249 1681 er
1264 1662 1372 1681 somnO.
1411 1650 1480 1681 Liv.
1496 1650 1562 1682 viii.
1579 1653 1633 1684 37.

979 1700 1088 1731 eadem
1104 1699 1290 1731 differentia.
1307 1700 1354 1730 iii.
1370 1700 1452 1730 Met.
1471 1700 1546 1732 631.
1562 1714 1636 1743 uque

978 1760 1066 1785 mero,
1082 1749 1132 1780 vel
1146 1761 1215 1789 eque
1228 1760 1318 1780 mero.
1364 1750 1482 1779 Bnnm.

1027 1799 1076 1828 10.
1114 1798 1330 1838 Semisupz'na.]
1369 1796 1502 1828 Codices
1530 1807 1637 1829 omnes

978 1849 1139 1886 semis-opita
1162 1858 1224 1888 prae
1250 1858 1282 1878 se
1308 1847 1419 1883 ferunt,
1448 1846 1637 1878 reclamante

979 1903 1084 1927 tamen
1121 1897 1261 1937 syllaba:
1296 1907 1369 1927 nam
1397 1898 1491 1935 sopire
1517 1907 1638 1939 semper

980 1946 1109 1986 primam
1125 1945 1276 1987 producit,
1292 1952 1326 1976 ut
1340 1945 1422 1988 apud
1438 1945 1520 1976 hunc
1535 1946 1636 1987 ipsum

980 1994 1059 2025 infra
1077 1995 1135 2037 Ep.
1150 1994 1274 2025 Medeae
1288 2008 1294 2025 z

1026 2044 1099 2078 Qum
1127 2056 1171 2074 nze
1202 2056 1260 2075 non
1287 2055 1403 2085 possum
1430 2046 1515 2084 potui
1544 2047 1638 2085 sopire

1069 2094 1248 2124 Draconem.

983 2143 1077 2184 Lego,
1093 2145 1281 2183 semisupina.
1318 2143 1368 2173 Ne
1383 2141 1430 2173 bis
1445 2142 1527 2174 idem
1543 2143 1638 2181 dicat,

982 2197 1077 2233 utque
1102 2199 1198 2223 metro
1219 2191 1407 2223 consulatur.
1432 2191 1532 2233 prima
1556 2194 1638 2224 enim

981 2240 1013 2271 in
1038 2242 1132 2280 sopita
1155 2241 1239 2271 haud
1266 2246 1312 2271 est.
1339 2246 1374 2270 ut
1400 2241 1494 2282 possit
1515 2242 1638 2284 corripi.

982 2290 1183 2320 sarrai-ianus
1197 2296 1280 2320 certe
1302 2300 1355 2330 pro
1371 2289 1492 2320 diversa
1507 2290 1638 2322 lectione

982 2340 1177 2378 semisepulta.
1211 2349 1285 2369 usus
1310 2337 1403 2368 etiam
1430 2344 1476 2368 est
1501 2349 1538 2369 ea
1564 2350 1638 2370 voce

982 2387 1137 2419 Martialis
1152 2388 1206 2418 lib.
1222 2387 1263 2418 vi.
1279 2389 1332 2418 35.
1357 2387 1400 2418 sic
1416 2387 1523 2418 Amor.
1541 2388 1597 2419 lib.
1615 2389 1636 2419 i.

983 2437 1034 2467 El.
1051 2436 1115 2468 xiv.

1028 2487 1297 2527 Purpureo-jacuit
1311 2487 1488 2524 semisupina
1504 2492 1576 2516 toro.

987 2536 1033 2565 Ex
1071 2534 1252 2565 auctoritate
1288 2535 1449 2564 meliorum
1485 2533 1638 2564 codicum.

986 2584 1068 2614 Nam
1088 2583 1205 2623 vulgati
1220 2583 1283 2613 illic
1299 2583 1393 2614 etiam
1413 2582 1505 2613 simili
1520 2594 1641 2624 prorsus

986 2632 1075 2663 modo
1090 2633 1275 2673 peccabant.
1300 2631 1367 2662 Art.
1383 2631 1455 2662 Am.
1471 2631 1515 2661 iii.
1533 2631 1605 2661 788.

1031 2681 1106 2711 Cum
1123 2683 1209 2720 juset
1236 2682 1269 2710 in
1295 2682 1429 2711 dextrum
1466 2681 1641 2719 semisupina

1072 2731 1160 2760 latus.

989 2778 1050 2810 Ubi
1067 2777 1158 2808 etiam
1178 2777 1301 2808 codices
1322 2776 1448 2817 quidam
1464 2778 1638 2815 semisopito.
