1849 3198
232 230 289 272 62
621 227 670 267 P.
705 225 916 268 OVIDII
950 226 1228 269 NASONIS

233 344 320 392 Me
348 342 513 406 Satyri
538 343 724 390 celeres
750 342 904 405 (silvis
931 359 1023 405 ego
1048 350 1182 390 tecta
1205 343 1443 405 latebam)

1521 347 1612 391 135

301 420 615 475 Quaesierunt
639 419 827 482 rapido,
854 420 1000 466 turba
1025 426 1266 482 proterva,
1293 420 1447 483 pede:

235 497 660 559 Cornigerumque
687 503 837 559 caput
863 496 980 558 pinu
1006 497 1302 559 praecinctus
1329 504 1474 544 acuta

302 574 517 629 Faunus,
545 575 594 619 in
621 572 873 619 immensis
900 588 998 635 qua
1022 579 1180 620 tumet
1206 573 1297 620 Ida
1315 574 1465 636 jugis.

234 650 321 698 Me
345 650 442 697 fide
467 649 764 712 conspicuus
790 648 949 710 Trojae
975 649 1189 696 munitor
1214 651 1422 698 amavit:

300 729 391 776 Ille
415 744 536 775 meae
563 726 774 790 spolium
797 725 1089 787 virginitatis
1116 726 1281 773 habet.

1526 729 1616 773 140

234 806 293 853 Id
319 822 516 869 quoque
542 804 790 851 luctando.
830 803 938 865 rupi
963 809 1130 850 tamen
1156 819 1319 865 ungue
1346 803 1569 867 capiIIOS,

302 883 502 945 Oraque
528 890 642 929 sunt
666 880 832 942 digitis
859 896 1036 942 aspera
1059 879 1189 926 facta
1213 881 1352 927 meis.

236 960 284 1006 Ν
289 977 343 1008 ec
369 949 580 1023 pretium
607 958 761 1021 stupri
788 973 1009 1019 gemmas
1036 973 1266 1004 aurumve
1294 957 1514 1020 poposci.

300 1037 530 1099 Turpiter
555 1037 822 1097 ingenuum
848 1049 1053 1080 munera
1077 1050 1255 1097 corpus
1283 1042 1468 1080 emunt.

237 1114 368 1176 Ipse,
398 1120 531 1160 ratus
557 1113 772 1174 dignam,
802 1111 1019 1157 medicas
1045 1110 1163 1156 mihi
1190 1111 1391 1157 tradidit
1416 1117 1573 1165 artes3

303 1191 616 1253 Admisitque
641 1206 776 1236 meas
804 1189 864 1235 ad
892 1203 982 1233 sua
1005 1187 1136 1233 dona
1160 1204 1351 1233 manus.

235 1408 328 1439 quam
343 1396 444 1428 vitiosi
459 1396 581 1427 codices
598 1395 726 1431 habent,
741 1393 890 1429 defendit,

233 1447 265 1477 in
280 1447 434 1488 plerisque
450 1446 543 1477 etiam
558 1447 682 1476 accidit.
729 1445 848 1474 Ilmxs.

279 1496 352 1525 136.
374 1494 588 1534 Quoesierant.]
612 1494 797 1528 Quoesierunz
814 1493 892 1523 liber

233 1543 414 1574 chartaceus
428 1541 638 1578 Lovaniensis,
655 1548 685 1572 et
708 1542 823 1583 placet.
848 1541 891 1572 sic

232 1599 390 1628 steterunt,
402 1594 559 1628 dederunt,
573 1593 722 1627 tulerunt,
735 1598 766 1621 et
780 1590 892 1621 similia

234 1641 406 1683 penultima
417 1641 537 1682 syllaba
549 1646 701 1682 correpta.
726 1640 764 1670 de
781 1639 892 1681 quibus

235 1690 274 1721 ad
291 1690 421 1732 Epistol.
439 1689 492 1719 vii.
513 1690 585 1719 166.
632 1689 752 1719 HEINs.

279 1739 379 1769 Turba
401 1738 564 1778 proteram]
589 1737 716 1767 Adlusit
740 1737 779 1768 ad
801 1736 892 1778 origi-

234 1798 305 1818 nem
329 1786 485 1817 vocabuli.
538 1787 661 1827 Satyros
689 1786 770 1817 enim
794 1786 892 1817 dictos

233 1848 251 1867 a
268 1836 369 1875 Σάθη,
385 1847 454 1877 quae
478 1835 578 1877 prisca
593 1835 771 1866 Graecorum
786 1835 893 1876 lingua

232 1885 386 1927 significat
400 1885 581 1920 mentulam,
591 1884 771 1915 Macrobius
787 1890 893 1915 auctor

233 1940 290 1971 est,
319 1934 393 1975 quia
423 1934 541 1965 salaces
568 1938 600 1964 et
623 1933 779 1964 libidinosi
807 1938 890 1964 sunt.

234 1985 368 2014 ΡΑ111111.

281 2035 353 2064 138.
382 2033 449 2067 Qua
474 2039 567 2063 tumet
592 2032 680 2072 Iden]
708 2031 770 2062 Ubi
794 2031 892 2072 magis

234 2083 331 2113 densa
354 2088 400 2112 est
425 2082 592 2117 arboribus,
619 2081 667 2111 vel
693 2080 791 2121 magis
815 2081 889 2111 alta.

235 2132 328 2162 Cror.
375 2132 424 2161 Ita
452 2137 534 2161 recte
564 2132 693 2161 tumidas
725 2130 892 2160 Germuniae

235 2187 339 2216 terras,
356 2185 509 2210 montosus
524 2181 739 2221 interpretatur
754 2179 892 2210 I'ichena

236 2231 318 2272 apud
342 2229 442 2259 Tacit.
466 2229 499 2259 ii.
516 2230 632 2259 Annal.
650 2230 703 2259 23.
726 2234 756 2259 et
781 2230 893 2259 Noster

237 2283 363 2311 tumidos
389 2286 497 2310 montes
525 2279 603 2309 dixit
628 2278 661 2309 ii.
692 2278 799 2309 Amor.
828 2279 891 2310 xvi.

236 2330 290 2360 52.
336 2329 452 2357 Bunm.

283 2378 354 2408 139.
383 2378 432 2407 Me
446 2378 513 2417 fide
529 2379 701 2417 conspicuus
719 2377 811 2416 ΤΗ-1111·
828 2390 892 2407 11111-

236 2429 316 2457 1111ον
341 2426 482 2465 antonin]
523 2426 718 2467 Περίφρασις
742 2425 894 2467 Apollinis

237 2475 275 2507 ad
313 2473 517 2504 differentiam
555 2474 707 2516 Neptuni.
757 2474 892 2516 Ideoque

237 2530 342 2568 postca
358 2522 499 2564 subjicit:

284 2573 345 2612 Ipse
361 2578 443 2601 ratus
458 2573 578 2611 dignam
603 2573 728 2601 medicas
744 2573 814 2601 mihi
831 2578 891 2602 tra-

363 2621 441 2649 didit
454 2626 541 2656 artes,

323 2670 505 2709 lhlmisilque
520 2681 596 2700 meas
617 2670 655 2699 ad
669 2681 722 2700 sua
738 2671 815 2700 dona
831 2682 892 2701 ma—

363 2728 431 2748 oms.

1526 1189 1614 1233 146

959 1392 1089 1424 Constat
1113 1394 1195 1424 enim
1211 1404 1281 1425 cum
1297 1404 1335 1424 ex
1358 1393 1427 1424 aliis
1448 1393 1535 1430 locis,
1551 1398 1617 1424 tum

959 1453 995 1473 ex
1012 1442 1102 1473 lib.i.
1118 1443 1329 1485 Metamorph.
1347 1448 1377 1473 et
1393 1453 1429 1473 ex
1446 1441 1502 1472 lib.
1519 1442 1542 1472 i.
1567 1442 1617 1473 De

957 1491 1092 1522 remedio
1109 1492 1229 1528 amoris,
1246 1502 1316 1522 eum
1331 1490 1493 1522 medicinae
1509 1490 1616 1521 inven-

958 1546 1055 1572 torem
1079 1541 1184 1571 fuisse.
1230 1540 1344 1582 Apollo
1360 1545 1463 1571 autem
1486 1545 1516 1570 et
1532 1539 1617 1581 Nep-

958 1596 1052 1621 tunus
1067 1601 1137 1621 cum
1154 1590 1248 1621 Ilium
1265 1590 1421 1620 moenibus
1443 1595 1545 1620 essent
1560 1588 1618 1620 cir-

959 1639 1145 1675 cumdaturi,
1157 1638 1269 1670 laboris
1281 1638 1398 1669 socium
1410 1639 1545 1668 AEacum
1559 1637 1617 1668 sibi

959 1688 1154 1719 adsciverunt
1169 1701 1175 1717 :
1223 1686 1368 1728 quoniam
1414 1687 1508 1717 fatale
1553 1692 1619 1717 erat

959 1738 1053 1768 Ilium
1077 1738 1214 1769 excisum
1237 1735 1292 1766 iri:
1317 1736 1412 1778 ldque
1434 1743 1618 1766 eventurum

960 1797 1021 1818 non
1037 1794 1113 1823 erat,
1124 1787 1181 1818 nisi
1197 1786 1301 1827 aliqua
1315 1791 1403 1827 parte
1416 1784 1493 1815 muri
1507 1795 1525 1815 a
1539 1795 1618 1815 mor-

961 1836 1016 1866 tali
1028 1841 1252 1867 extruerentur.
1299 1834 1381 1865 Hinc
1404 1833 1497 1875 igitur
1519 1833 1618 1864 factus

961 1891 1007 1915 est
1021 1885 1106 1916 locus
1121 1885 1248 1915 fabulae.
1272 1883 1425 1915 Pindarus
1438 1883 1470 1913 111
1486 1882 1615 1924 Olymp.

960 1946 992 1973 η.

1002 1984 1068 2015 Τὸν
1080 1982 1135 2024 (de
1151 1983 1250 2013 AEaco
1262 1981 1415 2023 loquitur)
1429 1982 1509 2018 παῖς
1521 1979 1537 2011 ὁ
1551 1983 1616 2012 Λα-

1046 2034 1121 2068 τοῦς
1138 2030 1332 2073 Εὐρυμέδων

1086 2093 1118 2112 τε
1136 2079 1309 2116 Ποσειδᾶν,

1002 2129 1090 2170 Ἰλίῳ
1104 2129 1281 2171 μέλλοντες
1296 2129 1349 2159 ἐπὶ
1369 2127 1532 2169 στέφανον

1003 2180 1126 2215 Τεῦἔαι,
1143 2177 1326 2209 καλέσαντο
1342 2177 1504 2218 συνεργὸν

1002 2228 1141 2269 Τεὶχεος·
1168 2227 1211 2264 ἦν
1226 2226 1273 2258 ὅτι
1291 2226 1357 2262 νίν,
1372 2226 1432 2256 ἃς.
1478 2225 1571 2255 Cror.

1004 2277 1125 2318 Trajan]
1152 2274 1214 2306 1111.
1250 2275 1338 2305 Alias
1351 2275 1442 2315 Troja
1457 2273 1540 2314 regio
1555 2278 1614 2304 est.

959 2327 1052 2357 Cror.

1006 2376 1077 2405 141.
1105 2375 1211 2404 Timum
1229 2374 1328 2413 anta]
1360 2373 1468 2413 Ungue
1490 2370 1613 2412 scripti:

959 2425 1085 2456 rectius.
1102 2435 1171 2465 sup.
1189 2425 1242 2453 72.
1260 2424 1359 2464 Epist.
1378 2421 1420 2451 xi.
1437 2423 1492 2452 92.

1005 2475 1137 2513 Contigit
1169 2475 1256 2512 inque
1291 2482 1367 2501 meas
1396 2472 1544 2511 unguibus
1573 2470 1616 2498 ire

1044 2533 1146 2562 genas.
1452 2518 1571 2548 Herus.

1006 2572 1077 2602 145.
1112 2569 1274 2609 Medicas]
1311 2567 1392 2599 Vide
1421 2567 1613 2608 Lycophron.

960 2620 1111 2652 Cassand.
1128 2631 1159 2649 v.
1181 2619 1235 2649 61.
1259 2624 1290 2649 et
1310 2617 1352 2648 ibi
1373 2616 1564 2647 Sclioliasteu
1585 2622 1616 2646 et

961 2667 1217 2701 Commentarios.
1288 2661 1292 2668 “
