1849 3198
637 225 981 267 HEROIDES.
1016 226 1106 266 ΕΡ.
1142 225 1279 267 XVI.

1568 227 1654 267 5213

263 342 380 389 Non
405 343 633 389 dabimus
659 349 793 389 certe
819 357 1044 388 socerum
1070 342 1175 397 tibi,
1204 342 1335 388 clara
1360 341 1613 405 fugantem

332 421 561 475 Lumina;
592 421 677 484 qui
702 420 922 484 trepidos
950 436 978 466 a
1002 420 1130 482 dape
1156 426 1314 466 vertat
1339 435 1512 482 equos.
1551 423 1646 467 206

264 497 372 545 Nec
399 505 539 561 pater
564 506 640 544 est
665 497 864 544 Priamo
891 496 1048 543 soceri
1073 497 1135 543 de
1161 497 1298 552 caede
1324 504 1585 554 cruentus3

329 575 394 622 Et
421 575 505 638 qui
532 574 759 639 Myrtoas
786 575 989 622 crimine
1016 575 1179 637 signet
1205 590 1379 637 aquas.

262 651 308 698 N
315 668 370 699 ec.
396 668 578 716 proavo
608 651 786 715 Stygia
810 660 976 699 nostro
1002 659 1265 715 captantur
1290 651 1339 697 in
1365 652 1500 698 unda

328 729 501 784 Poma,
522 746 613 776 nec
634 730 682 775 in
702 730 878 776 mediis
901 730 1139 793 quaeritur
1164 729 1338 776 humor
1357 729 1516 791 aquis.
1551 732 1647 776 210

260 805 394 860 Quid
420 813 585 853 tamen
611 806 703 853 hoc
731 806 893 862 refert,
922 807 962 853 si
987 814 1036 854 te
1062 813 1199 854 tenet
1223 812 1359 853 ortus
1386 806 1447 852 ab
1475 806 1600 852 illis?

330 882 538 945 Cogitur
561 883 676 930 huic
702 884 869 930 domui
894 883 1091 947 Jupiter
1117 900 1227 931 esse
1254 899 1411 930 socer.

261 958 374 1006 Heu
399 959 618 1006 facinus!
656 960 772 1007 totis
798 960 1030 1022 indignus
1056 961 1286 1008 noctibus
1311 961 1393 1007 ille

326 1035 397 1083 Te
422 1043 585 1092 tenet;
626 1037 860 1100 amplexu
886 1037 1253 1101 perfruiturque
1278 1045 1379 1085 tuo.

258 1113 327 1160 At
344 1114 463 1161 mihi
484 1114 787 1178 conspiceris
813 1115 976 1179 posita
993 1116 1075 1162 vix
1097 1116 1313 1178 denique
1335 1131 1522 1162 mensa.
1549 1118 1645 1162 215

326 1190 606 1254 Multaque,
629 1208 740 1254 quae
765 1193 965 1247 laedant,
992 1193 1086 1239 hoc
1107 1208 1309 1255 quoque
1336 1199 1534 1255 tempus
1560 1192 1644 1238 ha-

260 1267 503 1315 Hostibus
529 1269 758 1316 eveniant
782 1270 1006 1316 convivia
1029 1270 1148 1316 talia
1172 1269 1368 1325 nostris,

1521 1269 1642 1330 [bet.

327 1345 573 1410 Experior
597 1347 759 1411 posito
786 1348 953 1411 qualia
977 1364 1111 1411 saepe
1137 1363 1288 1394 mero.

257 1587 340 1628 mia]
366 1588 407 1618 Et
430 1591 518 1619 annis
534 1590 714 1620 Puteaneus
729 1596 760 1621 et
777 1591 830 1621 alii
848 1592 915 1633 qui-

256 1637 341 1668 dam.
356 1637 394 1669 de
411 1638 502 1670 armis
519 1645 627 1681 postea
642 1646 766 1681 agetur:

301 1687 364 1718 Nec
388 1689 458 1728 plus
487 1689 608 1719 Atrides
636 1691 730 1720 animi
761 1690 919 1720 Menelaus

386 1738 514 1774 habebit,

345 1787 443 1821 Quam
468 1787 583 1824 Ρανὶες
607 1795 661 1818 ant
687 1789 779 1818 armis
801 1787 917 1829 autefe—

383 1839 495 1867 rendus
507 1839 578 1867 erit.
752 1837 873 1867 Hmvs.

256 1885 533 1922 Francofurtensis‚
588 1886 797 1917 Lovanienscs
842 1886 916 1922 duo,

257 1934 375 1965 Douzae
399 1940 430 1965 et
453 1934 575 1977 aliquot
601 1935 665 1971 alii,
680 1937 817 1972 collatus,
834 1940 868 1966 ut
888 1941 919 1966 et

257 1983 410 2015 editiones
425 1984 568 2026 quaedam
595 1991 725 2021 veteres,
742 1985 824 2026 quod
850 1997 917 2015 nes-

257 2032 304 2063 cio
321 2043 360 2063 an
377 2039 491 2064 temere
507 2033 749 2076 repudiandum.
776 2040 859 2064 certe
883 2032 917 2064 ii.

257 2082 366 2113 Amor.
382 2083 458 2114 xvii.
479 2086 527 2115 13.
552 2084 649 2115 dixit:

302 2133 450 2163 Collatum
464 2135 577 2164 idcirco
593 2135 647 2165 tibi
668 2146 710 2164 me
733 2141 918 2165 contemnere

343 2184 435 2213 debes.

256 2231 335 2262 Stat.
357 2231 411 2262 vii.
429 2232 504 2262 734.
531 2233 673 2274 quamvis
699 2233 840 2275 paullum
857 2233 918 2264 alia

256 2280 482 2322 significatione
496 2294 501 2311 :

410 2331 467 2361 Fas
482 2338 509 2362 et
525 2333 595 2362 mihi
611 2344 747 2372 spernere
765 2332 916 2368 Phwbum,

301 2381 333 2410 Si
348 2383 401 2411 tibi
416 2383 544 2412 collatus
562 2382 673 2412 Dimim
689 2388 781 2412 sator.

259 2429 321 2460 Ubi
336 2437 432 2466 notat,
449 2430 503 2460 tibi
516 2436 711 2472 comparatus
727 2429 868 2461 certavit.
885 2432 916 2461 in,

257 2482 345 2509 annis
359 2491 428 2510 vero
445 2480 533 2509 multi
550 2479 687 2510 codices.
735 2480 850 2510 Burin.

300 2529 374 2559 205.
401 2528 464 2558 ‘l'iln'
489 2530 571 2558 clm-11
586 2528 783 2569 ιῙίις(ιιιὶεί)ι.]
822 2529 915 2558 Fran-

257 2579 324 2609 cius
340 2581 492 2615 tentabat,
505 2586 556 2609 lun
576 2580 688 2614 vhoebe,
705 2580 765 2615 vel,
787 2580 917 2609 Phwlwa.

261 2627 529 2671 Clarasugantem
546 2630 641 2659 sideru
660 2629 777 2659 Lovan.
804 2634 834 2658 ct
856 2629 915 2658 l’a-

258 2677 312 2708 lat.

302 2727 378 2756 206.
418 2725 479 2760 Qui
508 2728 635 2766 trepidos
663 2739 681 2755 a

256 2775 372 2816 aquam]
414 2776 506 2816 Lego,
537 2777 586 2806 cui
613 2777 738 2815 trepidos
766 2775 814 2804 Sul
843 2777 917 2814 dape

709 2728 783 2765 (lupe
820 2731 915 2755 serrat

987 1598 1085 1622 vertat
1103 1602 1199 1632 equos.
1231 1591 1304 1621 Non
1321 1589 1402 1621 enim
1419 1589 1564 1631 exprimit
1580 1588 1648 1619 vul-

987 1647 1063 1681 gata
1077 1641 1241 1682 scriptura,
1256 1639 1346 1681 cujus
1362 1639 1434 1680 equi
1451 1649 1469 1669 a
1484 1638 1565 1679 dape
1581 1649 1648 1669 ver-

987 1695 1106 1720 tantur.
1153 1690 1238 1720 Nota
1264 1694 1311 1719 est
1338 1688 1456 1719 fabula.
1508 1688 1648 1730 Propert.

987 1738 1033 1769 iii.
1051 1740 1105 1769 21.

1031 1788 1101 1818 Non
1115 1788 1206 1828 fugis
1222 1788 1381 1821 Ausonias,
1402 1786 1508 1816 Plzaenbe
1518 1786 1646 1828 fugate,

1072 1840 1173 1876 dape&
1487 1835 1605 1865 Hssms.

990 1886 1052 1916 Nec
1069 1888 1169 1916 tremis
1187 1886 1333 1915 Ausonius
1355 1890 1400 1915 cst
1423 1884 1454 1914 in
1473 1884 1647 1926 Propertio.

988 1945 1027 1965 an
1041 1935 1172 1966 voluerit
1192 1935 1235 1965 ita
1254 1934 1326 1975 legi,
1344 1945 1383 1964 an
1399 1934 1547 1964 memoria
1562 1934 1649 1964 fefel-

986 1984 1068 2020 lerit,
1084 1984 1201 2015 nescio.

1031 2035 1056 2063 A
1072 2034 1178 2073 dupe]
1207 2032 1235 2062 A
1251 2031 1393 2062 convivio
1413 2042 1468 2061 suo
1483 2031 1646 2062 scelerato.

988 2083 1075 2113 Dicit
1088 2094 1178 2123 ergo:
1198 2083 1269 2112 Non
1286 2081 1367 2111 dabo
1380 2081 1435 2111 tibi
1454 2081 1545 2111 talem
1562 2092 1648 2111 soce·

987 2143 1066 2169 rum,
1083 2132 1184 2173 qualis
1205 2131 1264 2161 fuit
1286 2130 1410 2166 Atreus,
1427 2129 1480 2171 qui
1496 2130 1648 2160 humanas

987 2181 1084 2223 dapes
1100 2182 1185 2212 fratri
1201 2186 1348 2222 apponat.

1030 2232 1105 2262 207.
1139 2232 1201 2261 Nec
1225 2236 1311 2270 pater
1333 2230 1404 2269 esa]
1443 2229 1481 2259 ld
1506 2234 1565 2263 est,
1590 2238 1646 2258 nec

985 2287 1074 2323 pater
1110 2280 1237 2315 Priami,
1268 2290 1344 2310 avus
1380 2290 1477 2314 meus,
1507 2288 1647 2308 socerum

986 2342 1075 2361 suum
1088 2330 1253 2366 interfecit,
1267 2328 1346 2359 sicut
1359 2329 1473 2371 Pelops
1487 2338 1564 2358 avus
1576 2328 1645 2357 Me-

986 2380 1081 2411 nelai.

1028 2431 1103 2459 208.
1132 2429 1169 2458 Et
1185 2430 1235 2468 ‹1111'
1254 2427 1421 2468 RIyrtoas]
1450 2425 1487 2455 Id
1503 2430 1560 2461 cst,
1578 2426 1646 2455 Nec

984 2478 1128 2508 dabimus
1153 2488 1257 2513 avum,
1274 2476 1327 2517 qui
1354 2476 1491 2517 aliquem
1514 2474 1545 2504 in
1562 2484 1646 2505 mare

988 2527 1247 2569 praecipitaverit:
1285 2526 1366 2557 sicut
1395 2525 1508 2566 Pelops
1534 2524 1647 2565 Myrti-

985 2577 1048 2606 lum
1080 2577 1218 2617 aurigam
1249 2575 1480 2617 Ilippodzmiiar,
1512 2586 1573 2615 quo
1602 2574 1645 2604 sa—

987 2633 1076 2656 vonit·
1093 2637 1160 2656 vam
1178 2626 1304 2661 vicerat,
1322 2625 1351 2654 in
1370 2635 1452 2654 marc
1470 2623 1644 2665 prwcipita-

986 2675 1039 2710 vit,
1057 2686 1150 2716 aquo
1163 2685 1245 2705 mare
1264 2675 1422 2715 Myrtoum
1437 2673 1555 2702 dictum
1571 2677 1629 2701 est.

1027 2726 1102 2754 201).
1133 2724 1191 2753 Ner?
1217 2724 1355 2763 pronun]
1382 2722 1532 2752 Tantalus
1552 2731 1639 2763 prtia<

986 2785 1041 2804 vus
1056 2773 1196 2803 Menelai
1213 2779 1244 2803 ct
1264 2772 1387 2813 Pelopis
1402 2778 1499 2813 pater.

1075 2827 1097 2856 P
1121 2828 1139 2855 3
