1849 3198
580 254 926 297 HEROIDES.
961 253 1053 295 ΕΡ.
1086 252 1169 294 VI.
1514 255 1571 295 77

179 371 274 419 Dic
301 388 410 435 age,
437 371 478 418 si
502 371 661 419 ventis
687 372 765 434 (ut
788 369 1027 434 oportuit)
1053 374 1195 415 aetus
1220 368 1404 432 iniquis

246 448 492 496 Intrasses
519 455 707 512 portUS‚
734 455 890 511 tuque
915 462 1202 509 comesque,
1231 463 1396 505 meos3

180 525 442 589 Obviaque
468 525 702 581 exissem,
730 524 849 571 foetu
875 523 1110 571 comitata
1135 524 1346 585 gemello
1369 541 1378 571 :

245 602 480 665 (Hiscere
505 618 686 666 nempe
710 601 800 648 tibi
826 608 958 648 terra
981 601 1202 662 roganda
1225 599 1392 661 foret.)

178 678 289 733 Quo
313 680 451 726 vultu
476 686 635 735 natos,
663 696 761 742 quo
788 696 883 735 me,
912 679 1169 734 scelerate,
1196 678 1423 726 videres?
1477 682 1568 727 145

244 756 472 804 Perfidiae
499 757 674 820 pretio,
704 772 805 819 qua
829 772 968 812 nece,
996 756 1177 818 dignus
1203 756 1345 802 eras?

179 833 295 897 Ipse
322 834 525 897 quidem
550 851 640 899 per
664 851 744 881 me
770 841 906 881 tutus
933 849 1209 897 sospesque
1234 832 1442 880 fuisses:

245 911 359 958 Non
385 912 504 975 quia
527 918 579 959 tu
605 912 802 975 dignus,
831 911 919 958 sed
945 911 1062 974 quia
1087 910 1219 957 mitis
1245 926 1354 972 ego.

175 1025 317 1068 Epistola
335 1025 494 1057 Canaces:

223 1075 366 1115 Urnaque
387 1088 437 1107 nos
452 1077 556 1106 habeat
579 1077 738 1117 quamlibet
753 1083 839 1106 arcta

262 1126 347 1154 daos.

175 1172 284 1203 Amor.
301 1173 358 1204 lib.
373 1173 396 1204 i.
420 1174 470 1204 El.
487 1174 540 1205 vii.
559 1175 612 1205 66.

221 1223 393 1257 Quamlibet
417 1225 551 1264 infirmas
573 1226 697 1265 acljuvat
715 1226 759 1255 ira
776 1236 838 1255 ma-

263 1283 331 1302 nus.

175 1320 267 1351 Trist.
284 1321 338 1351 lib.
354 1321 374 1352 i.
399 1321 448 1352 El.
463 1321 496 1352 ii.

222 1371 393 1405 Quamlibet
417 1383 432 1402 e
457 1374 587 1402 minimis
608 1374 707 1402 domui
722 1372 838 1414 sijiivi-

264 1432 328 1450 mus
342 1422 402 1451 illi.

176 1469 228 1500 El.
244 1469 290 1500 iii.

222 1520 391 1554 Quamlibet
428 1523 519 1551 inviso
559 1519 657 1549 Casar
692 1521 722 1550 in
761 1522 839 1551 hasta

260 1571 377 1609 probat.

177 1618 289 1649 El.ix.

222 1668 357 1708 Occupat
402 1680 528 1711 egressas
572 1670 732 1710 quamlibet
769 1677 839 1700 ante

262 1725 353 1748 rates.

176 1768 269 1798 Pont.
286 1768 343 1798 lib.
360 1767 406 1798 iii.
432 1768 483 1798 El.
501 1767 544 1798 iv.

222 1817 392 1851 Quamlibet
417 1819 543 1848 invitum
563 1816 772 1858 difficilemque
795 1823 837 1846 te-

264 1874 347 1897 nent.

177 1914 248 1945 Lib.
263 1916 305 1946 iv.
321 1916 372 1946 El.
389 1915 433 1946 iv.

223 1965 392 1999 Quamlibet
405 1966 550 1995 absentem
562 1975 618 2004 qua
629 1974 743 2004 possum
757 1975 838 1994 mea-

265 2020 292 2043 te
308 2016 420 2044 videbo.

177 2063 218 2093 Et
233 2062 307 2093 alibi
323 2062 451 2104 passim.
476 2062 560 2092 Loca
573 2061 664 2103 plura
679 2060 839 2102 adscripsi,

177 2113 260 2154 quod
275 2123 313 2143 ea
335 2113 442 2154 majori
466 2123 504 2143 ex
527 2118 614 2154 parte
639 2111 787 2143 mendosa
809 2113 841 2143 in

175 2160 312 2202 vulgatis
327 2160 413 2191 libris
429 2160 700 2191 circumferantur.
732 2166 841 2191 auctor

178 2209 447 2240 Monostichorum
470 2209 509 2240 de
534 2208 676 2240 Moribus
690 2209 722 2239 in
745 2209 839 2240 Cata-

177 2258 267 2289 lectis
283 2258 399 2289 Pithoei
415 2271 421 2288 :

224 2308 391 2343 Quamlibet
412 2309 556 2349 ignavum
569 2306 655 2348 facit
671 2308 841 2350 indignatio

253 2358 383 2398 sortem.
679 2356 797 2386 Hins.

179 2406 326 2437 Francius
342 2416 402 2436 non
417 2404 603 2435 inconcinne
619 2404 824 2446 conjiciebat:

224 2456 391 2490 Quamlibet
426 2456 514 2485 iratis
547 2457 637 2494 justa
669 2456 721 2485 dat
756 2466 840 2485 arma

265 2506 360 2535 dolor.

178 2554 324 2585 Schottus
341 2564 411 2584 vero
423 2553 477 2584 lib.
490 2553 523 2584 ii.
549 2553 682 2583 observ.
697 2554 750 2583 47.
764 2552 841 2584 dicit

178 2615 210 2634 se
226 2603 258 2634 in
273 2602 380 2634 codice
396 2603 467 2633 MS.
486 2601 633 2644 reperisse
648 2614 654 2631 :

225 2653 381 2687 Quodlibet
403 2655 442 2683 ad
457 2652 587 2694 saeuius
611 2653 669 2692 ipse
689 2653 741 2681 cla!
757 2663 842 2682 arma

265 2703 361 2733 dolor.

181 2752 273 2789 Quod
292 2758 324 2782 et
340 2751 371 2782 in
392 2750 534 2794 plurimis
548 2750 678 2781 Heinsio
694 2750 843 2792 inspectis

181 2806 278 2833 extat.
293 2801 325 2833 in
341 2811 402 2833 uno
417 2801 512 2832 etiam
538 2811 593 2842 pro
611 2801 706 2837 dolor,
722 2805 769 2831 est
781 2799 842 2841 sa-

906 1037 974 1062 ram·
1001 1036 1058 1055 nee
1087 1024 1145 1055 hoc
1168 1024 1268 1055 male:
1301 1026 1349 1054 ira
1373 1023 1455 1054 enim
1472 1024 1571 1066 fiii-or

907 1076 1001 1105 brevis
1015 1079 1074 1104 est.
1099 1073 1143 1104 sic
1159 1073 1272 1114 virgil.
1287 1073 1310 1103 i.
1327 1073 1458 1104 AElneid.
1478 1075 1549 1105 154.

1124 1123 1225 1153 Furor
1240 1134 1325 1152 arma
1338 1124 1502 1153 ministrat.

906 1172 1002 1214 Apud
1019 1184 1111 1214 quem
1128 1173 1223 1203 etiam
1238 1171 1347 1202 eodem
1363 1171 1441 1202 libro
1453 1184 1482 1203 v.
1495 1174 1571 1204 594.

908 1222 1035 1264 quidam
1052 1222 1188 1257 codices,
1206 1224 1270 1262 qais
1288 1223 1448 1252 indomitas
1468 1229 1572 1253 tantas

898 1272 997 1313 jin-07·
1015 1274 1123 1302 euitat
1139 1273 1210 1308 iras,
1227 1282 1298 1302 cum
1321 1270 1355 1301 in
1374 1271 1443 1302 aliis
1457 1271 1497 1302 sit
1519 1274 1571 1303 do-

909 1322 969 1351 lor.-
994 1327 1026 1351 et
1044 1320 1127 1362 apud
1153 1322 1266 1351 Senec.
1292 1321 1389 1352 Herc.
1406 1321 1470 1352 OEt.
1495 1323 1570 1353 233.

907 1382 945 1401 ex
962 1370 1140 1400 Florentino
1155 1369 1263 1400 codice
1278 1381 1284 1398 ε

952 1420 978 1450 Ο
1003 1432 1090 1460 ᾳιιιιιη
1114 1426 1256 1450 cruentas
1275 1418 1412 1461 feminas
1434 1420 1571 1451 stimulat

983 1470 1100 1511 juror!

907 1518 1012 1559 Vulgo
1033 1520 1129 1548 dolor.
1154 1523 1186 1548 et
1207 1516 1252 1547 ita
1276 1517 1361 1558 apud
1386 1517 1506 1547 Lucan.
1528 1517 1569 1548 vi.

907 1569 982 1598 228.
997 1573 1029 1598 et
1044 1568 1194 1598 Nostrum
1210 1566 1252 1597 vi.
1270 1567 1404 1597 Metam.
1421 1567 1498 1597 280.
1521 1566 1568 1597 hae

907 1628 998 1648 voces
1015 1627 1033 1647 a
1047 1616 1180 1647 librariis
1195 1620 1394 1658 permutatae.
1448 1616 1568 1647 BURM.

952 1666 1073 1706 Dolon]
1093 1665 1288 1706 indignatio:
1314 1664 1463 1695 dolebant
1478 1665 1569 1695 Lem-

908 1715 1017 1746 niades
1048 1715 1128 1746 viros
1155 1715 1293 1745 Thraces
1320 1725 1424 1745 servas
1450 1714 1570 1745 addux-

908 1764 979 1801 isse,
996 1765 1110 1806 quibus
1125 1765 1366 1795 oblectarentur.
1394 1763 1482 1794 Axr.

955 1815 1028 1845 143.
1056 1814 1216 1844 Comitata.
1243 1814 1449 1852 ΠαΘηι-ικῶς.
1475 1813 1570 1845 ΟῙΟῬ.

956 1864 1027 1894 146.
1054 1864 1185 1905 Peajide‚
1208 1875 1264 1903 quo
1283 1863 1408 1903 pretia]
1436 1863 1473 1894 In
1496 1864 1570 1894 Sca-

907 1912 996 1953 ligeri
1013 1912 1119 1943 codice
1132 1912 1307 1954 legebatur,
1322 1913 1461 1953 Perfidiae
1473 1915 1571 1952 pretio

907 1974 964 2001 qua
978 1973 1045 1992 nece
1060 1963 1170 2003 dignus
1182 1962 1267 1992 eras?
1296 1961 1386 1992 DAN.
1396 1961 1571 1993 mesms.

908 2011 1088 2042 Puteaneus
1103 2016 1135 2041 et
1147 2010 1297 2052 Scaligeri
1313 2015 1474 2052 excerpta:

952 2060 1092 2101 Perfidiae
1101 2061 1197 2100 pretio
1208 2071 1266 2100 qua
1280 2071 1347 2090 nece
1361 2061 1472 2101 dignus
1485 2061 1571 2090 eras?

909 2110 1054 2152 Optime3
1069 2115 1104 2140 ut
1119 2116 1150 2140 et
1161 2120 1273 2151 parens
1287 2120 1376 2140 meus
1387 2109 1419 2139 in
1434 2109 1514 2140 notis
1529 2109 1569 2140 ad

907 2158 1009 2200 ipsum
1033 2159 1205 2195 Nasonem,
1222 2164 1252 2189 et
1275 2163 1383 2201 postea
1400 2157 1571 2189 Salmasius

908 2208 947 2238 de
965 2208 1074 2239 Usuris
1089 2208 1320 2239 Commentario
1336 2218 1365 2238 c.
1382 2207 1415 2238 ii.
1426 2207 1569 2238 restitue-

908 2262 992 2288 runt.
1032 2257 1156 2288 Multus
1170 2263 1217 2288 est
1231 2256 1346 2299 passim
1362 2256 1394 2287 in
1410 2256 1468 2287 hac
1483 2257 1569 2288 locu-

908 2306 992 2337 tione
1009 2307 1107 2337 Naso.
1125 2307 1169 2337 sie
1185 2306 1326 2348 Epistola
1340 2306 1483 2347 sequenti
1497 2318 1503 2335 ε

952 2356 1079 2387 Grande
1104 2368 1189 2387 morae
1210 2358 1341 2397 pretium
1364 2362 1430 2386 tuta
1449 2356 1569 2397 jutura

993 2406 1042 2435 via
1057 2411 1111 2435 est.

908 2454 948 2483 Et
960 2453 1062 2495 Epist.
1080 2453 1144 2484 xiv.

953 2502 1034 2533 Esne
1057 2503 1294 2543 Hypermnestra
1306 2504 1436 2543 pretium
1449 2504 1571 2542 pietatis

994 2554 1140 2592 iniquum,

954 2600 1051 2635 Quam
1080 2608 1200 2632 mortem
1219 2600 1323 2642 fratri
1351 2601 1477 2640 depulit,
1507 2603 1570 2641 ipsa

994 2651 1079 2681 tulit.

910 2699 1084 2731 Ilismsms.
1130 2699 1206 2730 Vid.
1227 2699 1334 2730 Graev.
1351 2698 1391 2730 ad
1412 2699 1531 2731 Justin.
1547 2699 1569 2731 i.

910 2749 940 2780 7.
965 2753 997 2779 et
1013 2749 1149 2780 Gronov.
1165 2748 1204 2779 ad
1221 2748 1290 2779 Liv.
1307 2748 1393 2779 xxvi.
1409 2749 1460 2778 40.

957 2799 1029 2830 147.
1055 2798 1116 2829 Per
1136 2798 1208 2839 me.]
1240 2798 1300 2828 Per
1325 2804 1352 2828 te
1376 2798 1568 2829 Puteaneus.
