1849 3198
200 183 286 224 206

200 298 348 345 Troia
372 298 632 345 caeduntur
657 296 880 361 Phrygia
904 297 1076 360 pineta
1099 298 1278 354 securi,

591 181 642 222 P.
677 180 890 222 OVIDII
924 180 1202 223 NASONIS

1496 301 1586 347 105

267 375 494 438 Quaeque
519 381 626 422 erat
651 374 894 437 aequoreis
919 375 1052 422 utilis
1079 376 1223 422 arbor
1247 376 1417 439 aquis:

200 453 370 500 Ardua
394 452 612 516 proceris
639 451 914 515 spoliantur
940 452 1164 515 Gargara
1188 454 1322 501 silvis
1342 471 1352 502 z

266 530 660 593 Innumerasque
685 529 805 576 mihi
830 531 978 592 longa
1002 531 1088 577 dat
1114 530 1205 578 Ida
1228 532 1411 579 trabes,

202 609 489 656 Fundatura
514 609 638 655 citas
665 608 932 655 flectuntur
957 609 1135 656 robora
1157 625 1334 657 naves:

266 687 474 734 Texitur
498 694 548 734 et
573 686 724 733 costis
750 685 918 749 panda
942 686 1110 733 carina
1135 687 1253 734 suis.

1496 689 1588 732 110

199 764 444 811 Addimus
471 770 729 818 antennas,
758 769 808 809 et
831 763 940 809 vela
966 764 1228 826 sequentia
1251 764 1407 811 malos
1430 781 1439 811 ε

266 841 467 906 Accipit
491 849 540 889 et
564 841 725 904 pictos
750 840 931 904 puppis
959 841 1152 888 adunca
1178 841 1330 888 Deos.

201 919 313 975 Qua
335 928 502 968 tamen
535 919 641 983 ipse
666 919 831 973 vehor,
859 918 1095 965 comitata
1122 918 1371 982 Cupidine
1396 933 1564 982 parvo,

269 997 491 1060 Sponsor
516 995 735 1059 conjugii
762 1001 860 1042 stat
886 995 996 1042 Dea
1019 996 1153 1059 picta
1177 996 1269 1043 sui.

199 1146 312 1177 amoris
326 1146 480 1188 potiundi,
495 1146 618 1188 longius
633 1146 769 1178 differre.
793 1147 859 1177 Mr-

198 1207 335 1227 CYLLUS.

246 1247 317 1276 104.
346 1246 417 1276 Vota
440 1246 531 1287 mem]
560 1246 598 1276 Id
621 1252 667 1276 est
686 1246 741 1282 Te,
765 1257 859 1288 quam

198 1295 363 1337 cupiebam
379 1300 410 1325 et
424 1296 579 1326 amabam.
623 1296 752 1326 MmYL.

244 1345 317 1376 105.
345 1344 435 1374 Tro'ia
448 1345 583 1385 pineta]
602 1345 743 1386 Trojanae
760 1345 858 1375 silvae.

198 1393 458 1435 Synecdochicos.
498 1395 686 1425 MrchLus.
738 1395 776 1424 In
802 1395 861 1425 hoc

197 1444 299 1475 scelus
313 1450 389 1479 erat,
406 1443 483 1485 quia
495 1444 551 1474 illa
568 1455 657 1475 sacra
673 1444 778 1474 Deum
793 1455 860 1475 ma-

198 1493 236 1523 tri
253 1493 394 1534 Cybelae.
439 1492 556 1523 Statius
571 1505 602 1523 v.
619 1493 727 1523 Achil.
745 1494 798 1524 60.

244 1542 300 1572 Ille
316 1542 456 1583 Phrygas
468 1543 555 1578 lucos,
572 1543 683 1573 Matris
692 1544 862 1582 penetralia

285 1593 372 1622 cadit

247 1641 428 1681 Turrigercr,
456 1643 617 1681 vetitasque
642 1642 701 1671 solo
722 1653 859 1682 procum—

287 1692 352 1720 bere
366 1692 457 1729 pinus

245 1740 432 1779 Placipiiat,
459 1739 721 1781 terrasque,freto
743 1741 861 1771 delatus

287 1789 408 1818 Achaeas

245 1837 377 1877 Hospitis
390 1838 505 1868 Atrida:
519 1839 623 1877 spoliat
642 1839 795 1869 thalamos.

699 1889 817 1918 Brniu.

247 1937 318 1966 107.
335 1937 442 1966 Ardua
458 1935 632 1977 Gargara]
651 1936 793 1978 Gargara
808 1948 860 1978 ge-

201 1984 345 2015 neraliter
357 1986 398 2015 τιὶ
414 1985 506 2026 ἄκρα,
522 1985 579 2015 hoc
596 1991 653 2021 est,
668 1986 862 2017 summitates

201 2033 363 2069 montium,
380 2033 445 2064 sive
459 2033 591 2064 vertices
607 2035 763 2066 dicuntur.
800 2037 861 2067 Sed

201 2083 339 2112 hocloco
352 2082 390 2112 de
403 2088 502 2123 parte,
515 2082 591 2120 sive,
604 2084 683 2114 colle
696 2084 761 2114 Idae
774 2095 861 2116 mon-

202 2131 240 2161 tis
256 2130 485 2172 accipiendum,
503 2143 572 2172 quae
594 2132 715 2174 proprie
734 2134 790 2164 hoc
808 2145 861 2164 no-

201 2180 284 2210 mine
298 2180 491 2221 appellatur:
509 2181 540 2211 in
556 2182 644 2223 cujus
659 2182 816 2214 radicibus
831 2189 862 2214 et

202 2229 352 2271 oppidum
373 2229 511 2270 ejusdem
536 2230 667 2261 nominis
688 2232 757 2268 suit,
773 2233 862 2274 cujus

202 2289 276 2319 ager
292 2277 431 2318 frugibus
442 2278 552 2310 fertilis
564 2279 634 2310 fuit.
651 2281 689 2311 de
703 2292 763 2322 quo
779 2281 861 2313 idem

202 2328 300 2357 Po'eta
314 2326 370 2357 lib.
388 2326 410 2356 i.
426 2327 496 2358 Art.
510 2327 582 2358 Am.
603 2329 654 2359 57.

246 2377 388 2417 Gargara
401 2383 469 2416 quot
483 2383 599 2418 segetes,
611 2386 676 2418 quot
695 2380 779 2410 habet
797 2381 860 2411 Me-

289 2427 411 2466 thymna
426 2437 563 2456 racenws.

203 2474 299 2504 Dicta
315 2480 419 2505 autem
431 2475 581 2516 Gargara,
594 2486 611 2506 a
624 2476 763 2518 Gargaro
774 2479 862 2509 Jovis

202 2529 233 2553 et
250 2522 379 2553 Larissae
396 2523 459 2553 filio
474 2536 479 2553 :
506 2530 539 2555 ut
556 2524 679 2556 Suidas.
731 2527 861 2557 Mmu-

204 2584 276 2603 mvs.
332 2572 537 2614 Spoliantwu]
569 2575 754 2615 Eleganter;
778 2577 860 2608 unde

202 2624 278 2652 <nudi
294 2628 414 2652 orontes.

252 2672 322 2701 108.
348 2671 452 2713 Longa
467 2674 519 2702 (lat
537 2672 593 2703 Ida
610 2674 735 2714 trabes]
763 2675 799 2705 Id
816 2682 862 2705 est

206 2721 339 2757 arbores,
349 2732 385 2752 ex
399 2721 512 2763 quibus
529 2724 623 2753 trabes
635 2723 761 2754 navium
774 2725 862 2756 fiunt.

928 1146 1017 1177 Idam
1041 1153 1145 1177 autem
1171 1148 1290 1189 longam
1315 1152 1406 1177 vocat
1429 1157 1447 1177 a
1467 1145 1587 1187 positu:

928 1195 1023 1236 longa
1040 1196 1123 1226 enirn
1145 1208 1199 1238 per
1219 1202 1316 1228 totam
1339 1196 1508 1237 Phrygiam
1531 1207 1584 1227 ex-

927 1245 1081 1276 tenditur:
1107 1246 1176 1277 aliis
1194 1252 1288 1289 atque
1315 1245 1385 1277 aliis
1411 1245 1588 1277 nominibus

927 1295 1042 1336 passim
1059 1296 1246 1337 appellatur.
1294 1296 1355 1326 Vel
1370 1295 1395 1326 si
1410 1294 1521 1331 mavis,
1538 1305 1589 1326 ac-

928 1344 997 1386 cipe
1010 1345 1173 1387 improprie
1190 1348 1319 1388 longam,
1336 1356 1389 1387 pro
1405 1345 1484 1375 alta:
1502 1350 1591 1375 tanta

929 1398 1034 1424 autem
1046 1394 1179 1425 altitudo
1191 1395 1283 1436 hujus
1294 1394 1418 1430 montis,
1429 1398 1464 1424 ut
1479 1393 1590 1424 eodem

929 1449 1066 1485 tempore
1080 1444 1211 1485 vestigia
1226 1443 1353 1474 orientis
1368 1443 1453 1479 solis,
1466 1449 1496 1474 et
1511 1443 1589 1485 ejuS‚

930 1492 983 1534 qui
1005 1492 1095 1523 modo
1119 1492 1277 1529 occiderit,
1302 1492 1336 1522 in
1354 1492 1470 1523 vertice
1485 1491 1590 1523 videre

930 1542 1034 1578 liceat,
1064 1548 1099 1572 ut
1125 1542 1252 1584 quidem
1274 1542 1365 1572 Mela
1393 1547 1501 1572 auctor
1530 1546 1590 1572 est.

929 1591 1119 1623 Mrcx'LLUs.
1170 1592 1244 1622 Non
1273 1591 1330 1622 hoc
1356 1591 1456 1627 Mela,
1484 1591 1507 1632 i.
1536 1592 1587 1622 18.

928 1640 993 1676 sed,
1011 1651 1028 1670 a
1052 1640 1156 1671 media
1174 1641 1240 1683 jam
1264 1647 1354 1671 nocte
1377 1641 1480 1682 spargi
1503 1640 1591 1681 ignes

927 1688 1104 1730 passimque
1128 1688 1262 1728 micare3
1286 1694 1318 1719 et
1342 1695 1376 1720 ut
1400 1689 1454 1719 lux
1476 1700 1588 1731 appro-

927 1738 1070 1780 pinquat,
1086 1738 1130 1769 ita
1144 1740 1225 1770 coire
1242 1750 1278 1770 ac
1294 1750 1326 1770 se
1342 1739 1529 1780 conjungere
1544 1738 1590 1769 vi-

929 1787 1005 1824 deri,
1028 1788 1127 1819 donec
1153 1788 1263 1829 magis,
1279 1789 1441 1830 magisque
1467 1788 1591 1819 collecti

928 1837 1091 1879 pauciores
1110 1837 1253 1874 subinde,
1270 1844 1301 1869 et
1324 1849 1386 1869 una
1407 1837 1447 1869 ad
1472 1843 1589 1880 postre-

930 1898 1015 1917 mum
1038 1888 1163 1918 flamma
1192 1888 1332 1923 ardeant,
1361 1888 1592 1919 &c.—Frustra

929 1935 997 1967 haec
1018 1937 1139 1975 omnia3
1163 1938 1342 1968 transmisso
1363 1937 1478 1968 etenim
1494 1948 1512 1968 a
1526 1943 1590 1968 tra-

928 1985 1020 2016 bibus
1044 1987 1151 2028 longis,
1179 1986 1219 2017 ad
1242 1987 1342 2028 ipsum
1361 1992 1498 2018 montem
1525 1986 1591 2030 epi-

929 2035 1024 2071 theto,
1040 2036 1132 2066 venia
1146 2035 1242 2066 utitur
1261 2036 1360 2071 Naso,
1380 2046 1474 2077 quam
1490 2036 1592 2078 poetis

928 2084 1062 2115 libenter
1077 2084 1288 2116 concedimus.
1333 2085 1450 2116 AMAR.

976 2135 1048 2163 lll.
1084 2134 1154 2164 Vela
1179 2136 1331 2174 sequentia
1357 2134 1479 2174 malos]
1520 2134 1588 2164 Hoc

930 2188 976 2214 est
992 2183 1161 2224 pendentia
1176 2183 1215 2223 de
1231 2183 1334 2214 malis.
1379 2184 1508 2213 MICYL.

976 2234 1048 2263 114.
1083 2233 1208 2272 Sponsor
1236 2235 1370 2275 conjugii
1399 2233 1476 2273 szzi.]
1513 2233 1587 2264 Ele-

929 2281 1109 2323 gantissime
1126 2281 1180 2312 Dii
1203 2293 1349 2322 sponsores
1371 2282 1517 2313 dicuntur
1533 2283 1588 2319 rei,

930 2342 1023 2372 quam
1051 2331 1247 2372 promittunt.
1277 2330 1378 2373 Epist.
1403 2331 1438 2363 ii.
1464 2333 1518 2363 34.
1548 2332 1588 2363 de

930 2381 1119 2422 Hymenaeo:

975 2430 1036 2464 Qui
1062 2431 1133 2460 mihi
1158 2432 1293 2471 conjugii
1316 2442 1434 2471 sponsor
1460 2439 1487 2462 et
1515 2434 1590 2464 obses

1016 2485 1095 2508 erat.

929 2528 1040 2558 Senec.
1054 2527 1153 2570 Epist.
1166 2529 1277 2560 lxxxii.
1305 2530 1493 2570 Desistejmn
1509 2533 1545 2562 de
1561 2538 1589 2562 te

929 2588 985 2607 csse
1006 2578 1161 2608 sollicitas.
1211 2578 1315 2615 Quem,
1332 2581 1438 2620 inquis,
1456 2580 1589 2611 Deorum

928 2638 1090 2666 sponsorem
1128 2630 1300 2673 accepisti?¹
1327 2629 1419 2660 Unde
1465 2630 1589 2671 egregie

929 2676 1088 2707 Tiistanus
1112 2683 1186 2707 tom.
1205 2677 1226 2707 i.
1263 2678 1437 2709 Comment.
1456 2679 1538 2710 Hist.
1553 2691 1586 2721 p.

931 2727 1005 2757 715.
1029 2726 1164 2758 illustrat
1187 2738 1346 2760 nummum
1366 2729 1540 2766 Commodi,
1555 2729 1588 2760 in
