1849 3198
206 194 292 236 3:36

596 191 645 231 P.
681 189 896 231 OVIDII
930 188 1211 232 NASONIS

211 309 321 363 Quo
346 322 599 372 properas,
627 306 851 354 Aurora?
889 306 1160 353 mane-*sie
1186 305 1468 354 Memnonis
1494 323 1599 354 um-

276 386 457 431 Annua
481 382 706 430 sollemni
733 383 870 431 caede
897 389 1125 446 parentet
1149 383 1269 430 avis.

1475 385 1599 446 [bris

211 463 356 509 Nune
377 463 518 525 juvat
543 462 592 507 in
616 461 800 508 teneris
827 461 1038 507 dominae
1059 460 1279 523 jacuisse
1304 461 1531 510 lacertis:
1571 464 1601 508 5

279 541 331 586 Si
358 540 573 602 quando,
601 539 740 585 lateri
768 555 899 585 nunc
924 538 1053 585 bene
1072 539 1250 600 juncta
1272 554 1383 585 meo
1410 545 1502 585 est.

212 616 359 664 Nunc
385 617 534 664 etiam
561 616 720 662 somni
746 615 974 678 pingues,
1002 631 1133 661 nunc
1159 614 1366 677 frigidus
1395 616 1599 662 humor:

278 693 344 740 Et
367 693 611 756 liquidum
636 692 772 739 tenui
798 699 997 753 gutture
1024 698 1193 738 cantat
1218 692 1336 739 avis,

211 770 322 825 Quo
349 787 603 835 properas,
632 770 824 832 ingrata
846 769 977 824 viris,
1006 769 1199 831 ingrata
1223 769 1430 832 puellis?

279 848 499 894 Roscida
522 848 771 910 purpurea
799 846 1051 909 supprime
1077 846 1181 892 lora
1204 862 1370 893 manu.
1546 850 1605 892 lo

216 925 342 972 Ante
368 933 478 972 tuos
505 933 639 990 ortus
666 925 844 971 melius
875 940 965 971 sua
990 924 1153 970 sidera
1178 931 1340 971 servat

281 1003 488 1059 Navita3
530 1018 621 1048 nec
648 1002 811 1048 media
836 1001 1033 1047 nescius
1059 1008 1190 1047 errat
1215 1002 1367 1063 aqu-21.

212 1081 282 1127 Te
309 1080 480 1142 surgit,
509 1080 735 1142 quamvis
761 1080 938 1134 lassus,
965 1078 1194 1125 veniente
1219 1077 1402 1124 viator:

280 1157 428 1204 Miles
455 1164 505 1203 et
530 1156 782 1204 armiferas
809 1162 947 1219 aptat
972 1156 1034 1202 ad
1060 1171 1196 1201 arma
1220 1170 1414 1200 manus.

212 1235 381 1281 Prima
405 1234 607 1280 bidente
632 1234 770 1280 Vides
796 1240 1026 1280 oneratos
1053 1248 1167 1279 arva
1191 1231 1440 1278 colentes:
1548 1234 1605 1277 15

280 1312 450 1357 Prima
473 1326 621 1357 vocas
647 1312 814 1357 tardos
841 1312 932 1358 sub
953 1313 1076 1374 juga
1099 1310 1266 1374 panda
1289 1310 1458 1356 boves.

213 1390 288 1435 Tu
315 1405 495 1452 pueros
523 1405 695 1436 somno
721 1388 937 1444 fraudas,
964 1389 1223 1451 tradisque
1249 1385 1527 1449 magistris3

282 1466 352 1512 Ut
376 1466 588 1512 subeant
612 1472 794 1513 tenerae
818 1466 1025 1513 verbera
1051 1481 1181 1512 saeva
1204 1480 1397 1511 manus.

212 1543 380 1605 Atque
406 1543 580 1590 eadem
607 1559 847 1606 sponsum
872 1542 1084 1590 consulti
1110 1549 1224 1589 ante
1250 1541 1373 1588 atria
1397 1539 1580 1596 mittis;

284 1619 443 1666 Unius
470 1627 525 1667 ut
547 1620 684 1667 verbi
710 1620 916 1682 grandia
939 1620 1122 1666 damna
1145 1618 1285 1666 ferat.

213 1752 274 1781 mel
290 1761 308 1781 a
323 1751 469 1793 scriptore
487 1757 680 1792 usurpatum,
697 1751 780 1782 idem
795 1762 875 1781 sem-

212 1812 266 1842 per
302 1801 415 1831 debeat
452 1811 619 1836 recursare,
648 1801 739 1831 modo
768 1812 877 1831 sensus

214 1850 348 1891 postulet
371 1856 402 1880 et
421 1849 495 1879 ordo
521 1849 695 1879 sententiae.
741 1850 814 1885 Qua
839 1860 876 1880 ex

213 1900 292 1939 lege,
319 1899 343 1928 si
371 1904 519 1933 exstaret,
545 1898 679 1928 Ovidius
706 1904 877 1939 praesertlm

213 1954 295 1979 esset
310 1948 506 1978 eximendus.
553 1947 671 1978 AMAn.

257 1997 526 2037 18'e71iooemaritm]
552 1997 697 2027 Tithono.
746 1997 839 2027 Cror.

258 2048 290 2077 3.
316 2047 364 2076 Sic
382 2047 548 2076 Memnonis
566 2048 687 2076 umbras
703 2047 816 2076 Annua
832 2058 876 2076 so-

216 2098 298 2126 lenni
315 2098 389 2126 cade
403 2102 540 2135 parentet
555 2095 649 2135 uvis]
677 2095 727 2125 Sic
751 2095 878 2135 quidem

216 2144 247 2175 in
276 2144 419 2174 omnibus
449 2144 510 2174 fere
538 2143 726 2174 editionibus
751 2143 876 2184 legitur,

217 2205 294 2234 quas
318 2193 394 2223 vidi.
440 2193 484 2223 At
509 2193 584 2222 mihi
611 2192 734 2222 videtur
763 2192 880 2223 Umbris

216 2242 385 2283 legendum
416 2252 493 2277 esse,
522 2242 627 2272 dativo
654 2252 748 2271 casu:
784 2247 819 2271 ut
842 2241 880 2272 sit

218 2292 301 2327 ordo,
318 2290 368 2321 Sic
390 2301 492 2320 annua
518 2290 584 2320 avis
607 2296 750 2331 parentet
765 2291 882 2320 umbris

220 2339 400 2370 Memnonis
424 2340 543 2370 solenni
571 2339 668 2375 caede,
689 2339 749 2369 ἃς.
797 2340 882 2370 Nam

218 2395 249 2420 et
278 2389 387 2419 Cicero
424 2389 481 2419 hoc
510 2389 638 2418 verbum
678 2399 748 2418 cum
778 2388 882 2419 dativo

214 2439 331 2480 junxit.
364 2443 398 2467 ut
424 2448 478 2478 pro
506 2438 618 2467 Flacco
649 2438 702 2467 38.
750 2437 884 2468 Liternus

220 2500 289 2530 ergo
314 2488 455 2522 Lentulo,
477 2493 666 2525 parentemns
688 2487 827 2528 Cethego·
853 2493 884 2518 et

219 2538 251 2568 in
268 2536 437 2567 Antonium
459 2536 525 2566 xiii.
548 2537 598 2566 17.
646 2537 803 2566 Dolabella
826 2538 882 2566 im-

220 2587 351 2626 peratori
366 2597 417 2615 suo
430 2587 614 2625 ymreniavit.
659 2586 786 2615 MICYL.

266 2634 460 2674 Memnonis]
487 2635 639 2664 Memnon
663 2640 693 2664 et
718 2633 886 2664 Hemathio

224 2685 276 2715 filii
302 2683 427 2714 Tithoni
457 2694 495 2714 ex
522 2683 652 2714 Aurora.
680 2683 887 2725 Apollodorus

223 2734 340 2765 lil).iii.
387 2733 479 2764 (ἶπον.

1543 1621 1607 1663 20

994 1752 1042 1782 15.
1078 1751 1184 1781 Prima
1211 1752 1329 1780 bidente
1362 1751 1441 1780 vides
1476 1755 1612 1781 oneratos

945 1811 1019 1830 arva
1034 1800 1191 1840 colentes]
1219 1800 1269 1830 Ita
1283 1798 1389 1841 scripti
1410 1809 1481 1829 eum
1504 1797 1612 1840 primis

946 1849 1134 1879 editionibus
1149 1849 1211 1879 fere
1225 1859 1342 1880 omnes.
1387 1849 1428 1879 Et
1438 1853 1534 1879 recte.
1552 1857 1610 1878 nec

946 1898 1028 1929 male
1043 1897 1216 1929 Juniaiius:

990 1948 1097 1977 Prima
1126 1949 1244 1978 bidente
1272 1948 1352 1977 vides
1376 1952 1510 1976 oneratos
1534 1946 1612 1976 colla

1033 1997 1157 2026 colonos.

948 2045 1061 2075 Bidens
1088 2046 1170 2076 enim
1199 2051 1342 2081 rastrum,
1371 2044 1612 2076 instrumentum

947 2095 1110 2125 rusticum.
1149 2101 1202 2125 aut
1239 2101 1345 2131 raster,
1382 2094 1466 2135 quod
1500 2096 1614 2125 bidenti

947 2143 1202 2184 subintelligitur,
1218 2143 1301 2185 apud
1317 2144 1492 2179 Maronem,
1511 2151 1613 2174 rastra

948 2194 1099 2222 bidentia:
1124 2192 1168 2222 sic
1185 2194 1312 2227 tridens,
1330 2202 1401 2222 cum
1419 2192 1458 2222 de
1472 2192 1613 2234 Neptuni

949 2240 1071 2271 fuscina
1086 2241 1200 2281 agitur.
1246 2241 1365 2271 Hnms.

997 2291 1045 2320 19.
1080 2291 1176 2330 Atque
1203 2291 1303 2320 eadem
1326 2301 1460 2329 sponsum
1486 2291 1615 2320 consulti

950 2346 1021 2370 ante
1043 2343 1125 2369 atria
1150 2339 1270 2379 mittis]
1296 2340 1410 2369 Sensus
1428 2344 1486 2375 est,
1502 2344 1536 2369 tu
1562 2349 1614 2369 ea-

951 2389 1034 2424 dem,
1052 2399 1172 2424 aurora,
1188 2387 1285 2418 mittis
1301 2388 1438 2429 (scilicet
1449 2387 1614 2427 clientem)

952 2438 991 2469 ad
1016 2437 1232 2479 spondendum
1258 2443 1329 2467 ante
1355 2437 1434 2467 atria
1456 2437 1615 2468 Juriseon-

952 2486 1035 2522 sulti,
1052 2486 1118 2522 ubi,
1137 2486 1211 2516 dum
1227 2486 1280 2516 ille
1300 2486 1339 2517 ad
1363 2486 1615 2528 respondendum

952 2535 1060 2576 surgit,
1098 2536 1253 2565 excubare
1291 2535 1420 2576 cogitur.
1472 2535 1615 2574 Sponsum

953 2584 1003 2614 hic
1019 2595 1079 2615 non
1095 2589 1142 2614 est
1156 2595 1329 2623 sponsorem,
1343 2594 1404 2624 quo
1419 2583 1510 2614 modo
1525 2595 1614 2614 usur-

954 2634 1019 2674 pari
1035 2644 1124 2675 posse
1141 2645 1201 2663 non
1225 2640 1313 2675 puto,
1328 2633 1383 2664 sed
1399 2638 1447 2663 est
1469 2633 1615 2675 supinum

955 2693 973 2713 a
998 2685 1176 2723 spondendo.
1228 2682 1329 2713 Unum
1350 2692 1420 2713 vero
1445 2681 1524 2713 illud
1550 2692 1616 2713 ver-

956 2733 1023 2762 bum
1038 2737 1095 2769 est,
1111 2734 1246 2771 spondeo.
1292 2732 1409 2762 BunM.
