1849 3198
597 206 881 249 AMORUM
915 208 1033 249 LIB.
1065 208 1155 250 ΙΙῘ.
1188 211 1228 251 7.
1533 212 1618 252 419

225 320 440 384 Exigere
465 337 493 369 a
517 322 660 369 nobis
685 323 896 384 angust-21
924 330 1069 370 nocte
1097 323 1381 379 Corinnam,
1550 329 1613 371 25

290 398 377 447 Me
402 400 603 446 memini
629 415 860 447 numeros
886 400 1181 447 sustinuisse
1206 416 1398 449 novem.

225 474 359 522 Num
384 492 497 524 mea
519 475 809 546 Thessalico
835 475 1073 538 languent
1097 476 1277 524 devota
1300 493 1489 525 veneno

290 553 517 618 Corpora
527 547 700 616 {snum
726 554 906 601 misero
931 569 1131 601 carmen
1151 560 1201 600 et
1225 554 1379 601 herba
1404 556 1613 602 nocent?

225 631 419 694 Sagave
444 622 669 696 pciinicea
693 631 868 680 defixit
892 630 1091 678 nomina
1115 631 1248 686 cera,

290 709 357 757 Et
380 711 599 757 medium
623 717 800 757 tenues
826 710 875 756 in
894 709 1038 771 jecur
1063 707 1165 770 egit
1190 708 1339 754 acus?
1551 711 1613 753 30

223 785 457 834 Carmine
481 788 601 834 laesa
627 787 782 834 Ceres
808 785 1027 833 sterilem
1051 783 1273 831 vanescit
1304 783 1353 830 in
1379 783 1611 830 herbam:

289 862 543 910 Deficiunt
565 863 670 910 laesi
694 862 913 910 carmine
938 861 1087 908 fontis
1113 876 1281 924 aquae3

225 939 428 988 Ilicibus
454 941 676 1003 glandes,
704 946 1006 1002 cantataque
1030 938 1215 985 vitibus
1239 952 1334 984 uva

291 1017 517 1076 Decidit;
556 1025 608 1065 et
632 1019 766 1078 nullo
791 1033 940 1081 poma
964 1023 1192 1063 movente
1219 1015 1395 1061 fluunt.

224 1093 357 1147 Quid
381 1101 516 1142 vetat
540 1101 590 1142 et
614 1111 790 1142 nervos
815 1093 1035 1156 magicas
1061 1099 1256 1155 torpere
1282 1107 1370 1154 per
1395 1091 1554 1138 artes?

291 1170 519 1219 Forsitan
543 1172 808 1236 impatiens
833 1172 897 1218 sit
921 1172 1050 1218 latus
1077 1170 1191 1216 inde
1217 1184 1400 1215 meum.

1552 1170 1615 1213 36

225 1246 337 1295 Huc
363 1249 522 1312 pudor
546 1250 781 1297 accessit:
821 1249 937 1296 facti
964 1248 1124 1312 pudor
1148 1247 1256 1310 ipse
1282 1246 1519 1293 nocebat:

293 1323 383 1371 Ille
409 1325 501 1372 fuit
524 1326 628 1373 vitii
654 1342 832 1373 caussa
857 1325 1078 1373 secunda
1102 1323 1215 1370 mei.

224 1400 292 1448 At
316 1403 515 1464 qualem
539 1403 638 1450 vidi
664 1410 856 1450 tantum
882 1402 1124 1466 tetigique
1150 1400 1382 1463 puellam,

295 1478 378 1525 Sic
404 1479 553 1526 etiam
579 1481 749 1528 tunica
776 1481 994 1542 tangitur
1019 1480 1127 1542 ipsa
1152 1478 1256 1523 sua.

224 1692 307 1733 quod
324 1702 437 1723 nornen
459 1693 632 1729 suadelam,
648 1700 682 1724 ut
698 1694 800 1725 Latini
818 1705 883 1724 ver-

222 1747 337 1777 terunt,
352 1742 518 1783 significat.
551 1744 656 1780 Quare
672 1754 732 1774 non
747 1743 885 1782 credula,

223 1790 277 1821 sed
289 1790 389 1821 active
404 1791 516 1832 potius,
526 1802 564 1822 ca
575 1803 644 1833 quae
655 1792 746 1823 facile
758 1804 884 1834 persua-

224 1839 297 1870 deat
311 1840 583 1882 aliiS,aC(·ipienda
596 1847 655 1871 est.
682 1842 771 1871 Libas
782 1848 885 1872 autem

224 1899 242 1919 a
255 1889 366 1920 Graeco
384 1889 496 1929 Λιβιῖν
511 1889 643 1920 derivari
660 1890 792 1926 videtur,
802 1890 886 1931 quod

227 1937 326 1969 libare
349 1948 385 1969 ac
401 1938 567 1979 degustare
583 1939 755 1977 significat:
789 1939 854 1970 sive
870 1950 888 1970 a

224 1986 360 2017 libandis
369 1987 494 2024 osculis,
506 1988 569 2018 sive
580 1999 597 2018 a
614 1987 741 2018 libando
751 1988 822 2019 vino
833 1998 886 2029 ap-

224 2035 372 2078 pellatam
389 2035 486 2067 dicas.
531 2036 597 2067 Aut
614 2042 695 2068 certe
710 2046 727 2066 a
746 2036 887 2076 Λιβάζω,

225 2083 309 2125 quod
332 2084 450 2115 stillare
469 2084 644 2125 significat:
670 2085 752 2115 unde
773 2084 886 2125 Λιβάς,

227 2139 327 2173 gutta,
344 2133 392 2164 vel
408 2132 573 2174 scaturigo.
610 2134 738 2164 Μῐογι.

268 2183 321 2213 29.
345 2183 459 2224 Sagave
485 2182 623 2213 Poeniceu.
647 2184 749 2223 ἀζήλὶἰ
769 2184 886 2213 narnium

224 2232 321 2272 cerm]
349 2232 449 2262 Locus
465 2241 527 2262 non
549 2232 623 2262 satis
646 2231 824 2263 intellectus
847 2233 885 2262 ab

225 2280 455 2322 interpretibus.
513 2281 682 2322 Duplicem
725 2280 887 2311 defixionis

226 2330 357 2371 magicae
371 2330 497 2361 modum
510 2341 528 2361 a
542 2331 666 2360 Nasone
683 2329 816 2360 describi
832 2331 885 2360 ob-

224 2389 394 2415 servamus,
420 2390 482 2420 qua
506 2380 666 2410 absentem
691 2378 887 2409 devovebant

223 2437 306 2469 sagae
335 2438 578 2468 quemcumque.
624 2427 766 2458 Alterum
793 2427 889 2457 babes

226 2475 417 2517 Hypsipyles
433 2476 573 2517 Epistola
583 2475 624 2506 vi.
640 2477 694 2506 91.
712 2475 750 2506 de
761 2476 888 2510 Medea,

232 2524 356 2555 Devovet
391 2527 521 2555 absentes
557 2525 776 2564 sinznlacfflque
805 2535 886 2554 ceren

215 2573 302 2612 gligit.
334 2572 512 2603 'Saeviebant
528 2572 672 2603 nimirum
687 2572 776 2613 stylis
793 2572 888 2603 oeneis

227 2621 383 2652 acubusve
400 2621 546 2651 venefica:
570 2632 605 2651 ac
631 2632 729 2662 maga:
747 2620 779 2651 in
795 2622 887 2651 simu-

227 2669 311 2700 lacra
333 2681 370 2700 cx
397 2670 467 2700 cera
494 2670 626 2700 formata
649 2670 687 2700 ad
713 2669 889 2700 similitudi-

229 2728 298 2748 nem
337 2718 468 2753 illorum,
499 2730 576 2759 quos
605 2717 803 2748 devovendus
833 2718 890 2748 sibi

1555 1478 1619 1522 40

952 1694 1176 1736 proponebant,
1208 1692 1323 1723 additis
1360 1690 1616 1722 incantamentis.

954 1752 1185 1783 nonnumquam
1203 1747 1233 1772 et
1248 1740 1312 1781 igni
1329 1740 1537 1771 admovebant
1552 1739 1618 1769 haee

953 1791 1130 1827 simulacra,
1155 1791 1199 1820 sic
1221 1797 1254 1820 ut
1278 1789 1443 1831 paullatim
1466 1788 1620 1829 liquesce-

954 1848 1032 1870 rent.
1065 1850 1127 1881 qua
1155 1839 1193 1869 de
1231 1849 1263 1869 re
1292 1838 1388 1868 habes
1422 1837 1561 1867 nonnihil
1590 1837 1621 1868 in

959 1888 1215 1919 Pliarmaceutria
1241 1887 1429 1927 Virgiliana.
1479 1885 1619 1916 Alterum

956 1938 1177 1968 incantamenti
1191 1947 1227 1967 ac
1238 1935 1411 1966 devotionis
1423 1944 1534 1975 genuS,
1547 1945 1618 1965 cum

955 1986 1081 2016 tabellis
1105 1984 1317 2015 inscribebant
1336 1983 1459 2014 illorum
1483 1983 1621 2016 nomina.

956 2046 1034 2076 quos
1049 2035 1166 2065 defixos
1182 2044 1217 2064 ac
1231 2033 1361 2064 devotos
1377 2032 1556 2074 cupiebant.
1568 2043 1620 2063 ea-

955 2084 1090 2125 demque
1117 2082 1241 2113 nomina
1266 2081 1345 2123 pari,
1363 2086 1396 2111 ut
1421 2080 1539 2111 dictum
1563 2088 1622 2117 cst,

956 2133 1046 2163 inodo
1061 2132 1292 2167 confodiebant,
1309 2138 1362 2161 aut
1386 2129 1619 2172 imprecationi-

956 2182 1013 2212 bus
1029 2181 1192 2222 adscriptis
1207 2180 1414 2215 devovtbant,
1430 2185 1462 2209 ut
1486 2189 1556 2209 mox
1574 2179 1619 2209 vi-

954 2229 1109 2260 debimus.
1134 2229 1281 2259 Tabellas
1295 2229 1365 2259 cera
1381 2229 1472 2259 rubra
1485 2227 1620 2269 plerum-

954 2289 1015 2319 que
1024 2277 1137 2308 oblitas
1149 2277 1243 2308 fuisse
1258 2276 1406 2307 discimus
1418 2287 1455 2307 ev
1469 2276 1618 2307 Amorum

955 2327 1032 2358 libro
1058 2326 1156 2368 primo
1173 2327 1283 2367 Elegia
1300 2326 1353 2357 xii.
1378 2326 1431 2357 nbi
1457 2325 1537 2356 inter
1560 2325 1620 2356 alia

956 2375 995 2406 azl
1011 2386 1113 2406 ceram
1132 2375 1331 2407 tabellarem:

1000 2426 1207 2464 Al,tumqnam
1226 2425 1617 2464 711i11io‚pm1il1tsmedicam

1086 2476 1219 2510 rubebas,

1044 2523 1098 2552 Ille
1111 2524 1188 2552 color
1202 2534 1266 2553 vere
1281 2522 1529 2563 sanguinolentus
1542 2529 1617 2551 erut.

958 2572 1000 2602 Ut
1011 2571 1077 2612 jam
1094 2570 1308 2611 intelligamus
1323 2581 1387 2605 cur,
1402 2581 1468 2599 cvra
1487 2570 1619 2599 l'nniceu

956 2621 1045 2661 ‹Izfigi
1074 2622 1192 2650 nomina
1221 2619 1333 2650 dixerit
1361 2620 1409 2649 bic
1439 2618 1496 2648 loci
1523 2618 1622 2649 Naso.

960 2669 1077 2699 llrzixs.

1009 2769 1097 2798 l2e2
