<?xml version="1.0" encoding="UTF-8"?>
<!DOCTYPE html PUBLIC "-//W3C//DTD XHTML 1.0 Transitional//EN"
    "http://www.w3.org/TR/xhtml1/DTD/xhtml1-transitional.dtd">
<html xmlns="http://www.w3.org/1999/xhtml" xml:lang="en" lang="en">
 <head>
  <title>
</title>
<meta http-equiv="Content-Type" content="text/html;charset=utf-8" />
  <meta name='ocr-system' content='tesseract 3.04.00' />
  <meta name='ocr-capabilities' content='ocr_page ocr_carea ocr_par ocr_line ocrx_word'/>
</head>
<body>
  <div class='ocr_page' id='page_1' title='image "./povidiinasonisop01oviduoft_0291.png"; bbox 0 0 1849 3198; ppageno 0'>
   <div class='ocr_carea' id='block_1_1' title="bbox 622 194 1262 237">
    <p class='ocr_par' dir='ltr' id='par_1_1' title="bbox 622 194 1262 237">
     <span class='ocr_line' id='line_1_1' title="bbox 622 194 1262 237; baseline -0.005 1"><span class='ocrx_word' id='word_1_1' title='bbox 622 194 967 237; x_wconf 87' lang='lat' dir='ltr'>HEROIDES.</span> <span class='ocrx_word' id='word_1_2' title='bbox 1001 194 1094 236; x_wconf 91' lang='grc' dir='ltr'>ΕΡ.</span> <span class='ocrx_word' id='word_1_3' title='bbox 1126 194 1262 236; x_wconf 93' lang='lat' dir='ltr'><strong>XVI.</strong></span> 
     </span>
    </p>
   </div>
   <div class='ocr_carea' id='block_1_2' title="bbox 1549 196 1634 238">
    <p class='ocr_par' dir='ltr' id='par_1_2' title="bbox 1549 196 1634 238">
     <span class='ocr_line' id='line_1_2' title="bbox 1549 196 1634 238; baseline 0 0"><span class='ocrx_word' id='word_1_4' title='bbox 1549 196 1634 238; x_wconf 79' lang='lat'>207</span> 
     </span>
    </p>
   </div>
   <div class='ocr_carea' id='block_1_3' title="bbox 248 308 1625 374">
    <p class='ocr_par' dir='ltr' id='par_1_3' title="bbox 248 308 1625 374">
     <span class='ocr_line' id='line_1_3' title="bbox 248 308 1625 374; baseline 0.003 -19"><span class='ocrx_word' id='word_1_5' title='bbox 248 308 490 373; x_wconf 88' lang='lat' dir='ltr'>Imposita</span> <span class='ocrx_word' id='word_1_6' title='bbox 508 318 585 358; x_wconf 92' lang='lat' dir='ltr'>est</span> <span class='ocrx_word' id='word_1_7' title='bbox 609 310 750 358; x_wconf 86' lang='lat' dir='ltr'>factae</span> <span class='ocrx_word' id='word_1_8' title='bbox 777 317 1044 374; x_wconf 78' lang='lat' dir='ltr'>postquam</span> <span class='ocrx_word' id='word_1_9' title='bbox 1068 326 1244 357; x_wconf 87' lang='lat' dir='ltr'>manus</span> <span class='ocrx_word' id='word_1_10' title='bbox 1263 310 1437 358; x_wconf 90' lang='lat' dir='ltr'>ultima</span> <span class='ocrx_word' id='word_1_11' title='bbox 1455 312 1625 370; x_wconf 83' lang='lat' dir='ltr'>classi3</span> 
     </span>
    </p>
   </div>
   <div class='ocr_carea' id='block_1_4' title="bbox 312 386 1267 451">
    <p class='ocr_par' dir='ltr' id='par_1_4' title="bbox 312 386 1267 451">
     <span class='ocr_line' id='line_1_4' title="bbox 312 386 1267 451; baseline 0.002 -18"><span class='ocrx_word' id='word_1_12' title='bbox 312 386 546 435; x_wconf 86' lang='lat' dir='ltr'>Protinus</span> <span class='ocrx_word' id='word_1_13' title='bbox 571 388 755 451; x_wconf 86' lang='lat' dir='ltr'>AEgaeis</span> <span class='ocrx_word' id='word_1_14' title='bbox 780 388 849 435; x_wconf 91' lang='lat' dir='ltr'>ire</span> <span class='ocrx_word' id='word_1_15' title='bbox 867 388 1082 450; x_wconf 89' lang='lat' dir='ltr'>jubebar</span> <span class='ocrx_word' id='word_1_16' title='bbox 1107 388 1267 450; x_wconf 90' lang='lat' dir='ltr'>aquis.</span> 
     </span>
    </p>
   </div>
   <div class='ocr_carea' id='block_1_5' title="bbox 1538 392 1629 437">
    <p class='ocr_par' dir='ltr' id='par_1_5' title="bbox 1538 392 1629 437">
     <span class='ocr_line' id='line_1_5' title="bbox 1538 392 1629 437; baseline 0.011 -1"><span class='ocrx_word' id='word_1_17' title='bbox 1538 392 1629 437; x_wconf 87' lang='grc'>116</span> 
     </span>
    </p>
   </div>
   <div class='ocr_carea' id='block_1_6' title="bbox 247 462 1584 682">
    <p class='ocr_par' dir='ltr' id='par_1_6' title="bbox 247 462 1584 682">
     <span class='ocr_line' id='line_1_6' title="bbox 248 462 1584 528; baseline 0.003 -18"><span class='ocrx_word' id='word_1_18' title='bbox 248 462 313 511; x_wconf 86' lang='lat' dir='ltr'>Et</span> <span class='ocrx_word' id='word_1_19' title='bbox 337 472 478 527; x_wconf 88' lang='lat' dir='ltr'>pater</span> <span class='ocrx_word' id='word_1_20' title='bbox 501 473 551 513; x_wconf 93' lang='lat' dir='ltr'>et</span> <span class='ocrx_word' id='word_1_21' title='bbox 575 466 802 528; x_wconf 82' lang='lat' dir='ltr'>genetrix</span> <span class='ocrx_word' id='word_1_22' title='bbox 828 464 1053 511; x_wconf 82' lang='lat' dir='ltr'>inhibent</span> <span class='ocrx_word' id='word_1_23' title='bbox 1076 480 1189 511; x_wconf 90' lang='lat' dir='ltr'>mea</span> <span class='ocrx_word' id='word_1_24' title='bbox 1211 472 1326 512; x_wconf 92' lang='lat' dir='ltr'>vota</span> <span class='ocrx_word' id='word_1_25' title='bbox 1349 467 1584 528; x_wconf 82' lang='lat' dir='ltr'>rogand0‚</span> 
     </span>
     <span class='ocr_line' id='line_1_7' title="bbox 313 541 1394 606; baseline 0.003 -19"><span class='ocrx_word' id='word_1_26' title='bbox 313 541 734 606; x_wconf 85' lang='lat' dir='ltr'>Propositumque</span> <span class='ocrx_word' id='word_1_27' title='bbox 759 542 842 606; x_wconf 69' lang='lat' dir='ltr'>pia</span> <span class='ocrx_word' id='word_1_28' title='bbox 865 557 986 588; x_wconf 87' lang='lat' dir='ltr'>voce</span> <span class='ocrx_word' id='word_1_29' title='bbox 1010 548 1263 588; x_wconf 88' lang='lat' dir='ltr'>morantur</span> <span class='ocrx_word' id='word_1_30' title='bbox 1287 542 1394 590; x_wconf 90' lang='lat' dir='ltr'>iter.</span> 
     </span>
     <span class='ocr_line' id='line_1_8' title="bbox 247 617 1454 682; baseline 0.002 -18"><span class='ocrx_word' id='word_1_31' title='bbox 247 617 312 665; x_wconf 86' lang='lat' dir='ltr'>Et</span> <span class='ocrx_word' id='word_1_32' title='bbox 337 635 472 667; x_wconf 92' lang='lat' dir='ltr'>soror</span> <span class='ocrx_word' id='word_1_33' title='bbox 497 620 682 675; x_wconf 87' lang='lat' dir='ltr'>effusis,</span> <span class='ocrx_word' id='word_1_34' title='bbox 710 626 765 666; x_wconf 91' lang='lat' dir='ltr'>ut</span> <span class='ocrx_word' id='word_1_35' title='bbox 789 626 909 675; x_wconf 87' lang='lat' dir='ltr'>erat,</span> <span class='ocrx_word' id='word_1_36' title='bbox 939 618 1224 666; x_wconf 86' lang='lat' dir='ltr'>Cassandra</span> <span class='ocrx_word' id='word_1_37' title='bbox 1247 619 1454 682; x_wconf 80' lang='lat' dir='ltr'>capillis,</span> 
     </span>
    </p>
   </div>
   <div class='ocr_carea' id='block_1_7' title="bbox 314 695 1436 759">
    <p class='ocr_par' dir='ltr' id='par_1_7' title="bbox 314 695 1436 759">
     <span class='ocr_line' id='line_1_9' title="bbox 314 695 1436 759; baseline 0.002 -18"><span class='ocrx_word' id='word_1_38' title='bbox 314 695 443 742; x_wconf 90' lang='lat' dir='ltr'>Cum</span> <span class='ocrx_word' id='word_1_39' title='bbox 467 697 651 744; x_wconf 89' lang='lat' dir='ltr'>vellent</span> <span class='ocrx_word' id='word_1_40' title='bbox 674 703 853 743; x_wconf 87' lang='lat' dir='ltr'>nostrae</span> <span class='ocrx_word' id='word_1_41' title='bbox 874 697 978 759; x_wconf 87' lang='lat' dir='ltr'>jam</span> <span class='ocrx_word' id='word_1_42' title='bbox 1003 696 1120 742; x_wconf 90' lang='lat' dir='ltr'>dare</span> <span class='ocrx_word' id='word_1_43' title='bbox 1146 695 1256 742; x_wconf 89' lang='lat' dir='ltr'>vela</span> <span class='ocrx_word' id='word_1_44' title='bbox 1279 703 1436 753; x_wconf 82' lang='lat' dir='ltr'>rates3</span> 
     </span>
    </p>
   </div>
   <div class='ocr_carea' id='block_1_8' title="bbox 1538 700 1629 744">
    <p class='ocr_par' dir='ltr' id='par_1_8' title="bbox 1538 700 1629 744">
     <span class='ocr_line' id='line_1_10' title="bbox 1538 700 1629 744; baseline 0.011 -1"><span class='ocrx_word' id='word_1_45' title='bbox 1538 700 1629 744; x_wconf 92' lang='lat' dir='ltr'>12O</span> 
     </span>
    </p>
   </div>
   <div class='ocr_carea' id='block_1_9' title="bbox 247 770 1628 1380">
    <p class='ocr_par' dir='ltr' id='par_1_9' title="bbox 247 770 1628 1380">
     <span class='ocr_line' id='line_1_11' title="bbox 247 770 1525 831; baseline 0.001 -13"><span class='ocrx_word' id='word_1_46' title='bbox 247 770 358 825; x_wconf 87' lang='lat' dir='ltr'>Quo</span> <span class='ocrx_word' id='word_1_47' title='bbox 384 774 517 821; x_wconf 79' lang='lat' dir='ltr'>ruis?</span> <span class='ocrx_word' id='word_1_48' title='bbox 554 774 832 830; x_wconf 80' lang='lat' dir='ltr'>exclamat3</span> <span class='ocrx_word' id='word_1_49' title='bbox 873 772 1054 820; x_wconf 88' lang='lat' dir='ltr'>referes</span> <span class='ocrx_word' id='word_1_50' title='bbox 1080 772 1309 819; x_wconf 86' lang='lat' dir='ltr'>incendia</span> <span class='ocrx_word' id='word_1_51' title='bbox 1333 779 1525 831; x_wconf 78' lang='lat' dir='ltr'>tecum3</span> 
     </span>
     <span class='ocr_line' id='line_1_12' title="bbox 314 849 1609 915; baseline 0.002 -19"><span class='ocrx_word' id='word_1_52' title='bbox 314 849 511 904; x_wconf 84' lang='lat' dir='ltr'>Quanta</span> <span class='ocrx_word' id='word_1_53' title='bbox 535 868 623 915; x_wconf 90' lang='lat' dir='ltr'>per</span> <span class='ocrx_word' id='word_1_54' title='bbox 648 852 753 907; x_wconf 88' lang='lat' dir='ltr'>has,</span> <span class='ocrx_word' id='word_1_55' title='bbox 781 851 962 907; x_wconf 85' lang='lat' dir='ltr'>nescis,</span> <span class='ocrx_word' id='word_1_56' title='bbox 989 851 1190 898; x_wconf 87' lang='lat' dir='ltr'>flamma</span> <span class='ocrx_word' id='word_1_57' title='bbox 1213 857 1411 914; x_wconf 85' lang='lat' dir='ltr'>petatur</span> <span class='ocrx_word' id='word_1_58' title='bbox 1436 868 1609 915; x_wconf 86' lang='lat' dir='ltr'>aquas.</span> 
     </span>
     <span class='ocr_line' id='line_1_13' title="bbox 247 926 1353 991; baseline 0.004 -19"><span class='ocrx_word' id='word_1_59' title='bbox 247 926 378 974; x_wconf 88' lang='lat' dir='ltr'>Vera</span> <span class='ocrx_word' id='word_1_60' title='bbox 401 927 493 975; x_wconf 87' lang='lat' dir='ltr'>fuit</span> <span class='ocrx_word' id='word_1_61' title='bbox 516 936 670 985; x_wconf 88' lang='lat' dir='ltr'>vates,</span> <span class='ocrx_word' id='word_1_62' title='bbox 697 929 858 976; x_wconf 89' lang='lat' dir='ltr'>dictos</span> <span class='ocrx_word' id='word_1_63' title='bbox 883 929 1160 976; x_wconf 85' lang='lat' dir='ltr'>invenimus</span> <span class='ocrx_word' id='word_1_64' title='bbox 1185 929 1353 991; x_wconf 81' lang='lat' dir='ltr'>ignes:</span> 
     </span>
     <span class='ocr_line' id='line_1_14' title="bbox 312 1003 1372 1069; baseline 0.001 -18"><span class='ocrx_word' id='word_1_65' title='bbox 312 1003 378 1051; x_wconf 90' lang='lat' dir='ltr'>Et</span> <span class='ocrx_word' id='word_1_66' title='bbox 401 1005 532 1053; x_wconf 87' lang='lat' dir='ltr'>ferus</span> <span class='ocrx_word' id='word_1_67' title='bbox 558 1007 607 1053; x_wconf 89' lang='lat' dir='ltr'>in</span> <span class='ocrx_word' id='word_1_68' title='bbox 633 1006 767 1053; x_wconf 91' lang='lat' dir='ltr'>molli</span> <span class='ocrx_word' id='word_1_69' title='bbox 792 1013 994 1069; x_wconf 82' lang='lat' dir='ltr'>pectore</span> <span class='ocrx_word' id='word_1_70' title='bbox 1020 1006 1196 1068; x_wconf 80' lang='lat' dir='ltr'>flagrat</span> <span class='ocrx_word' id='word_1_71' title='bbox 1221 1022 1372 1052; x_wconf 89' lang='lat' dir='ltr'>amor.</span> 
     </span>
     <span class='ocr_line' id='line_1_15' title="bbox 247 1080 1628 1146; baseline 0.004 -20"><span class='ocrx_word' id='word_1_72' title='bbox 247 1080 498 1129; x_wconf 85' lang='lat' dir='ltr'>Portubus</span> <span class='ocrx_word' id='word_1_73' title='bbox 525 1083 776 1146; x_wconf 79' lang='lat' dir='ltr'>egredior;</span> <span class='ocrx_word' id='word_1_74' title='bbox 806 1083 1067 1146; x_wconf 79' lang='lat' dir='ltr'>ventisque</span> <span class='ocrx_word' id='word_1_75' title='bbox 1092 1082 1364 1130; x_wconf 89' lang='lat' dir='ltr'>ferentibus</span> <span class='ocrx_word' id='word_1_76' title='bbox 1389 1100 1506 1130; x_wconf 92' lang='lat' dir='ltr'>usus</span> <span class='ocrx_word' id='word_1_77' title='bbox 1538 1087 1628 1131; x_wconf 86' lang='lat'>125</span> 
     </span>
     <span class='ocr_line' id='line_1_16' title="bbox 311 1158 1450 1224; baseline 0.002 -19"><span class='ocrx_word' id='word_1_78' title='bbox 311 1158 549 1224; x_wconf 88' lang='lat' dir='ltr'>Adplicor</span> <span class='ocrx_word' id='word_1_79' title='bbox 572 1161 621 1207; x_wconf 87' lang='lat' dir='ltr'>in</span> <span class='ocrx_word' id='word_1_80' title='bbox 645 1168 818 1217; x_wconf 86' lang='lat' dir='ltr'>terras,</span> <span class='ocrx_word' id='word_1_81' title='bbox 847 1161 1013 1208; x_wconf 89' lang='lat' dir='ltr'>OEbali</span> <span class='ocrx_word' id='word_1_82' title='bbox 1041 1161 1294 1224; x_wconf 82' lang='lat' dir='ltr'>Nympha,</span> <span class='ocrx_word' id='word_1_83' title='bbox 1321 1168 1450 1208; x_wconf 86' lang='lat' dir='ltr'>tuas.</span> 
     </span>
     <span class='ocr_line' id='line_1_17' title="bbox 247 1234 1607 1302; baseline 0.003 -20"><span class='ocrx_word' id='word_1_84' title='bbox 247 1234 449 1301; x_wconf 81' lang='lat' dir='ltr'>Excipit</span> <span class='ocrx_word' id='word_1_85' title='bbox 472 1238 686 1302; x_wconf 87' lang='lat' dir='ltr'>hospitio</span> <span class='ocrx_word' id='word_1_86' title='bbox 705 1238 777 1285; x_wconf 85' lang='lat' dir='ltr'>vir</span> <span class='ocrx_word' id='word_1_87' title='bbox 801 1255 880 1286; x_wconf 91' lang='lat' dir='ltr'>me</span> <span class='ocrx_word' id='word_1_88' title='bbox 906 1245 1036 1286; x_wconf 90' lang='lat' dir='ltr'>tuus.</span> <span class='ocrx_word' id='word_1_89' title='bbox 1076 1239 1168 1286; x_wconf 92' lang='lat' dir='ltr'>hoc</span> <span class='ocrx_word' id='word_1_90' title='bbox 1195 1255 1397 1302; x_wconf 90' lang='lat' dir='ltr'>quoque</span> <span class='ocrx_word' id='word_1_91' title='bbox 1422 1238 1607 1287; x_wconf 88' lang='lat' dir='ltr'>factum</span> 
     </span>
     <span class='ocr_line' id='line_1_18' title="bbox 314 1314 1413 1380; baseline 0.003 -20"><span class='ocrx_word' id='word_1_92' title='bbox 314 1314 430 1362; x_wconf 92' lang='lat' dir='ltr'>Non</span> <span class='ocrx_word' id='word_1_93' title='bbox 455 1316 560 1364; x_wconf 89' lang='lat' dir='ltr'>sine</span> <span class='ocrx_word' id='word_1_94' title='bbox 586 1317 791 1364; x_wconf 87' lang='lat' dir='ltr'>consilio</span> <span class='ocrx_word' id='word_1_95' title='bbox 817 1317 1203 1380; x_wconf 87' lang='lat' dir='ltr'>numinibusque</span> <span class='ocrx_word' id='word_1_96' title='bbox 1232 1316 1413 1364; x_wconf 76' lang='lat' dir='ltr'>Deum.</span> 
     </span>
    </p>
   </div>
   <div class='ocr_carea' id='block_1_10' title="bbox 238 1461 904 2788">
    <p class='ocr_par' dir='ltr' id='par_1_10' title="bbox 244 1461 904 1702">
     <span class='ocr_line' id='line_1_19' title="bbox 245 1461 902 1506; baseline 0.005 -15"><span class='ocrx_word' id='word_1_97' title='bbox 245 1471 307 1502; x_wconf 87' lang='lat' dir='ltr'>quo</span> <span class='ocrx_word' id='word_1_98' title='bbox 324 1461 351 1491; x_wconf 89' lang='lat' dir='ltr'>I.</span> <span class='ocrx_word' id='word_1_99' title='bbox 370 1462 412 1492; x_wconf 90' lang='lat' dir='ltr'>O.</span> <span class='ocrx_word' id='word_1_100' title='bbox 429 1462 476 1492; x_wconf 86' lang='lat' dir='ltr'>M.</span> <span class='ocrx_word' id='word_1_101' title='bbox 493 1462 610 1493; x_wconf 67' lang='lat' dir='ltr'>Spoxs.</span> <span class='ocrx_word' id='word_1_102' title='bbox 633 1463 705 1493; x_wconf 67' lang='lat' dir='ltr'>Sne.</span> <span class='ocrx_word' id='word_1_103' title='bbox 722 1463 812 1495; x_wconf 72' lang='lat' dir='ltr'>Arc.</span> <span class='ocrx_word' id='word_1_104' title='bbox 836 1464 902 1506; x_wconf 91' lang='lat' dir='ltr'>ple-</span> 
     </span>
     <span class='ocr_line' id='line_1_20' title="bbox 244 1511 902 1554; baseline 0.005 -13"><span class='ocrx_word' id='word_1_105' title='bbox 244 1511 314 1541; x_wconf 86' lang='lat' dir='ltr'>nius</span> <span class='ocrx_word' id='word_1_106' title='bbox 338 1522 410 1542; x_wconf 87' lang='lat' dir='ltr'>vero</span> <span class='ocrx_word' id='word_1_107' title='bbox 429 1517 476 1542; x_wconf 85' lang='lat' dir='ltr'>est</span> <span class='ocrx_word' id='word_1_108' title='bbox 494 1514 644 1552; x_wconf 79' lang='lat' dir='ltr'>spondere,</span> <span class='ocrx_word' id='word_1_109' title='bbox 666 1524 760 1554; x_wconf 87' lang='lat' dir='ltr'>quarn</span> <span class='ocrx_word' id='word_1_110' title='bbox 777 1516 902 1553; x_wconf 74' lang='lat' dir='ltr'>promit-</span> 
     </span>
     <span class='ocr_line' id='line_1_21' title="bbox 246 1560 728 1593; baseline 0.006 -3"><span class='ocrx_word' id='word_1_111' title='bbox 246 1567 317 1592; x_wconf 79' lang='lat' dir='ltr'>tere.</span> <span class='ocrx_word' id='word_1_112' title='bbox 348 1561 466 1591; x_wconf 77' lang='lat' dir='ltr'>Statius</span> <span class='ocrx_word' id='word_1_113' title='bbox 478 1560 513 1592; x_wconf 87' lang='lat' dir='ltr'>ii.</span> <span class='ocrx_word' id='word_1_114' title='bbox 526 1561 634 1592; x_wconf 79' lang='lat' dir='ltr'>Achil.</span> <span class='ocrx_word' id='word_1_115' title='bbox 652 1563 728 1593; x_wconf 84' lang='lat'>284.</span> 
     </span>
     <span class='ocr_line' id='line_1_22' title="bbox 330 1610 904 1653; baseline 0.005 -13"><span class='ocrx_word' id='word_1_116' title='bbox 330 1610 904 1653; x_wconf 71' lang='lat' dir='ltr'>Solaturjuratquefidem5jztrataque</span> 
     </span>
     <span class='ocr_line' id='line_1_23' title="bbox 361 1661 445 1702; baseline 0 -11"><span class='ocrx_word' id='word_1_117' title='bbox 361 1661 445 1702; x_wconf 80' lang='lat' dir='ltr'>fletu</span> 
     </span>
    </p>

    <p class='ocr_par' dir='ltr' id='par_1_11' title="bbox 287 1710 902 1752">
     <span class='ocr_line' id='line_1_24' title="bbox 287 1710 902 1752; baseline 0.003 -12"><span class='ocrx_word' id='word_1_118' title='bbox 287 1711 426 1750; x_wconf 76' lang='lat' dir='ltr'>Spondet,</span> <span class='ocrx_word' id='word_1_119' title='bbox 451 1717 480 1740; x_wconf 76' lang='lat' dir='ltr'>et</span> <span class='ocrx_word' id='word_1_120' title='bbox 506 1712 639 1752; x_wconf 74' lang='lat' dir='ltr'>ingentes</span> <span class='ocrx_word' id='word_1_121' title='bbox 653 1710 808 1752; x_wconf 75' lang='lat' dir='ltr'>fizmulas,</span> <span class='ocrx_word' id='word_1_122' title='bbox 833 1724 902 1752; x_wconf 80' lang='lat' dir='ltr'>cap-</span> 
     </span>
    </p>

    <p class='ocr_par' dir='ltr' id='par_1_12' title="bbox 373 1767 640 1801">
     <span class='ocr_line' id='line_1_25' title="bbox 373 1767 640 1801; baseline 0 -11"><span class='ocrx_word' id='word_1_123' title='bbox 373 1767 493 1801; x_wconf 79' lang='lat' dir='ltr'>tumque</span> <span class='ocrx_word' id='word_1_124' title='bbox 508 1771 640 1790; x_wconf 68' lang='lat' dir='ltr'>reversus</span> 
     </span>
    </p>

    <p class='ocr_par' dir='ltr' id='par_1_13' title="bbox 288 1809 902 1851">
     <span class='ocr_line' id='line_1_26' title="bbox 288 1809 902 1851; baseline 0.005 -12"><span class='ocrx_word' id='word_1_125' title='bbox 288 1809 380 1845; x_wconf 76' lang='lat' dir='ltr'>Ilion,</span> <span class='ocrx_word' id='word_1_126' title='bbox 395 1816 422 1839; x_wconf 81' lang='lat' dir='ltr'>et</span> <span class='ocrx_word' id='word_1_127' title='bbox 446 1810 588 1851; x_wconf 56' lang='lat' dir='ltr'>Phrygiae</span> <span class='ocrx_word' id='word_1_128' title='bbox 606 1812 755 1849; x_wconf 75' lang='lat' dir='ltr'>promittit</span> <span class='ocrx_word' id='word_1_129' title='bbox 776 1822 902 1842; x_wconf 78' lang='lat' dir='ltr'>munera</span> 
     </span>
    </p>

    <p class='ocr_par' dir='ltr' id='par_1_14' title="bbox 243 1859 903 2337">
     <span class='ocr_line' id='line_1_27' title="bbox 373 1859 472 1889; baseline 0.01 -1"><span class='ocrx_word' id='word_1_130' title='bbox 373 1859 472 1889; x_wconf 76' lang='lat' dir='ltr'>Gazae.</span> 
     </span>
     <span class='ocr_line' id='line_1_28' title="bbox 244 1906 902 1948; baseline 0.002 -11"><span class='ocrx_word' id='word_1_131' title='bbox 244 1909 413 1948; x_wconf 79' lang='lat' dir='ltr'>Sponsorem</span> <span class='ocrx_word' id='word_1_132' title='bbox 430 1918 514 1942; x_wconf 86' lang='lat' dir='ltr'>vcro,</span> <span class='ocrx_word' id='word_1_133' title='bbox 530 1912 564 1937; x_wconf 91' lang='lat' dir='ltr'>ut</span> <span class='ocrx_word' id='word_1_134' title='bbox 578 1906 712 1948; x_wconf 83' lang='lat' dir='ltr'>plurima</span> <span class='ocrx_word' id='word_1_135' title='bbox 729 1907 816 1943; x_wconf 82' lang='lat' dir='ltr'>talia,</span> <span class='ocrx_word' id='word_1_136' title='bbox 829 1920 902 1938; x_wconf 79' lang='lat' dir='ltr'>auc-</span> 
     </span>
     <span class='ocr_line' id='line_1_29' title="bbox 246 1956 901 1998; baseline 0 -10"><span class='ocrx_word' id='word_1_137' title='bbox 246 1965 304 1993; x_wconf 78' lang='lat' dir='ltr'>tor,</span> <span class='ocrx_word' id='word_1_138' title='bbox 329 1969 482 1993; x_wconf 68' lang='lat' dir='ltr'>successor,</span> <span class='ocrx_word' id='word_1_139' title='bbox 507 1959 652 1998; x_wconf 71' lang='lat' dir='ltr'>signator,</span> <span class='ocrx_word' id='word_1_140' title='bbox 679 1956 827 1988; x_wconf 86' lang='lat' dir='ltr'>feminino</span> <span class='ocrx_word' id='word_1_141' title='bbox 847 1968 901 1998; x_wconf 84' lang='lat' dir='ltr'>ge-</span> 
     </span>
     <span class='ocr_line' id='line_1_30' title="bbox 245 2006 902 2047; baseline -0.003 -8"><span class='ocrx_word' id='word_1_142' title='bbox 245 2018 317 2039; x_wconf 82' lang='lat' dir='ltr'>nere</span> <span class='ocrx_word' id='word_1_143' title='bbox 333 2006 406 2043; x_wconf 87' lang='lat' dir='ltr'>dici,</span> <span class='ocrx_word' id='word_1_144' title='bbox 423 2007 528 2037; x_wconf 85' lang='lat' dir='ltr'>docuit</span> <span class='ocrx_word' id='word_1_145' title='bbox 545 2006 612 2047; x_wconf 84' lang='lat' dir='ltr'>jam</span> <span class='ocrx_word' id='word_1_146' title='bbox 635 2006 751 2047; x_wconf 83' lang='lat' dir='ltr'>Scalig.</span> <span class='ocrx_word' id='word_1_147' title='bbox 769 2006 808 2037; x_wconf 88' lang='lat' dir='ltr'>ad</span> <span class='ocrx_word' id='word_1_148' title='bbox 831 2007 902 2038; x_wconf 81' lang='lat' dir='ltr'>Ma-</span> 
     </span>
     <span class='ocr_line' id='line_1_31' title="bbox 245 2055 901 2088; baseline -0.002 0"><span class='ocrx_word' id='word_1_149' title='bbox 245 2057 300 2088; x_wconf 90' lang='lat' dir='ltr'>nil.</span> <span class='ocrx_word' id='word_1_150' title='bbox 315 2057 371 2087; x_wconf 87' lang='lat' dir='ltr'>lib.</span> <span class='ocrx_word' id='word_1_151' title='bbox 391 2069 420 2087; x_wconf 91' lang='lat' dir='ltr'>v.</span> <span class='ocrx_word' id='word_1_152' title='bbox 439 2067 518 2086; x_wconf 81' lang='lat' dir='ltr'>vers.</span> <span class='ocrx_word' id='word_1_153' title='bbox 542 2056 618 2086; x_wconf 82' lang='lat'>632.</span> <span class='ocrx_word' id='word_1_154' title='bbox 636 2055 675 2086; x_wconf 85' lang='lat' dir='ltr'>de</span> <span class='ocrx_word' id='word_1_155' title='bbox 699 2056 822 2086; x_wconf 73' lang='lat' dir='ltr'>Venere</span> <span class='ocrx_word' id='word_1_156' title='bbox 847 2067 901 2087; x_wconf 82' lang='lat' dir='ltr'>au-</span> 
     </span>
     <span class='ocr_line' id='line_1_32' title="bbox 245 2105 902 2148; baseline -0.002 -10"><span class='ocrx_word' id='word_1_157' title='bbox 245 2113 307 2139; x_wconf 87' lang='lat' dir='ltr'>tem</span> <span class='ocrx_word' id='word_1_158' title='bbox 337 2112 368 2137; x_wconf 89' lang='lat' dir='ltr'>et</span> <span class='ocrx_word' id='word_1_159' title='bbox 396 2105 566 2148; x_wconf 80' lang='lat' dir='ltr'>Cupidine,</span> <span class='ocrx_word' id='word_1_160' title='bbox 601 2105 786 2135; x_wconf 78' lang='lat' dir='ltr'>tutelaribus</span> <span class='ocrx_word' id='word_1_161' title='bbox 815 2106 902 2137; x_wconf 73' lang='lat' dir='ltr'>navis</span> 
     </span>
     <span class='ocr_line' id='line_1_33' title="bbox 246 2154 902 2190; baseline -0.003 -2"><span class='ocrx_word' id='word_1_162' title='bbox 246 2157 367 2188; x_wconf 84' lang='lat' dir='ltr'>Paridis</span> <span class='ocrx_word' id='word_1_163' title='bbox 395 2155 586 2190; x_wconf 82' lang='lat' dir='ltr'>numinibus,</span> <span class='ocrx_word' id='word_1_164' title='bbox 618 2154 689 2185; x_wconf 87' lang='lat' dir='ltr'>vide</span> <span class='ocrx_word' id='word_1_165' title='bbox 716 2155 836 2186; x_wconf 81' lang='lat' dir='ltr'>Meurs.</span> <span class='ocrx_word' id='word_1_166' title='bbox 862 2156 902 2186; x_wconf 84' lang='lat' dir='ltr'>ad</span> 
     </span>
     <span class='ocr_line' id='line_1_34' title="bbox 246 2205 903 2250; baseline -0.005 -12"><span class='ocrx_word' id='word_1_167' title='bbox 246 2206 398 2250; x_wconf 86' lang='lat' dir='ltr'>Lycophr.</span> <span class='ocrx_word' id='word_1_168' title='bbox 413 2206 483 2236; x_wconf 84' lang='lat'>110.</span> <span class='ocrx_word' id='word_1_169' title='bbox 510 2205 656 2235; x_wconf 69' lang='lat' dir='ltr'>Comitum</span> <span class='ocrx_word' id='word_1_170' title='bbox 667 2215 739 2234; x_wconf 86' lang='lat' dir='ltr'>vero</span> <span class='ocrx_word' id='word_1_171' title='bbox 754 2205 903 2244; x_wconf 73' lang='lat' dir='ltr'>Cupidine</span> 
     </span>
     <span class='ocr_line' id='line_1_35' title="bbox 243 2253 902 2296; baseline -0.002 -11"><span class='ocrx_word' id='word_1_172' title='bbox 243 2267 334 2296; x_wconf 77' lang='lat' dir='ltr'>parvo</span> <span class='ocrx_word' id='word_1_173' title='bbox 360 2255 454 2285; x_wconf 80' lang='lat' dir='ltr'>etiam</span> <span class='ocrx_word' id='word_1_174' title='bbox 483 2253 615 2284; x_wconf 87' lang='lat' dir='ltr'>occurrit</span> <span class='ocrx_word' id='word_1_175' title='bbox 643 2253 698 2283; x_wconf 91' lang='lat' dir='ltr'>lib.</span> <span class='ocrx_word' id='word_1_176' title='bbox 727 2253 759 2284; x_wconf 91' lang='lat' dir='ltr'>ii.</span> <span class='ocrx_word' id='word_1_177' title='bbox 783 2254 902 2285; x_wconf 76' lang='lat' dir='ltr'>Pastor.</span> 
     </span>
     <span class='ocr_line' id='line_1_36' title="bbox 246 2305 486 2337; baseline -0.017 0"><span class='ocrx_word' id='word_1_178' title='bbox 246 2307 320 2337; x_wconf 85' lang='lat'>463.</span> <span class='ocrx_word' id='word_1_179' title='bbox 368 2305 486 2335; x_wconf 68' lang='lat' dir='ltr'>Btnm.</span> 
     </span>
    </p>

    <p class='ocr_par' dir='ltr' id='par_1_15' title="bbox 238 2352 903 2788">
     <span class='ocr_line' id='line_1_37' title="bbox 292 2352 903 2395; baseline -0.003 -10"><span class='ocrx_word' id='word_1_180' title='bbox 292 2355 362 2385; x_wconf 84' lang='lat'>116.</span> <span class='ocrx_word' id='word_1_181' title='bbox 384 2354 493 2395; x_wconf 73' lang='lat' dir='ltr'>AEgaeis</span> <span class='ocrx_word' id='word_1_182' title='bbox 508 2353 688 2392; x_wconf 74' lang='lat' dir='ltr'>irejubebar</span> <span class='ocrx_word' id='word_1_183' title='bbox 701 2352 816 2393; x_wconf 58' lang='lat' dir='ltr'>aquis]</span> <span class='ocrx_word' id='word_1_184' title='bbox 844 2353 903 2383; x_wconf 82' lang='lat' dir='ltr'>Per</span> 
     </span>
     <span class='ocr_line' id='line_1_38' title="bbox 245 2401 902 2445; baseline -0.006 -9"><span class='ocrx_word' id='word_1_185' title='bbox 245 2406 380 2445; x_wconf 47' lang='lat' dir='ltr'>[ligeum</span> <span class='ocrx_word' id='word_1_186' title='bbox 394 2413 477 2433; x_wconf 82' lang='lat' dir='ltr'>mare</span> <span class='ocrx_word' id='word_1_187' title='bbox 492 2402 523 2432; x_wconf 89' lang='lat' dir='ltr'>in</span> <span class='ocrx_word' id='word_1_188' title='bbox 536 2402 691 2433; x_wconf 63' lang='lat' dir='ltr'>Graeciam</span> <span class='ocrx_word' id='word_1_189' title='bbox 704 2401 745 2433; x_wconf 85' lang='lat' dir='ltr'>ire</span> <span class='ocrx_word' id='word_1_190' title='bbox 757 2402 902 2442; x_wconf 80' lang='lat' dir='ltr'>jubebar,</span> 
     </span>
     <span class='ocr_line' id='line_1_39' title="bbox 245 2450 901 2486; baseline -0.003 -2"><span class='ocrx_word' id='word_1_191' title='bbox 245 2464 264 2484; x_wconf 78' lang='lat' dir='ltr'>a</span> <span class='ocrx_word' id='word_1_192' title='bbox 287 2453 363 2483; x_wconf 88' lang='lat' dir='ltr'>meis</span> <span class='ocrx_word' id='word_1_193' title='bbox 388 2451 459 2483; x_wconf 82' lang='lat' dir='ltr'>fatis</span> <span class='ocrx_word' id='word_1_194' title='bbox 479 2450 608 2486; x_wconf 81' lang='lat' dir='ltr'>scilicet,</span> <span class='ocrx_word' id='word_1_195' title='bbox 630 2456 683 2481; x_wconf 88' lang='lat' dir='ltr'>aut</span> <span class='ocrx_word' id='word_1_196' title='bbox 707 2450 901 2482; x_wconf 81' lang='lat' dir='ltr'>consiliariis.</span> 
     </span>
     <span class='ocr_line' id='line_1_40' title="bbox 246 2500 900 2544; baseline -0.006 -10"><span class='ocrx_word' id='word_1_197' title='bbox 246 2513 316 2534; x_wconf 79' lang='lat' dir='ltr'>nam</span> <span class='ocrx_word' id='word_1_198' title='bbox 338 2506 481 2544; x_wconf 83' lang='lat' dir='ltr'>parentes</span> <span class='ocrx_word' id='word_1_199' title='bbox 502 2505 533 2530; x_wconf 87' lang='lat' dir='ltr'>et</span> <span class='ocrx_word' id='word_1_200' title='bbox 556 2500 721 2542; x_wconf 89' lang='lat' dir='ltr'>propinqui</span> <span class='ocrx_word' id='word_1_201' title='bbox 741 2501 900 2536; x_wconf 83' lang='lat' dir='ltr'>vetabant,</span> 
     </span>
     <span class='ocr_line' id='line_1_41' title="bbox 246 2549 903 2593; baseline -0.006 -9"><span class='ocrx_word' id='word_1_202' title='bbox 246 2558 281 2584; x_wconf 88' lang='lat' dir='ltr'>ut</span> <span class='ocrx_word' id='word_1_203' title='bbox 309 2551 458 2593; x_wconf 87' lang='lat' dir='ltr'>sequitur.</span> <span class='ocrx_word' id='word_1_204' title='bbox 496 2550 685 2580; x_wconf 66' lang='lat' dir='ltr'>Mlcx&#39;Lu&#39;s.</span> <span class='ocrx_word' id='word_1_205' title='bbox 731 2550 760 2580; x_wconf 83' lang='lat' dir='ltr'>A</span> <span class='ocrx_word' id='word_1_206' title='bbox 789 2549 903 2590; x_wconf 86' lang='lat' dir='ltr'>quibus</span> 
     </span>
     <span class='ocr_line' id='line_1_42' title="bbox 246 2598 902 2642; baseline -0.006 -10"><span class='ocrx_word' id='word_1_207' title='bbox 246 2608 350 2632; x_wconf 83' lang='lat' dir='ltr'>autem</span> <span class='ocrx_word' id='word_1_208' title='bbox 362 2601 548 2642; x_wconf 65' lang='lat' dir='ltr'>jubebatur?</span> <span class='ocrx_word' id='word_1_209' title='bbox 572 2598 601 2628; x_wconf 77' lang='lat' dir='ltr'><strong>A</strong></span> <span class='ocrx_word' id='word_1_210' title='bbox 616 2599 796 2640; x_wconf 80' lang='lat' dir='ltr'>parentibus</span> <span class='ocrx_word' id='word_1_211' title='bbox 819 2605 902 2629; x_wconf 85' lang='lat' dir='ltr'>certe</span> 
     </span>
     <span class='ocr_line' id='line_1_43' title="bbox 247 2648 901 2691; baseline -0.005 -11"><span class='ocrx_word' id='word_1_212' title='bbox 247 2650 413 2681; x_wconf 84' lang='lat' dir='ltr'>inhibitum</span> <span class='ocrx_word' id='word_1_213' title='bbox 428 2648 571 2691; x_wconf 80' lang='lat' dir='ltr'>sequenti</span> <span class='ocrx_word' id='word_1_214' title='bbox 588 2659 677 2679; x_wconf 85' lang='lat' dir='ltr'>versu</span> <span class='ocrx_word' id='word_1_215' title='bbox 693 2648 748 2678; x_wconf 87' lang='lat' dir='ltr'>ait.</span> <span class='ocrx_word' id='word_1_216' title='bbox 790 2648 901 2678; x_wconf 79' lang='lat' dir='ltr'>I&#39;riscae</span> 
     </span>
     <span class='ocr_line' id='line_1_44' title="bbox 246 2697 902 2738; baseline -0.003 -9"><span class='ocrx_word' id='word_1_217' title='bbox 246 2699 398 2730; x_wconf 69' lang='lat' dir='ltr'>editiones</span> <span class='ocrx_word' id='word_1_218' title='bbox 411 2700 549 2738; x_wconf 72' lang='lat' dir='ltr'>J&#39;ubelml.</span> <span class='ocrx_word' id='word_1_219' title='bbox 593 2697 698 2728; x_wconf 81' lang='lat' dir='ltr'>Scribe</span> <span class='ocrx_word' id='word_1_220' title='bbox 722 2699 836 2727; x_wconf 67' lang='lat' dir='ltr'>lubebat</span> <span class='ocrx_word' id='word_1_221' title='bbox 854 2698 902 2727; x_wconf 80' lang='lat' dir='ltr'>vel</span> 
     </span>
     <span class='ocr_line' id='line_1_45' title="bbox 238 2747 901 2788; baseline -0.002 -11"><span class='ocrx_word' id='word_1_222' title='bbox 238 2751 381 2788; x_wconf 73' lang='lat' dir='ltr'>juvabat.</span> <span class='ocrx_word' id='word_1_223' title='bbox 414 2759 482 2779; x_wconf 81' lang='lat' dir='ltr'>nam</span> <span class='ocrx_word' id='word_1_224' title='bbox 513 2748 579 2778; x_wconf 77' lang='lat' dir='ltr'>haec</span> <span class='ocrx_word' id='word_1_225' title='bbox 607 2748 668 2778; x_wconf 80' lang='lat' dir='ltr'>(luo</span> <span class='ocrx_word' id='word_1_226' title='bbox 699 2747 792 2777; x_wconf 76' lang='lat' dir='ltr'>verba</span> <span class='ocrx_word' id='word_1_227' title='bbox 820 2757 901 2788; x_wconf 76' lang='lat' dir='ltr'>saepe</span> 
     </span>
    </p>
   </div>
   <div class='ocr_carea' id='block_1_11' title="bbox 969 1462 1633 2778">
    <p class='ocr_par' dir='ltr' id='par_1_16' title="bbox 970 1462 1632 1742">
     <span class='ocr_line' id='line_1_46' title="bbox 971 1462 1630 1495; baseline 0.002 -1"><span class='ocrx_word' id='word_1_228' title='bbox 971 1463 1202 1494; x_wconf 85' lang='lat' dir='ltr'>confunduntur</span> <span class='ocrx_word' id='word_1_229' title='bbox 1218 1463 1249 1493; x_wconf 92' lang='lat' dir='ltr'>in</span> <span class='ocrx_word' id='word_1_230' title='bbox 1260 1462 1502 1494; x_wconf 79' lang='lat' dir='ltr'>librisvetustis.</span> <span class='ocrx_word' id='word_1_231' title='bbox 1526 1463 1630 1495; x_wconf 65' lang='lat' dir='ltr'>me-</span> 
     </span>
     <span class='ocr_line' id='line_1_47' title="bbox 972 1512 1631 1554; baseline 0.002 -11"><span class='ocrx_word' id='word_1_232' title='bbox 972 1524 1054 1544; x_wconf 71' lang='lat' dir='ltr'>su‘s.</span> <span class='ocrx_word' id='word_1_233' title='bbox 1100 1513 1166 1554; x_wconf 80' lang='lat' dir='ltr'>Ego</span> <span class='ocrx_word' id='word_1_234' title='bbox 1182 1512 1261 1542; x_wconf 90' lang='lat' dir='ltr'>nihil</span> <span class='ocrx_word' id='word_1_235' title='bbox 1278 1520 1375 1544; x_wconf 88' lang='lat' dir='ltr'>muto.</span> <span class='ocrx_word' id='word_1_236' title='bbox 1401 1513 1534 1543; x_wconf 71' lang='lat' dir='ltr'>Jubebar</span> <span class='ocrx_word' id='word_1_237' title='bbox 1548 1514 1631 1544; x_wconf 88' lang='lat' dir='ltr'>scili-</span> 
     </span>
     <span class='ocr_line' id='line_1_48' title="bbox 970 1563 1632 1604; baseline 0.003 -11"><span class='ocrx_word' id='word_1_238' title='bbox 970 1569 1020 1593; x_wconf 89' lang='lat' dir='ltr'>cet</span> <span class='ocrx_word' id='word_1_239' title='bbox 1044 1573 1063 1593; x_wconf 81' lang='lat' dir='ltr'>a</span> <span class='ocrx_word' id='word_1_240' title='bbox 1086 1563 1209 1593; x_wconf 85' lang='lat' dir='ltr'>Venere</span> <span class='ocrx_word' id='word_1_241' title='bbox 1232 1573 1388 1604; x_wconf 87' lang='lat' dir='ltr'>sponsore,</span> <span class='ocrx_word' id='word_1_242' title='bbox 1415 1573 1477 1603; x_wconf 85' lang='lat' dir='ltr'>qua</span> <span class='ocrx_word' id='word_1_243' title='bbox 1499 1563 1579 1594; x_wconf 88' lang='lat' dir='ltr'>duce</span> <span class='ocrx_word' id='word_1_244' title='bbox 1600 1570 1632 1595; x_wconf 84' lang='lat' dir='ltr'>et</span> 
     </span>
     <span class='ocr_line' id='line_1_49' title="bbox 971 1611 1630 1653; baseline 0.003 -12"><span class='ocrx_word' id='word_1_245' title='bbox 971 1611 1095 1653; x_wconf 80' lang='lat' dir='ltr'>auspice</span> <span class='ocrx_word' id='word_1_246' title='bbox 1112 1611 1284 1652; x_wconf 81' lang='lat' dir='ltr'>ingressum</span> <span class='ocrx_word' id='word_1_247' title='bbox 1300 1622 1332 1642; x_wconf 90' lang='lat' dir='ltr'>se</span> <span class='ocrx_word' id='word_1_248' title='bbox 1347 1623 1431 1642; x_wconf 87' lang='lat' dir='ltr'>mare</span> <span class='ocrx_word' id='word_1_249' title='bbox 1447 1612 1503 1642; x_wconf 80' lang='lat' dir='ltr'>ait.</span> <span class='ocrx_word' id='word_1_250' title='bbox 1535 1612 1630 1644; x_wconf 82' lang='lat' dir='ltr'>Jube-</span> 
     </span>
     <span class='ocr_line' id='line_1_50' title="bbox 970 1661 1631 1694; baseline 0.005 -4"><span class='ocrx_word' id='word_1_251' title='bbox 970 1662 1019 1690; x_wconf 75' lang='lat' dir='ltr'>bat</span> <span class='ocrx_word' id='word_1_252' title='bbox 1034 1667 1101 1691; x_wconf 85' lang='lat' dir='ltr'>erat</span> <span class='ocrx_word' id='word_1_253' title='bbox 1111 1661 1143 1691; x_wconf 89' lang='lat' dir='ltr'>in</span> <span class='ocrx_word' id='word_1_254' title='bbox 1156 1661 1280 1692; x_wconf 79' lang='lat' dir='ltr'>Veneta</span> <span class='ocrx_word' id='word_1_255' title='bbox 1292 1672 1355 1692; x_wconf 81' lang='lat' dir='ltr'>una</span> <span class='ocrx_word' id='word_1_256' title='bbox 1365 1661 1514 1692; x_wconf 85' lang='lat' dir='ltr'>editione.</span> <span class='ocrx_word' id='word_1_257' title='bbox 1539 1662 1631 1694; x_wconf 68' lang='lat' dir='ltr'>Bua-</span> 
     </span>
     <span class='ocr_line' id='line_1_51' title="bbox 972 1721 1122 1742; baseline 0.013 -2"><span class='ocrx_word' id='word_1_258' title='bbox 972 1721 1122 1742; x_wconf 43' lang='lat' dir='ltr'>Mixxxus.</span> 
     </span>
    </p>

    <p class='ocr_par' dir='ltr' id='par_1_17' title="bbox 970 1760 1632 1899">
     <span class='ocr_line' id='line_1_52' title="bbox 1016 1760 1632 1801; baseline 0.006 -11"><span class='ocrx_word' id='word_1_259' title='bbox 1016 1761 1089 1790; x_wconf 82' lang='lat'>120.</span> <span class='ocrx_word' id='word_1_260' title='bbox 1118 1760 1190 1790; x_wconf 82' lang='lat' dir='ltr'>Cum</span> <span class='ocrx_word' id='word_1_261' title='bbox 1212 1762 1323 1791; x_wconf 71' lang='lat' dir='ltr'>vellent</span> <span class='ocrx_word' id='word_1_262' title='bbox 1348 1767 1453 1791; x_wconf 74' lang='lat' dir='ltr'>nostrae</span> <span class='ocrx_word' id='word_1_263' title='bbox 1466 1763 1535 1801; x_wconf 75' lang='lat' dir='ltr'>jam</span> <span class='ocrx_word' id='word_1_264' title='bbox 1560 1765 1632 1794; x_wconf 78' lang='lat' dir='ltr'>dare</span> 
     </span>
     <span class='ocr_line' id='line_1_53' title="bbox 972 1809 1632 1851; baseline 0.006 -12"><span class='ocrx_word' id='word_1_265' title='bbox 972 1810 1034 1839; x_wconf 75' lang='lat' dir='ltr'>vela</span> <span class='ocrx_word' id='word_1_266' title='bbox 1062 1809 1170 1849; x_wconf 57' lang='lat' dir='ltr'>rates]</span> <span class='ocrx_word' id='word_1_267' title='bbox 1219 1809 1305 1839; x_wconf 89' lang='lat' dir='ltr'>Illud</span> <span class='ocrx_word' id='word_1_268' title='bbox 1329 1816 1434 1840; x_wconf 57' lang='lat' dir='ltr'>*noslroe</span> <span class='ocrx_word' id='word_1_269' title='bbox 1458 1809 1551 1851; x_wconf 86' lang='lat' dir='ltr'>friget</span> <span class='ocrx_word' id='word_1_270' title='bbox 1573 1811 1632 1843; x_wconf 88' lang='lat' dir='ltr'>hoc</span> 
     </span>
     <span class='ocr_line' id='line_1_54' title="bbox 970 1858 1630 1899; baseline 0.005 -11"><span class='ocrx_word' id='word_1_271' title='bbox 970 1858 1051 1888; x_wconf 89' lang='lat' dir='ltr'>loco.</span> <span class='ocrx_word' id='word_1_272' title='bbox 1090 1858 1222 1888; x_wconf 87' lang='lat' dir='ltr'>Rectius</span> <span class='ocrx_word' id='word_1_273' title='bbox 1237 1858 1360 1899; x_wconf 84' lang='lat' dir='ltr'>legatur</span> <span class='ocrx_word' id='word_1_274' title='bbox 1372 1870 1517 1898; x_wconf 63' lang='lat' dir='ltr'>properae.</span> <span class='ocrx_word' id='word_1_275' title='bbox 1552 1861 1630 1891; x_wconf 80' lang='lat' dir='ltr'>Vel:</span> 
     </span>
    </p>

    <p class='ocr_par' dir='ltr' id='par_1_18' title="bbox 1015 1907 1633 1948">
     <span class='ocr_line' id='line_1_55' title="bbox 1015 1907 1633 1948; baseline 0.008 -11"><span class='ocrx_word' id='word_1_276' title='bbox 1015 1907 1089 1937; x_wconf 78' lang='lat' dir='ltr'>Cum</span> <span class='ocrx_word' id='word_1_277' title='bbox 1122 1908 1223 1938; x_wconf 80' lang='lat' dir='ltr'>vellem</span> <span class='ocrx_word' id='word_1_278' title='bbox 1250 1914 1354 1937; x_wconf 72' lang='lat' dir='ltr'>nostroe</span> <span class='ocrx_word' id='word_1_279' title='bbox 1372 1911 1440 1948; x_wconf 75' lang='lat' dir='ltr'>jam</span> <span class='ocrx_word' id='word_1_280' title='bbox 1465 1911 1538 1939; x_wconf 81' lang='lat' dir='ltr'>dare</span> <span class='ocrx_word' id='word_1_281' title='bbox 1567 1912 1633 1942; x_wconf 77' lang='lat' dir='ltr'>vela</span> 
     </span>
    </p>

    <p class='ocr_par' dir='ltr' id='par_1_19' title="bbox 1056 1960 1587 1993">
     <span class='ocr_line' id='line_1_56' title="bbox 1056 1960 1587 1993; baseline 0.006 -4"><span class='ocrx_word' id='word_1_282' title='bbox 1056 1961 1131 1989; x_wconf 73' lang='lat' dir='ltr'>ruti.</span> <span class='ocrx_word' id='word_1_283' title='bbox 1468 1960 1587 1993; x_wconf 68' lang='lat' dir='ltr'>Herxs.</span> 
     </span>
    </p>

    <p class='ocr_par' dir='ltr' id='par_1_20' title="bbox 971 2007 1631 2197">
     <span class='ocr_line' id='line_1_57' title="bbox 1017 2007 1631 2049; baseline 0.007 -11"><span class='ocrx_word' id='word_1_284' title='bbox 1017 2009 1089 2038; x_wconf 82' lang='lat'>123.</span> <span class='ocrx_word' id='word_1_285' title='bbox 1123 2008 1226 2038; x_wconf 79' lang='lat' dir='ltr'>Dictos</span> <span class='ocrx_word' id='word_1_286' title='bbox 1265 2007 1375 2048; x_wconf 64' lang='lat' dir='ltr'>ignes]</span> <span class='ocrx_word' id='word_1_287' title='bbox 1415 2008 1483 2038; x_wconf 90' lang='lat' dir='ltr'>Hoc</span> <span class='ocrx_word' id='word_1_288' title='bbox 1511 2016 1559 2040; x_wconf 85' lang='lat' dir='ltr'>est</span> <span class='ocrx_word' id='word_1_289' title='bbox 1588 2017 1631 2049; x_wconf 88' lang='lat' dir='ltr'>te,</span> 
     </span>
     <span class='ocr_line' id='line_1_58' title="bbox 971 2056 1631 2098; baseline 0.006 -11"><span class='ocrx_word' id='word_1_290' title='bbox 971 2068 1040 2098; x_wconf 81' lang='lat' dir='ltr'>quae</span> <span class='ocrx_word' id='word_1_291' title='bbox 1050 2068 1098 2088; x_wconf 87' lang='lat' dir='ltr'>me</span> <span class='ocrx_word' id='word_1_292' title='bbox 1111 2056 1217 2088; x_wconf 81' lang='lat' dir='ltr'>ardere</span> <span class='ocrx_word' id='word_1_293' title='bbox 1230 2056 1318 2087; x_wconf 79' lang='lat' dir='ltr'>facis.</span> <span class='ocrx_word' id='word_1_294' title='bbox 1342 2057 1530 2089; x_wconf 50' lang='lat' dir='ltr'>Mun-rurs.</span> <span class='ocrx_word' id='word_1_295' title='bbox 1556 2060 1631 2091; x_wconf 68' lang='lat' dir='ltr'>Die-</span> 
     </span>
     <span class='ocr_line' id='line_1_59' title="bbox 971 2106 1630 2148; baseline 0.008 -12"><span class='ocrx_word' id='word_1_296' title='bbox 971 2113 1022 2143; x_wconf 80' lang='lat' dir='ltr'>tos,</span> <span class='ocrx_word' id='word_1_297' title='bbox 1039 2106 1070 2137; x_wconf 87' lang='lat' dir='ltr'>id</span> <span class='ocrx_word' id='word_1_298' title='bbox 1089 2113 1135 2137; x_wconf 83' lang='lat' dir='ltr'>est</span> <span class='ocrx_word' id='word_1_299' title='bbox 1165 2106 1329 2148; x_wconf 79' lang='lat' dir='ltr'>praedictos</span> <span class='ocrx_word' id='word_1_300' title='bbox 1355 2117 1373 2137; x_wconf 82' lang='lat' dir='ltr'>a</span> <span class='ocrx_word' id='word_1_301' title='bbox 1397 2113 1479 2138; x_wconf 87' lang='lat' dir='ltr'>vate.</span> <span class='ocrx_word' id='word_1_302' title='bbox 1503 2108 1567 2140; x_wconf 87' lang='lat' dir='ltr'>vid.</span> <span class='ocrx_word' id='word_1_303' title='bbox 1590 2110 1630 2141; x_wconf 85' lang='lat' dir='ltr'>ad</span> 
     </span>
     <span class='ocr_line' id='line_1_60' title="bbox 971 2155 1191 2197; baseline 0 -12"><span class='ocrx_word' id='word_1_304' title='bbox 971 2155 1070 2197; x_wconf 86' lang='lat' dir='ltr'>Epist.</span> <span class='ocrx_word' id='word_1_305' title='bbox 1087 2167 1118 2186; x_wconf 86' lang='lat' dir='ltr'>v.</span> <span class='ocrx_word' id='word_1_306' title='bbox 1137 2156 1191 2186; x_wconf 87' lang='lat'>33.</span> 
     </span>
    </p>

    <p class='ocr_par' dir='ltr' id='par_1_21' title="bbox 969 2204 1632 2443">
     <span class='ocr_line' id='line_1_61' title="bbox 1018 2204 1631 2246; baseline 0.005 -11"><span class='ocrx_word' id='word_1_307' title='bbox 1018 2206 1088 2235; x_wconf 86' lang='lat'>126.</span> <span class='ocrx_word' id='word_1_308' title='bbox 1115 2206 1212 2235; x_wconf 81' lang='lat' dir='ltr'>OElmlz&#39;</span> <span class='ocrx_word' id='word_1_309' title='bbox 1239 2204 1407 2246; x_wconf 62' lang='lat' dir='ltr'>Nympha]</span> <span class='ocrx_word' id='word_1_310' title='bbox 1435 2205 1486 2236; x_wconf 87' lang='lat' dir='ltr'>De</span> <span class='ocrx_word' id='word_1_311' title='bbox 1506 2207 1631 2240; x_wconf 80' lang='lat' dir='ltr'>Helena</span> 
     </span>
     <span class='ocr_line' id='line_1_62' title="bbox 970 2253 1631 2298; baseline 0.002 -13"><span class='ocrx_word' id='word_1_312' title='bbox 970 2260 1001 2285; x_wconf 85' lang='lat' dir='ltr'>et</span> <span class='ocrx_word' id='word_1_313' title='bbox 1016 2254 1170 2285; x_wconf 81' lang='lat' dir='ltr'>Laconica</span> <span class='ocrx_word' id='word_1_314' title='bbox 1184 2253 1303 2283; x_wconf 87' lang='lat' dir='ltr'>dictum</span> <span class='ocrx_word' id='word_1_315' title='bbox 1327 2253 1457 2295; x_wconf 83' lang='lat' dir='ltr'>accipio,</span> <span class='ocrx_word' id='word_1_316' title='bbox 1474 2265 1510 2286; x_wconf 84' lang='lat' dir='ltr'>ac</span> <span class='ocrx_word' id='word_1_317' title='bbox 1530 2256 1631 2298; x_wconf 83' lang='lat' dir='ltr'>Nym-</span> 
     </span>
     <span class='ocr_line' id='line_1_63' title="bbox 969 2302 1632 2347; baseline 0.009 -15"><span class='ocrx_word' id='word_1_318' title='bbox 969 2303 1063 2344; x_wconf 75' lang='lat' dir='ltr'>pham</span> <span class='ocrx_word' id='word_1_319' title='bbox 1076 2314 1129 2344; x_wconf 91' lang='lat' dir='ltr'>pro</span> <span class='ocrx_word' id='word_1_320' title='bbox 1141 2302 1248 2344; x_wconf 80' lang='lat' dir='ltr'>puella</span> <span class='ocrx_word' id='word_1_321' title='bbox 1259 2303 1444 2343; x_wconf 84' lang='lat' dir='ltr'>generaliter</span> <span class='ocrx_word' id='word_1_322' title='bbox 1457 2304 1529 2346; x_wconf 90' lang='lat' dir='ltr'>poni</span> <span class='ocrx_word' id='word_1_323' title='bbox 1545 2312 1632 2347; x_wconf 87' lang='lat' dir='ltr'>puto.</span> 
     </span>
     <span class='ocr_line' id='line_1_64' title="bbox 971 2353 1631 2387; baseline 0.008 -5"><span class='ocrx_word' id='word_1_324' title='bbox 971 2353 1134 2383; x_wconf 62' lang='lat' dir='ltr'>OElaalidem</span> <span class='ocrx_word' id='word_1_325' title='bbox 1150 2359 1254 2383; x_wconf 84' lang='lat' dir='ltr'>autem</span> <span class='ocrx_word' id='word_1_326' title='bbox 1277 2358 1368 2382; x_wconf 83' lang='lat' dir='ltr'>vocat</span> <span class='ocrx_word' id='word_1_327' title='bbox 1384 2353 1422 2382; x_wconf 87' lang='lat' dir='ltr'>ab</span> <span class='ocrx_word' id='word_1_328' title='bbox 1440 2363 1498 2383; x_wconf 86' lang='lat' dir='ltr'>avo</span> <span class='ocrx_word' id='word_1_329' title='bbox 1517 2355 1631 2387; x_wconf 86' lang='lat' dir='ltr'>OEbalo</span> 
     </span>
     <span class='ocr_line' id='line_1_65' title="bbox 969 2401 1394 2443; baseline 0.002 -12"><span class='ocrx_word' id='word_1_330' title='bbox 969 2402 1105 2443; x_wconf 72' lang='lat' dir='ltr'>Tyndari</span> <span class='ocrx_word' id='word_1_331' title='bbox 1121 2409 1221 2442; x_wconf 82' lang='lat' dir='ltr'>patre.</span> <span class='ocrx_word' id='word_1_332' title='bbox 1268 2401 1394 2432; x_wconf 63' lang='lat' dir='ltr'>an.</span> 
     </span>
    </p>

    <p class='ocr_par' dir='ltr' id='par_1_22' title="bbox 971 2451 1632 2778">
     <span class='ocr_line' id='line_1_66' title="bbox 1016 2451 1630 2493; baseline 0.005 -11"><span class='ocrx_word' id='word_1_333' title='bbox 1016 2453 1087 2482; x_wconf 79' lang='lat'>127.</span> <span class='ocrx_word' id='word_1_334' title='bbox 1115 2452 1178 2481; x_wconf 75' lang='lat' dir='ltr'>Hoc</span> <span class='ocrx_word' id='word_1_335' title='bbox 1193 2451 1446 2492; x_wconf 75' lang='lat' dir='ltr'>qnoquefitclum,</span> <span class='ocrx_word' id='word_1_336' title='bbox 1464 2452 1544 2493; x_wconf 78' lang='lat' dir='ltr'>&amp;c.]</span> <span class='ocrx_word' id='word_1_337' title='bbox 1569 2454 1630 2485; x_wconf 92' lang='lat' dir='ltr'>Co-</span> 
     </span>
     <span class='ocr_line' id='line_1_67' title="bbox 971 2500 1632 2534; baseline 0.005 -3"><span class='ocrx_word' id='word_1_338' title='bbox 971 2502 1015 2531; x_wconf 90' lang='lat' dir='ltr'>lor</span> <span class='ocrx_word' id='word_1_339' title='bbox 1028 2500 1226 2531; x_wconf 81' lang='lat' dir='ltr'>Rhetoricus.</span> <span class='ocrx_word' id='word_1_340' title='bbox 1249 2501 1393 2531; x_wconf 86' lang='lat' dir='ltr'>transfert</span> <span class='ocrx_word' id='word_1_341' title='bbox 1413 2501 1496 2531; x_wconf 86' lang='lat' dir='ltr'>enim</span> <span class='ocrx_word' id='word_1_342' title='bbox 1521 2503 1561 2533; x_wconf 88' lang='lat' dir='ltr'>ad</span> <span class='ocrx_word' id='word_1_343' title='bbox 1579 2514 1632 2534; x_wconf 91' lang='lat' dir='ltr'>vo-</span> 
     </span>
     <span class='ocr_line' id='line_1_68' title="bbox 971 2550 1631 2591; baseline 0.005 -11"><span class='ocrx_word' id='word_1_344' title='bbox 971 2550 1122 2580; x_wconf 82' lang='lat' dir='ltr'>luntatem</span> <span class='ocrx_word' id='word_1_345' title='bbox 1139 2550 1288 2586; x_wconf 84' lang='lat' dir='ltr'>Deorum,</span> <span class='ocrx_word' id='word_1_346' title='bbox 1305 2550 1388 2591; x_wconf 92' lang='lat' dir='ltr'>quod</span> <span class='ocrx_word' id='word_1_347' title='bbox 1410 2550 1542 2581; x_wconf 88' lang='lat' dir='ltr'>hominis</span> <span class='ocrx_word' id='word_1_348' title='bbox 1559 2563 1631 2583; x_wconf 86' lang='lat' dir='ltr'>con-</span> 
     </span>
     <span class='ocr_line' id='line_1_69' title="bbox 971 2599 1631 2635; baseline 0.003 -6"><span class='ocrx_word' id='word_1_349' title='bbox 971 2599 1040 2629; x_wconf 86' lang='lat' dir='ltr'>silio</span> <span class='ocrx_word' id='word_1_350' title='bbox 1057 2599 1172 2629; x_wconf 80' lang='lat' dir='ltr'>facturn</span> <span class='ocrx_word' id='word_1_351' title='bbox 1188 2605 1265 2635; x_wconf 81' lang='lat' dir='ltr'>erat,</span> <span class='ocrx_word' id='word_1_352' title='bbox 1282 2599 1425 2630; x_wconf 82' lang='lat' dir='ltr'>movendi</span> <span class='ocrx_word' id='word_1_353' title='bbox 1444 2610 1555 2631; x_wconf 78' lang='lat' dir='ltr'>caussa</span> <span class='ocrx_word' id='word_1_354' title='bbox 1572 2601 1631 2631; x_wconf 88' lang='lat' dir='ltr'>sci-</span> 
     </span>
     <span class='ocr_line' id='line_1_70' title="bbox 971 2648 1630 2689; baseline 0.003 -11"><span class='ocrx_word' id='word_1_355' title='bbox 971 2648 1058 2678; x_wconf 80' lang='lat' dir='ltr'>licet.</span> <span class='ocrx_word' id='word_1_356' title='bbox 1093 2649 1282 2679; x_wconf 68' lang='lat' dir='ltr'>chvmrs.</span> <span class='ocrx_word' id='word_1_357' title='bbox 1329 2648 1515 2689; x_wconf 85' lang='lat' dir='ltr'>Conjeccrat</span> <span class='ocrx_word' id='word_1_358' title='bbox 1532 2650 1630 2680; x_wconf 88' lang='lat' dir='ltr'>Hein-</span> 
     </span>
     <span class='ocr_line' id='line_1_71' title="bbox 971 2697 1629 2732; baseline 0.002 -5"><span class='ocrx_word' id='word_1_359' title='bbox 971 2698 1045 2732; x_wconf 83' lang='lat' dir='ltr'>sius,</span> <span class='ocrx_word' id='word_1_360' title='bbox 1072 2699 1207 2727; x_wconf 70' lang='lat' dir='ltr'>coru-ilio.</span> <span class='ocrx_word' id='word_1_361' title='bbox 1238 2697 1292 2728; x_wconf 85' lang='lat' dir='ltr'>sed</span> <span class='ocrx_word' id='word_1_362' title='bbox 1323 2697 1398 2727; x_wconf 87' lang='lat' dir='ltr'>nihil</span> <span class='ocrx_word' id='word_1_363' title='bbox 1424 2698 1629 2728; x_wconf 79' lang='lat' dir='ltr'>mutandum:</span> 
     </span>
     <span class='ocr_line' id='line_1_72' title="bbox 972 2746 1630 2778; baseline 0.003 -2"><span class='ocrx_word' id='word_1_364' title='bbox 972 2748 1125 2776; x_wconf 59' lang='lat' dir='ltr'>causatum</span> <span class='ocrx_word' id='word_1_365' title='bbox 1142 2746 1223 2777; x_wconf 81' lang='lat' dir='ltr'>enim</span> <span class='ocrx_word' id='word_1_366' title='bbox 1237 2746 1285 2777; x_wconf 78' lang='lat' dir='ltr'>hic</span> <span class='ocrx_word' id='word_1_367' title='bbox 1299 2746 1488 2777; x_wconf 82' lang='lat' dir='ltr'>voluntatem</span> <span class='ocrx_word' id='word_1_368' title='bbox 1501 2752 1531 2777; x_wconf 84' lang='lat' dir='ltr'>et</span> <span class='ocrx_word' id='word_1_369' title='bbox 1545 2758 1630 2778; x_wconf 89' lang='lat' dir='ltr'>men—</span> 
     </span>
    </p>
   </div>
  </div>
 </body>
</html>
