<?xml version="1.0" encoding="UTF-8"?>
<!DOCTYPE html PUBLIC "-//W3C//DTD XHTML 1.0 Transitional//EN"
    "http://www.w3.org/TR/xhtml1/DTD/xhtml1-transitional.dtd">
<html xmlns="http://www.w3.org/1999/xhtml" xml:lang="en" lang="en">
 <head>
  <title>
</title>
<meta http-equiv="Content-Type" content="text/html;charset=utf-8" />
  <meta name='ocr-system' content='tesseract 3.04.00' />
  <meta name='ocr-capabilities' content='ocr_page ocr_carea ocr_par ocr_line ocrx_word'/>
</head>
<body>
  <div class='ocr_page' id='page_1' title='image "./povidiinasonisop01oviduoft_0538.png"; bbox 0 0 1849 3198; ppageno 0'>
   <div class='ocr_carea' id='block_1_1' title="bbox 216 179 301 219">
    <p class='ocr_par' dir='ltr' id='par_1_1' title="bbox 216 179 301 219">
     <span class='ocr_line' id='line_1_1' title="bbox 216 179 301 219; baseline 0 0"><span class='ocrx_word' id='word_1_1' title='bbox 216 179 301 219; x_wconf 72' lang='lat'>452</span> 
     </span>
    </p>
   </div>
   <div class='ocr_carea' id='block_1_2' title="bbox 620 175 1239 218">
    <p class='ocr_par' dir='ltr' id='par_1_2' title="bbox 620 175 1239 218">
     <span class='ocr_line' id='line_1_2' title="bbox 620 175 1239 218; baseline 0.003 -2"><span class='ocrx_word' id='word_1_2' title='bbox 620 176 670 217; x_wconf 89' lang='grc' dir='ltr'>Ρ.</span> <span class='ocrx_word' id='word_1_3' title='bbox 710 175 923 218; x_wconf 91' lang='lat' dir='ltr'><strong>OVIDII</strong></span> <span class='ocrx_word' id='word_1_4' title='bbox 958 175 1239 218; x_wconf 88' lang='lat' dir='ltr'><strong>NASONIS</strong></span> 
     </span>
    </p>
   </div>
   <div class='ocr_carea' id='block_1_3' title="bbox 221 291 1565 355">
    <p class='ocr_par' dir='ltr' id='par_1_3' title="bbox 221 291 1565 355">
     <span class='ocr_line' id='line_1_3' title="bbox 221 291 1565 355; baseline -0.001 -15"><span class='ocrx_word' id='word_1_5' title='bbox 221 292 286 340; x_wconf 90' lang='lat' dir='ltr'>Et</span> <span class='ocrx_word' id='word_1_6' title='bbox 309 293 414 339; x_wconf 89' lang='lat' dir='ltr'>fora</span> <span class='ocrx_word' id='word_1_7' title='bbox 437 292 737 339; x_wconf 87' lang='lat' dir='ltr'>conveniunt</span> <span class='ocrx_word' id='word_1_8' title='bbox 761 291 896 354; x_wconf 82' lang='lat' dir='ltr'>(quis</span> <span class='ocrx_word' id='word_1_9' title='bbox 923 292 1128 339; x_wconf 85' lang='lat' dir='ltr'>eredere</span> <span class='ocrx_word' id='word_1_10' title='bbox 1154 291 1363 355; x_wconf 83' lang='lat' dir='ltr'>possit?)</span> <span class='ocrx_word' id='word_1_11' title='bbox 1390 294 1565 350; x_wconf 87' lang='lat' dir='ltr'>amori;</span> 
     </span>
    </p>
   </div>
   <div class='ocr_carea' id='block_1_4' title="bbox 288 368 1408 432">
    <p class='ocr_par' dir='ltr' id='par_1_4' title="bbox 288 368 1408 432">
     <span class='ocr_line' id='line_1_4' title="bbox 288 368 1408 432; baseline 0 -17"><span class='ocrx_word' id='word_1_12' title='bbox 288 369 613 432; x_wconf 87' lang='lat' dir='ltr'>Flammaque</span> <span class='ocrx_word' id='word_1_13' title='bbox 638 368 688 414; x_wconf 90' lang='lat' dir='ltr'>in</span> <span class='ocrx_word' id='word_1_14' title='bbox 714 374 888 430; x_wconf 84' lang='lat' dir='ltr'>arguto</span> <span class='ocrx_word' id='word_1_15' title='bbox 913 384 1047 432; x_wconf 79' lang='lat' dir='ltr'>saepe</span> <span class='ocrx_word' id='word_1_16' title='bbox 1073 375 1269 431; x_wconf 87' lang='lat' dir='ltr'>reperta</span> <span class='ocrx_word' id='word_1_17' title='bbox 1288 368 1408 416; x_wconf 88' lang='lat' dir='ltr'>foro.</span> 
     </span>
    </p>
   </div>
   <div class='ocr_carea' id='block_1_5' title="bbox 1548 374 1611 416">
    <p class='ocr_par' dir='ltr' id='par_1_5' title="bbox 1548 374 1611 416">
     <span class='ocr_line' id='line_1_5' title="bbox 1548 374 1611 416; baseline 0 0"><span class='ocrx_word' id='word_1_18' title='bbox 1548 374 1611 416; x_wconf 80' lang='lat'>80</span> 
     </span>
    </p>
   </div>
   <div class='ocr_carea' id='block_1_6' title="bbox 221 443 1609 1122">
    <p class='ocr_par' dir='ltr' id='par_1_6' title="bbox 221 443 1521 586">
     <span class='ocr_line' id='line_1_6' title="bbox 221 443 1521 509; baseline 0.001 -18"><span class='ocrx_word' id='word_1_19' title='bbox 221 445 435 493; x_wconf 80' lang='lat' dir='ltr'>Subdita</span> <span class='ocrx_word' id='word_1_20' title='bbox 458 445 560 508; x_wconf 61' lang='lat' dir='ltr'>qua</span> <span class='ocrx_word' id='word_1_21' title='bbox 586 444 794 492; x_wconf 90' lang='lat' dir='ltr'>Veneris</span> <span class='ocrx_word' id='word_1_22' title='bbox 820 443 950 490; x_wconf 87' lang='lat' dir='ltr'>facto</span> <span class='ocrx_word' id='word_1_23' title='bbox 976 444 1038 490; x_wconf 91' lang='lat' dir='ltr'>de</span> <span class='ocrx_word' id='word_1_24' title='bbox 1063 461 1309 493; x_wconf 86' lang='lat' dir='ltr'>marmore</span> <span class='ocrx_word' id='word_1_25' title='bbox 1333 446 1521 509; x_wconf 87' lang='lat' dir='ltr'>templo</span> 
     </span>
     <span class='ocr_line' id='line_1_7' title="bbox 285 520 1268 586; baseline 0 -18"><span class='ocrx_word' id='word_1_26' title='bbox 285 521 476 586; x_wconf 87' lang='lat' dir='ltr'>Appias</span> <span class='ocrx_word' id='word_1_27' title='bbox 502 520 754 584; x_wconf 82' lang='lat' dir='ltr'>expressis</span> <span class='ocrx_word' id='word_1_28' title='bbox 781 520 893 568; x_wconf 69' lang='lat' dir='ltr'>aera</span> <span class='ocrx_word' id='word_1_29' title='bbox 917 520 1084 583; x_wconf 88' lang='lat' dir='ltr'>pulsat</span> <span class='ocrx_word' id='word_1_30' title='bbox 1109 521 1268 584; x_wconf 87' lang='lat' dir='ltr'>aquis.</span> 
     </span>
    </p>

    <p class='ocr_par' dir='ltr' id='par_1_7' title="bbox 221 596 1352 737">
     <span class='ocr_line' id='line_1_8' title="bbox 221 596 1328 662; baseline -0.001 -18"><span class='ocrx_word' id='word_1_31' title='bbox 221 598 312 645; x_wconf 93' lang='lat' dir='ltr'>Illo</span> <span class='ocrx_word' id='word_1_32' title='bbox 338 613 471 662; x_wconf 88' lang='lat' dir='ltr'>saepe</span> <span class='ocrx_word' id='word_1_33' title='bbox 497 598 606 644; x_wconf 85' lang='lat' dir='ltr'>loeo</span> <span class='ocrx_word' id='word_1_34' title='bbox 631 596 826 660; x_wconf 85' lang='lat' dir='ltr'>capitur</span> <span class='ocrx_word' id='word_1_35' title='bbox 850 597 1106 643; x_wconf 85' lang='lat' dir='ltr'>consultus</span> <span class='ocrx_word' id='word_1_36' title='bbox 1133 597 1328 645; x_wconf 87' lang='lat' dir='ltr'>Amori:</span> 
     </span>
     <span class='ocr_line' id='line_1_9' title="bbox 287 672 1352 737; baseline 0 -16"><span class='ocrx_word' id='word_1_37' title='bbox 287 674 488 737; x_wconf 83' lang='lat' dir='ltr'>Quique</span> <span class='ocrx_word' id='word_1_38' title='bbox 513 673 621 721; x_wconf 85' lang='lat' dir='ltr'>aliis</span> <span class='ocrx_word' id='word_1_39' title='bbox 646 672 793 729; x_wconf 84' lang='lat' dir='ltr'>cavit,</span> <span class='ocrx_word' id='word_1_40' title='bbox 821 688 919 719; x_wconf 92' lang='lat' dir='ltr'>non</span> <span class='ocrx_word' id='word_1_41' title='bbox 941 680 1083 720; x_wconf 87' lang='lat' dir='ltr'>cavet</span> <span class='ocrx_word' id='word_1_42' title='bbox 1108 673 1216 737; x_wconf 87' lang='lat' dir='ltr'>ipse</span> <span class='ocrx_word' id='word_1_43' title='bbox 1241 675 1352 721; x_wconf 87' lang='lat' dir='ltr'>sibi.</span> 
     </span>
    </p>

    <p class='ocr_par' dir='ltr' id='par_1_8' title="bbox 222 750 1609 891">
     <span class='ocr_line' id='line_1_10' title="bbox 222 750 1609 815; baseline 0.001 -18"><span class='ocrx_word' id='word_1_44' title='bbox 222 752 312 799; x_wconf 89' lang='lat' dir='ltr'>[llo</span> <span class='ocrx_word' id='word_1_45' title='bbox 337 768 471 815; x_wconf 87' lang='lat' dir='ltr'>saepe</span> <span class='ocrx_word' id='word_1_46' title='bbox 495 752 604 798; x_wconf 85' lang='lat' dir='ltr'>loco</span> <span class='ocrx_word' id='word_1_47' title='bbox 629 751 811 798; x_wconf 79' lang='lat' dir='ltr'>desunt</span> <span class='ocrx_word' id='word_1_48' title='bbox 835 766 925 797; x_wconf 90' lang='lat' dir='ltr'>sua</span> <span class='ocrx_word' id='word_1_49' title='bbox 947 750 1098 797; x_wconf 86' lang='lat' dir='ltr'>verba</span> <span class='ocrx_word' id='word_1_50' title='bbox 1121 751 1328 798; x_wconf 90' lang='lat' dir='ltr'>diserto:</span> <span class='ocrx_word' id='word_1_51' title='bbox 1547 755 1609 798; x_wconf 81' lang='lat'>85</span> 
     </span>
     <span class='ocr_line' id='line_1_11' title="bbox 287 827 1606 891; baseline 0 -16"><span class='ocrx_word' id='word_1_52' title='bbox 287 829 494 891; x_wconf 86' lang='lat' dir='ltr'>Resque</span> <span class='ocrx_word' id='word_1_53' title='bbox 519 844 656 875; x_wconf 87' lang='lat' dir='ltr'>novae</span> <span class='ocrx_word' id='word_1_54' title='bbox 675 827 893 883; x_wconf 85' lang='lat' dir='ltr'>veniunt,</span> <span class='ocrx_word' id='word_1_55' title='bbox 916 843 1196 891; x_wconf 78' lang='lat' dir='ltr'>Caussaque</span> <span class='ocrx_word' id='word_1_56' title='bbox 1216 829 1410 891; x_wconf 80' lang='lat' dir='ltr'>agenda</span> <span class='ocrx_word' id='word_1_57' title='bbox 1425 829 1499 875; x_wconf 88' lang='lat' dir='ltr'>sui</span> <span class='ocrx_word' id='word_1_58' title='bbox 1515 835 1606 876; x_wconf 88' lang='lat' dir='ltr'>est.</span> 
     </span>
    </p>

    <p class='ocr_par' dir='ltr' id='par_1_9' title="bbox 222 904 1524 1045">
     <span class='ocr_line' id='line_1_12' title="bbox 222 904 1524 967; baseline 0 -15"><span class='ocrx_word' id='word_1_59' title='bbox 222 905 368 952; x_wconf 87' lang='lat' dir='ltr'>Hunc</span> <span class='ocrx_word' id='word_1_60' title='bbox 394 905 566 952; x_wconf 90' lang='lat' dir='ltr'>Venus</span> <span class='ocrx_word' id='word_1_61' title='bbox 591 921 618 952; x_wconf 93' lang='lat' dir='ltr'>e</span> <span class='ocrx_word' id='word_1_62' title='bbox 642 905 842 967; x_wconf 90' lang='lat' dir='ltr'>templis</span> <span class='ocrx_word' id='word_1_63' title='bbox 868 920 980 967; x_wconf 76' lang='lat' dir='ltr'>quae</span> <span class='ocrx_word' id='word_1_64' title='bbox 1006 912 1121 951; x_wconf 87' lang='lat' dir='ltr'>sunt</span> <span class='ocrx_word' id='word_1_65' title='bbox 1145 905 1358 952; x_wconf 86' lang='lat' dir='ltr'>confinia</span> <span class='ocrx_word' id='word_1_66' title='bbox 1381 904 1524 952; x_wconf 86' lang='lat' dir='ltr'>ridet.</span> 
     </span>
     <span class='ocr_line' id='line_1_13' title="bbox 288 981 1489 1045; baseline -0.001 -16"><span class='ocrx_word' id='word_1_67' title='bbox 288 982 385 1036; x_wconf 81' lang='lat' dir='ltr'>Qui</span> <span class='ocrx_word' id='word_1_68' title='bbox 411 983 558 1029; x_wconf 81' lang='lat' dir='ltr'>niodo</span> <span class='ocrx_word' id='word_1_69' title='bbox 584 988 837 1045; x_wconf 85' lang='lat' dir='ltr'>patronus,</span> <span class='ocrx_word' id='word_1_70' title='bbox 864 996 995 1027; x_wconf 86' lang='lat' dir='ltr'>nunc</span> <span class='ocrx_word' id='word_1_71' title='bbox 1021 981 1159 1044; x_wconf 87' lang='lat' dir='ltr'>cupit</span> <span class='ocrx_word' id='word_1_72' title='bbox 1184 998 1294 1028; x_wconf 91' lang='lat' dir='ltr'>esse</span> <span class='ocrx_word' id='word_1_73' title='bbox 1319 981 1489 1028; x_wconf 85' lang='lat' dir='ltr'>eliens.</span> 
     </span>
    </p>

    <p class='ocr_par' dir='ltr' id='par_1_10' title="bbox 224 1058 1319 1122">
     <span class='ocr_line' id='line_1_14' title="bbox 224 1058 1319 1122; baseline 0 -18"><span class='ocrx_word' id='word_1_74' title='bbox 224 1060 325 1106; x_wconf 79' lang='lat' dir='ltr'>Sed</span> <span class='ocrx_word' id='word_1_75' title='bbox 350 1066 403 1106; x_wconf 90' lang='lat' dir='ltr'>tu</span> <span class='ocrx_word' id='word_1_76' title='bbox 429 1059 680 1122; x_wconf 69' lang='lat' dir='ltr'>praecipue</span> <span class='ocrx_word' id='word_1_77' title='bbox 706 1058 866 1105; x_wconf 88' lang='lat' dir='ltr'>curvis</span> <span class='ocrx_word' id='word_1_78' title='bbox 891 1074 1071 1105; x_wconf 88' lang='lat' dir='ltr'>venare</span> <span class='ocrx_word' id='word_1_79' title='bbox 1095 1059 1319 1105; x_wconf 82' lang='lat' dir='ltr'>theatriS.</span> 
     </span>
    </p>
   </div>
   <div class='ocr_carea' id='block_1_7' title="bbox 287 1133 1208 1182">
    <p class='ocr_par' dir='ltr' id='par_1_11' title="bbox 287 1133 1208 1182">
     <span class='ocr_line' id='line_1_15' title="bbox 287 1133 1208 1182; baseline -0.001 0"><span class='ocrx_word' id='word_1_80' title='bbox 287 1135 411 1182; x_wconf 81' lang='lat' dir='ltr'>Haec</span> <span class='ocrx_word' id='word_1_81' title='bbox 436 1136 546 1182; x_wconf 88' lang='lat' dir='ltr'>loca</span> <span class='ocrx_word' id='word_1_82' title='bbox 570 1141 685 1182; x_wconf 88' lang='lat' dir='ltr'>sunt</span> <span class='ocrx_word' id='word_1_83' title='bbox 709 1141 822 1181; x_wconf 90' lang='lat' dir='ltr'>voto</span> <span class='ocrx_word' id='word_1_84' title='bbox 846 1133 1082 1181; x_wconf 83' lang='lat' dir='ltr'>fertiliora</span> <span class='ocrx_word' id='word_1_85' title='bbox 1105 1141 1208 1181; x_wconf 84' lang='lat' dir='ltr'>tuo.</span> 
     </span>
    </p>
   </div>
   <div class='ocr_carea' id='block_1_8' title="bbox 1547 1139 1610 1182">
    <p class='ocr_par' dir='ltr' id='par_1_12' title="bbox 1547 1139 1610 1182">
     <span class='ocr_line' id='line_1_16' title="bbox 1547 1139 1610 1182; baseline -0.063 0"><span class='ocrx_word' id='word_1_86' title='bbox 1547 1139 1610 1182; x_wconf 76' lang='grc'>90</span> 
     </span>
    </p>
   </div>
   <div class='ocr_carea' id='block_1_9' title="bbox 222 1211 1608 1499">
    <p class='ocr_par' dir='ltr' id='par_1_13' title="bbox 222 1211 1559 1352">
     <span class='ocr_line' id='line_1_17' title="bbox 222 1211 1497 1274; baseline 0.001 -17"><span class='ocrx_word' id='word_1_87' title='bbox 222 1212 330 1259; x_wconf 85' lang='lat' dir='ltr'>lllic</span> <span class='ocrx_word' id='word_1_88' title='bbox 357 1212 591 1267; x_wconf 83' lang='lat' dir='ltr'>invenies,</span> <span class='ocrx_word' id='word_1_89' title='bbox 621 1212 755 1274; x_wconf 88' lang='lat' dir='ltr'>quod</span> <span class='ocrx_word' id='word_1_90' title='bbox 782 1227 935 1265; x_wconf 81' lang='lat' dir='ltr'>ameS‚</span> <span class='ocrx_word' id='word_1_91' title='bbox 964 1211 1096 1274; x_wconf 88' lang='lat' dir='ltr'>quod</span> <span class='ocrx_word' id='word_1_92' title='bbox 1124 1211 1292 1258; x_wconf 86' lang='lat' dir='ltr'>ludere</span> <span class='ocrx_word' id='word_1_93' title='bbox 1319 1212 1497 1274; x_wconf 78' lang='lat' dir='ltr'>possis,</span> 
     </span>
     <span class='ocr_line' id='line_1_18' title="bbox 288 1288 1559 1352; baseline -0.002 -16"><span class='ocrx_word' id='word_1_94' title='bbox 288 1289 537 1352; x_wconf 82' lang='lat' dir='ltr'>Quodque</span> <span class='ocrx_word' id='word_1_95' title='bbox 565 1290 717 1337; x_wconf 85' lang='lat' dir='ltr'>semel</span> <span class='ocrx_word' id='word_1_96' title='bbox 744 1294 936 1351; x_wconf 80' lang='lat' dir='ltr'>tangas,</span> <span class='ocrx_word' id='word_1_97' title='bbox 965 1289 1202 1351; x_wconf 89' lang='lat' dir='ltr'>quodque</span> <span class='ocrx_word' id='word_1_98' title='bbox 1227 1296 1396 1336; x_wconf 85' lang='lat' dir='ltr'>tenere</span> <span class='ocrx_word' id='word_1_99' title='bbox 1422 1288 1559 1335; x_wconf 86' lang='lat' dir='ltr'>velis.</span> 
     </span>
    </p>

    <p class='ocr_par' dir='ltr' id='par_1_14' title="bbox 224 1365 1608 1499">
     <span class='ocr_line' id='line_1_19' title="bbox 224 1365 1608 1430; baseline -0.002 -17"><span class='ocrx_word' id='word_1_100' title='bbox 224 1366 294 1414; x_wconf 88' lang='lat' dir='ltr'>Ut</span> <span class='ocrx_word' id='word_1_101' title='bbox 319 1367 446 1414; x_wconf 87' lang='lat' dir='ltr'>redit</span> <span class='ocrx_word' id='word_1_102' title='bbox 461 1367 599 1430; x_wconf 86' lang='lat' dir='ltr'>itque</span> <span class='ocrx_word' id='word_1_103' title='bbox 615 1367 848 1429; x_wconf 86' lang='lat' dir='ltr'>frequens</span> <span class='ocrx_word' id='word_1_104' title='bbox 869 1367 1072 1428; x_wconf 82' lang='lat' dir='ltr'>longum</span> <span class='ocrx_word' id='word_1_105' title='bbox 1092 1365 1297 1413; x_wconf 83' lang='lat' dir='ltr'>formica</span> <span class='ocrx_word' id='word_1_106' title='bbox 1311 1381 1399 1429; x_wconf 89' lang='lat' dir='ltr'>per</span> <span class='ocrx_word' id='word_1_107' title='bbox 1414 1380 1608 1427; x_wconf 83' lang='lat' dir='ltr'>agmen,</span> 
     </span>
     <span class='ocr_line' id='line_1_20' title="bbox 290 1443 1400 1499; baseline -0.002 -8"><span class='ocrx_word' id='word_1_108' title='bbox 290 1444 550 1491; x_wconf 88' lang='lat' dir='ltr'>Granifero</span> <span class='ocrx_word' id='word_1_109' title='bbox 578 1444 777 1491; x_wconf 89' lang='lat' dir='ltr'>solitum</span> <span class='ocrx_word' id='word_1_110' title='bbox 803 1459 917 1491; x_wconf 80' lang='lat' dir='ltr'>cuni</span> <span class='ocrx_word' id='word_1_111' title='bbox 942 1443 1076 1490; x_wconf 86' lang='lat' dir='ltr'>vehit</span> <span class='ocrx_word' id='word_1_112' title='bbox 1100 1459 1183 1490; x_wconf 88' lang='lat' dir='ltr'>ore</span> <span class='ocrx_word' id='word_1_113' title='bbox 1208 1443 1400 1499; x_wconf 81' lang='lat' dir='ltr'>cibum3</span> 
     </span>
    </p>
   </div>
   <div class='ocr_carea' id='block_1_10' title="bbox 220 1576 887 2789">
    <p class='ocr_par' dir='ltr' id='par_1_15' title="bbox 221 1576 885 1669">
     <span class='ocr_line' id='line_1_21' title="bbox 263 1576 885 1619; baseline -0.002 -11"><span class='ocrx_word' id='word_1_114' title='bbox 263 1579 315 1608; x_wconf 79' lang='lat'>80.</span> <span class='ocrx_word' id='word_1_115' title='bbox 340 1579 488 1619; x_wconf 64' lang='lat' dir='ltr'>Argium]</span> <span class='ocrx_word' id='word_1_116' title='bbox 515 1578 670 1615; x_wconf 83' lang='lat' dir='ltr'>Clamoso,</span> <span class='ocrx_word' id='word_1_117' title='bbox 694 1589 749 1609; x_wconf 89' lang='lat' dir='ltr'>seu</span> <span class='ocrx_word' id='word_1_118' title='bbox 774 1576 885 1614; x_wconf 84' lang='lat' dir='ltr'>vocali,</span> 
     </span>
     <span class='ocr_line' id='line_1_22' title="bbox 221 1627 499 1669; baseline 0.004 -12"><span class='ocrx_word' id='word_1_119' title='bbox 221 1627 360 1669; x_wconf 79' lang='lat' dir='ltr'>explicat</span> <span class='ocrx_word' id='word_1_120' title='bbox 376 1627 499 1658; x_wconf 82' lang='lat' dir='ltr'>Douza.</span> 
     </span>
    </p>

    <p class='ocr_par' dir='ltr' id='par_1_16' title="bbox 220 1676 885 2050">
     <span class='ocr_line' id='line_1_23' title="bbox 263 1676 884 1716; baseline 0 -10"><span class='ocrx_word' id='word_1_121' title='bbox 263 1677 317 1706; x_wconf 84' lang='lat'>81.</span> <span class='ocrx_word' id='word_1_122' title='bbox 344 1676 469 1707; x_wconf 67' lang='lat' dir='ltr'>Subdita</span> <span class='ocrx_word' id='word_1_123' title='bbox 498 1676 556 1716; x_wconf 68' lang='lat' dir='ltr'>qud</span> <span class='ocrx_word' id='word_1_124' title='bbox 583 1676 729 1716; x_wconf 62' lang='lat' dir='ltr'>Veneris]</span> <span class='ocrx_word' id='word_1_125' title='bbox 774 1676 884 1706; x_wconf 84' lang='lat' dir='ltr'>Forum</span> 
     </span>
     <span class='ocr_line' id='line_1_24' title="bbox 221 1724 885 1766; baseline -0.002 -11"><span class='ocrx_word' id='word_1_126' title='bbox 221 1724 355 1755; x_wconf 80' lang='lat' dir='ltr'>Caesaris</span> <span class='ocrx_word' id='word_1_127' title='bbox 385 1724 544 1765; x_wconf 81' lang='lat' dir='ltr'>intelligit,</span> <span class='ocrx_word' id='word_1_128' title='bbox 573 1724 605 1755; x_wconf 88' lang='lat' dir='ltr'>in</span> <span class='ocrx_word' id='word_1_129' title='bbox 641 1734 703 1765; x_wconf 91' lang='lat' dir='ltr'>quo</span> <span class='ocrx_word' id='word_1_130' title='bbox 733 1724 885 1766; x_wconf 84' lang='lat' dir='ltr'>templum</span> 
     </span>
     <span class='ocr_line' id='line_1_25' title="bbox 220 1773 881 1816; baseline 0 -12"><span class='ocrx_word' id='word_1_131' title='bbox 220 1774 352 1805; x_wconf 79' lang='lat' dir='ltr'>Veneris</span> <span class='ocrx_word' id='word_1_132' title='bbox 388 1774 566 1805; x_wconf 84' lang='lat' dir='ltr'>Genetricis</span> <span class='ocrx_word' id='word_1_133' title='bbox 591 1773 662 1809; x_wconf 85' lang='lat' dir='ltr'>fuit,</span> <span class='ocrx_word' id='word_1_134' title='bbox 694 1773 778 1814; x_wconf 90' lang='lat' dir='ltr'>quod</span> <span class='ocrx_word' id='word_1_135' title='bbox 815 1775 881 1816; x_wconf 88' lang='lat' dir='ltr'>ipse</span> 
     </span>
     <span class='ocr_line' id='line_1_26' title="bbox 220 1823 881 1860; baseline -0.002 -5"><span class='ocrx_word' id='word_1_136' title='bbox 220 1825 327 1855; x_wconf 79' lang='lat' dir='ltr'>Caesar</span> <span class='ocrx_word' id='word_1_137' title='bbox 339 1824 488 1860; x_wconf 86' lang='lat' dir='ltr'>extruxit,</span> <span class='ocrx_word' id='word_1_138' title='bbox 514 1830 621 1854; x_wconf 85' lang='lat' dir='ltr'>votum</span> <span class='ocrx_word' id='word_1_139' title='bbox 642 1823 727 1854; x_wconf 89' lang='lat' dir='ltr'>bello</span> <span class='ocrx_word' id='word_1_140' title='bbox 750 1823 881 1854; x_wconf 81' lang='lat' dir='ltr'>Pharsa—</span> 
     </span>
     <span class='ocr_line' id='line_1_27' title="bbox 220 1872 882 1916; baseline 0 -13"><span class='ocrx_word' id='word_1_141' title='bbox 220 1873 291 1905; x_wconf 89' lang='lat' dir='ltr'>lico.</span> <span class='ocrx_word' id='word_1_142' title='bbox 336 1874 416 1904; x_wconf 84' lang='lat' dir='ltr'>Item</span> <span class='ocrx_word' id='word_1_143' title='bbox 447 1884 530 1915; x_wconf 79' lang='lat' dir='ltr'>aqua</span> <span class='ocrx_word' id='word_1_144' title='bbox 557 1873 672 1916; x_wconf 85' lang='lat' dir='ltr'>Appia,</span> <span class='ocrx_word' id='word_1_145' title='bbox 702 1883 796 1914; x_wconf 84' lang='lat' dir='ltr'>quam</span> <span class='ocrx_word' id='word_1_146' title='bbox 832 1872 882 1903; x_wconf 88' lang='lat' dir='ltr'>hic</span> 
     </span>
     <span class='ocr_line' id='line_1_28' title="bbox 222 1921 883 1963; baseline -0.003 -10"><span class='ocrx_word' id='word_1_147' title='bbox 222 1923 360 1962; x_wconf 75' lang='lat' dir='ltr'>Appiada</span> <span class='ocrx_word' id='word_1_148' title='bbox 375 1922 594 1963; x_wconf 82' lang='lat' dir='ltr'>Patronymica</span> <span class='ocrx_word' id='word_1_149' title='bbox 618 1922 715 1953; x_wconf 83' lang='lat' dir='ltr'>forma</span> <span class='ocrx_word' id='word_1_150' title='bbox 735 1921 883 1963; x_wconf 84' lang='lat' dir='ltr'>appellat.</span> 
     </span>
     <span class='ocr_line' id='line_1_29' title="bbox 220 1970 884 2002; baseline 0.002 -2"><span class='ocrx_word' id='word_1_151' title='bbox 220 1972 409 2002; x_wconf 68' lang='lat' dir='ltr'>MieYLLUS.</span> <span class='ocrx_word' id='word_1_152' title='bbox 433 1971 509 2002; x_wconf 86' lang='lat' dir='ltr'>Vid.</span> <span class='ocrx_word' id='word_1_153' title='bbox 524 1971 595 2002; x_wconf 81' lang='lat' dir='ltr'>infr.</span> <span class='ocrx_word' id='word_1_154' title='bbox 612 1971 670 2002; x_wconf 94' lang='lat' dir='ltr'>lib.</span> <span class='ocrx_word' id='word_1_155' title='bbox 688 1970 733 2001; x_wconf 90' lang='lat' dir='ltr'>iii.</span> <span class='ocrx_word' id='word_1_156' title='bbox 752 1972 827 2001; x_wconf 86' lang='lat'>451.</span> <span class='ocrx_word' id='word_1_157' title='bbox 852 1975 884 2001; x_wconf 87' lang='lat' dir='ltr'>et</span> 
     </span>
     <span class='ocr_line' id='line_1_30' title="bbox 223 2020 450 2050; baseline 0 0"><span class='ocrx_word' id='word_1_158' title='bbox 223 2020 358 2050; x_wconf 88' lang='lat' dir='ltr'>Remed.</span> <span class='ocrx_word' id='word_1_159' title='bbox 375 2021 450 2050; x_wconf 88' lang='lat'><strong>660.</strong></span> 
     </span>
    </p>

    <p class='ocr_par' dir='ltr' id='par_1_17' title="bbox 224 2067 885 2197">
     <span class='ocr_line' id='line_1_31' title="bbox 265 2067 885 2109; baseline -0.002 -10"><span class='ocrx_word' id='word_1_160' title='bbox 265 2070 319 2099; x_wconf 80' lang='lat'>82.</span> <span class='ocrx_word' id='word_1_161' title='bbox 347 2069 529 2109; x_wconf 57' lang='lat' dir='ltr'>Eapressiou]</span> <span class='ocrx_word' id='word_1_162' title='bbox 572 2068 701 2109; x_wconf 82' lang='lat' dir='ltr'>Propria</span> <span class='ocrx_word' id='word_1_163' title='bbox 721 2067 753 2098; x_wconf 88' lang='lat' dir='ltr'>in</span> <span class='ocrx_word' id='word_1_164' title='bbox 776 2068 834 2099; x_wconf 84' lang='lat' dir='ltr'>hac</span> <span class='ocrx_word' id='word_1_165' title='bbox 854 2078 885 2098; x_wconf 90' lang='lat' dir='ltr'>re</span> 
     </span>
     <span class='ocr_line' id='line_1_32' title="bbox 224 2117 885 2160; baseline 0 -12"><span class='ocrx_word' id='word_1_166' title='bbox 224 2129 297 2154; x_wconf 87' lang='lat' dir='ltr'>vox,</span> <span class='ocrx_word' id='word_1_167' title='bbox 326 2129 397 2149; x_wconf 87' lang='lat' dir='ltr'>cum</span> <span class='ocrx_word' id='word_1_168' title='bbox 424 2129 506 2159; x_wconf 87' lang='lat' dir='ltr'>aqua</span> <span class='ocrx_word' id='word_1_169' title='bbox 530 2128 585 2160; x_wconf 87' lang='lat' dir='ltr'>per</span> <span class='ocrx_word' id='word_1_170' title='bbox 607 2117 726 2148; x_wconf 80' lang='lat' dir='ltr'>fistulas</span> <span class='ocrx_word' id='word_1_171' title='bbox 747 2117 885 2148; x_wconf 86' lang='lat' dir='ltr'>ducitur.</span> 
     </span>
     <span class='ocr_line' id='line_1_33' title="bbox 226 2167 342 2197; baseline 0 -1"><span class='ocrx_word' id='word_1_172' title='bbox 226 2167 342 2197; x_wconf 64' lang='lat' dir='ltr'>Burin.</span> 
     </span>
    </p>

    <p class='ocr_par' dir='ltr' id='par_1_18' title="bbox 223 2215 887 2392">
     <span class='ocr_line' id='line_1_34' title="bbox 266 2215 886 2254; baseline -0.005 -9"><span class='ocrx_word' id='word_1_173' title='bbox 266 2216 321 2245; x_wconf 87' lang='lat'>83.</span> <span class='ocrx_word' id='word_1_174' title='bbox 338 2215 466 2254; x_wconf 77' lang='lat' dir='ltr'>Capitur</span> <span class='ocrx_word' id='word_1_175' title='bbox 479 2215 630 2245; x_wconf 72' lang='lat' dir='ltr'>consultus</span> <span class='ocrx_word' id='word_1_176' title='bbox 641 2215 771 2254; x_wconf 54' lang='lat' dir='ltr'>amora]</span> <span class='ocrx_word' id='word_1_177' title='bbox 799 2215 886 2244; x_wconf 81' lang='lat' dir='ltr'><em>Amo-</em></span> 
     </span>
     <span class='ocr_line' id='line_1_35' title="bbox 223 2262 887 2304; baseline -0.003 -10"><span class='ocrx_word' id='word_1_178' title='bbox 223 2266 263 2294; x_wconf 74' lang='lat' dir='ltr'>ris</span> <span class='ocrx_word' id='word_1_179' title='bbox 279 2263 461 2294; x_wconf 84' lang='lat' dir='ltr'>vetustiores</span> <span class='ocrx_word' id='word_1_180' title='bbox 481 2263 565 2294; x_wconf 87' lang='lat' dir='ltr'>libri.</span> <span class='ocrx_word' id='word_1_181' title='bbox 611 2263 706 2304; x_wconf 83' lang='lat' dir='ltr'>Lege,</span> <span class='ocrx_word' id='word_1_182' title='bbox 723 2264 838 2298; x_wconf 81' lang='lat' dir='ltr'>Amori,</span> <span class='ocrx_word' id='word_1_183' title='bbox 856 2262 887 2292; x_wconf 89' lang='lat' dir='ltr'>id</span> 
     </span>
     <span class='ocr_line' id='line_1_36' title="bbox 223 2311 885 2354; baseline -0.002 -11"><span class='ocrx_word' id='word_1_184' title='bbox 223 2318 280 2349; x_wconf 85' lang='lat' dir='ltr'>est,</span> <span class='ocrx_word' id='word_1_185' title='bbox 310 2312 473 2354; x_wconf 88' lang='lat' dir='ltr'>Cupidini.</span> <span class='ocrx_word' id='word_1_186' title='bbox 522 2313 681 2344; x_wconf 73' lang='lat' dir='ltr'>Consultus</span> <span class='ocrx_word' id='word_1_187' title='bbox 711 2322 764 2354; x_wconf 88' lang='lat' dir='ltr'>pro</span> <span class='ocrx_word' id='word_1_188' title='bbox 793 2311 885 2353; x_wconf 88' lang='lat' dir='ltr'>juris—</span> 
     </span>
     <span class='ocr_line' id='line_1_37' title="bbox 224 2361 539 2392; baseline 0 0"><span class='ocrx_word' id='word_1_189' title='bbox 224 2361 376 2392; x_wconf 78' lang='lat' dir='ltr'>consulto,</span> <span class='ocrx_word' id='word_1_190' title='bbox 421 2362 539 2392; x_wconf 52' lang='lat' dir='ltr'>Hiems.</span> 
     </span>
    </p>

    <p class='ocr_par' dir='ltr' id='par_1_19' title="bbox 224 2409 887 2789">
     <span class='ocr_line' id='line_1_38' title="bbox 267 2409 886 2450; baseline 0.002 -11"><span class='ocrx_word' id='word_1_191' title='bbox 267 2411 320 2440; x_wconf 83' lang='lat'>89.</span> <span class='ocrx_word' id='word_1_192' title='bbox 338 2410 445 2440; x_wconf 61' lang='lat' dir='ltr'>Curris</span> <span class='ocrx_word' id='word_1_193' title='bbox 462 2421 568 2440; x_wconf 79' lang='lat' dir='ltr'>venare</span> <span class='ocrx_word' id='word_1_194' title='bbox 583 2410 739 2450; x_wconf 61' lang='lat' dir='ltr'>theatris]</span> <span class='ocrx_word' id='word_1_195' title='bbox 768 2410 810 2440; x_wconf 84' lang='lat' dir='ltr'>Ut</span> <span class='ocrx_word' id='word_1_196' title='bbox 825 2409 886 2440; x_wconf 87' lang='lat' dir='ltr'>duo</span> 
     </span>
     <span class='ocr_line' id='line_1_39' title="bbox 224 2458 887 2500; baseline 0.002 -12"><span class='ocrx_word' id='word_1_197' title='bbox 224 2459 334 2488; x_wconf 80' lang='lat' dir='ltr'>Romae</span> <span class='ocrx_word' id='word_1_198' title='bbox 352 2458 592 2500; x_wconf 79' lang='lat' dir='ltr'>amphitheatra,</span> <span class='ocrx_word' id='word_1_199' title='bbox 606 2464 763 2489; x_wconf 82' lang='lat' dir='ltr'>castrense</span> <span class='ocrx_word' id='word_1_200' title='bbox 777 2458 844 2489; x_wconf 87' lang='lat' dir='ltr'>scil.</span> <span class='ocrx_word' id='word_1_201' title='bbox 856 2464 887 2488; x_wconf 89' lang='lat' dir='ltr'>et</span> 
     </span>
     <span class='ocr_line' id='line_1_40' title="bbox 224 2506 885 2548; baseline 0.002 -11"><span class='ocrx_word' id='word_1_202' title='bbox 224 2506 418 2543; x_wconf 79' lang='lat' dir='ltr'>Flavianum,</span> <span class='ocrx_word' id='word_1_203' title='bbox 446 2507 539 2548; x_wconf 80' lang='lat' dir='ltr'>vulgo</span> <span class='ocrx_word' id='word_1_204' title='bbox 567 2507 756 2538; x_wconf 78' lang='lat' dir='ltr'>Colossaeuin</span> <span class='ocrx_word' id='word_1_205' title='bbox 784 2508 885 2548; x_wconf 84' lang='lat' dir='ltr'>(nunc</span> 
     </span>
     <span class='ocr_line' id='line_1_41' title="bbox 226 2555 885 2598; baseline 0.002 -13"><span class='ocrx_word' id='word_1_206' title='bbox 226 2558 251 2586; x_wconf 83' lang='lat' dir='ltr'>le</span> <span class='ocrx_word' id='word_1_207' title='bbox 277 2556 416 2594; x_wconf 55' lang='lat' dir='ltr'>ColistsseQ</span> <span class='ocrx_word' id='word_1_208' title='bbox 432 2556 476 2586; x_wconf 86' lang='lat' dir='ltr'>sic</span> <span class='ocrx_word' id='word_1_209' title='bbox 498 2561 530 2586; x_wconf 80' lang='lat' dir='ltr'>et</span> <span class='ocrx_word' id='word_1_210' title='bbox 553 2556 612 2586; x_wconf 77' lang='lat' dir='ltr'>tria</span> <span class='ocrx_word' id='word_1_211' title='bbox 633 2555 754 2586; x_wconf 77' lang='lat' dir='ltr'>theatra</span> <span class='ocrx_word' id='word_1_212' title='bbox 778 2567 885 2598; x_wconf 89' lang='lat' dir='ltr'>peren-</span> 
     </span>
     <span class='ocr_line' id='line_1_42' title="bbox 225 2605 884 2647; baseline 0 -12"><span class='ocrx_word' id='word_1_213' title='bbox 225 2611 347 2641; x_wconf 82' lang='lat' dir='ltr'>narunt‚</span> <span class='ocrx_word' id='word_1_214' title='bbox 376 2616 444 2647; x_wconf 78' lang='lat' dir='ltr'>quae</span> <span class='ocrx_word' id='word_1_215' title='bbox 473 2605 602 2645; x_wconf 76' lang='lat' dir='ltr'>Pompeii</span> <span class='ocrx_word' id='word_1_216' title='bbox 631 2605 767 2641; x_wconf 82' lang='lat' dir='ltr'>fuerunt,</span> <span class='ocrx_word' id='word_1_217' title='bbox 800 2605 884 2635; x_wconf 81' lang='lat' dir='ltr'>Mar—</span> 
     </span>
     <span class='ocr_line' id='line_1_43' title="bbox 224 2655 884 2685; baseline -0.002 0"><span class='ocrx_word' id='word_1_218' title='bbox 224 2656 292 2685; x_wconf 69' lang='lat' dir='ltr'>celli</span> <span class='ocrx_word' id='word_1_219' title='bbox 308 2661 338 2685; x_wconf 91' lang='lat' dir='ltr'>et</span> <span class='ocrx_word' id='word_1_220' title='bbox 356 2655 454 2685; x_wconf 68' lang='lat' dir='ltr'>Balbi.</span> <span class='ocrx_word' id='word_1_221' title='bbox 488 2655 656 2685; x_wconf 80' lang='lat' dir='ltr'>Theatrum</span> <span class='ocrx_word' id='word_1_222' title='bbox 673 2660 777 2685; x_wconf 85' lang='lat' dir='ltr'>autem</span> <span class='ocrx_word' id='word_1_223' title='bbox 793 2655 884 2684; x_wconf 84' lang='lat' dir='ltr'>Pom-</span> 
     </span>
     <span class='ocr_line' id='line_1_44' title="bbox 224 2703 885 2745; baseline 0 -12"><span class='ocrx_word' id='word_1_224' title='bbox 224 2703 285 2745; x_wconf 77' lang='lat' dir='ltr'>peii</span> <span class='ocrx_word' id='word_1_225' title='bbox 304 2704 334 2733; x_wconf 89' lang='lat' dir='ltr'>in</span> <span class='ocrx_word' id='word_1_226' title='bbox 351 2703 469 2745; x_wconf 71' lang='lat' dir='ltr'>s&#39;arnpo</span> <span class='ocrx_word' id='word_1_227' title='bbox 490 2704 598 2739; x_wconf 71' lang='lat' dir='ltr'>Florae,</span> <span class='ocrx_word' id='word_1_228' title='bbox 617 2703 668 2734; x_wconf 87' lang='lat' dir='ltr'>ubi</span> <span class='ocrx_word' id='word_1_229' title='bbox 695 2714 776 2734; x_wconf 87' lang='lat' dir='ltr'>nunc</span> <span class='ocrx_word' id='word_1_230' title='bbox 801 2704 885 2733; x_wconf 69' lang='lat' dir='ltr'>mdes·</span> 
     </span>
     <span class='ocr_line' id='line_1_45' title="bbox 226 2752 884 2789; baseline 0.002 -7"><span class='ocrx_word' id='word_1_231' title='bbox 226 2752 351 2783; x_wconf 77' lang='lat' dir='ltr'>Ducum</span> <span class='ocrx_word' id='word_1_232' title='bbox 368 2752 559 2789; x_wconf 75' lang='lat' dir='ltr'>Ursinorurn5</span> <span class='ocrx_word' id='word_1_233' title='bbox 577 2752 652 2784; x_wconf 75' lang='lat' dir='ltr'>fuit1</span> <span class='ocrx_word' id='word_1_234' title='bbox 680 2752 837 2787; x_wconf 68' lang='lat' dir='ltr'>Marcelli,</span> <span class='ocrx_word' id='word_1_235' title='bbox 854 2753 884 2784; x_wconf 88' lang='lat' dir='ltr'>in</span> 
     </span>
    </p>
   </div>
   <div class='ocr_carea' id='block_1_11' title="bbox 949 1574 1617 2745">
    <p class='ocr_par' dir='ltr' id='par_1_20' title="bbox 949 1574 1614 1815">
     <span class='ocr_line' id='line_1_46' title="bbox 954 1574 1613 1617; baseline -0.006 -9"><span class='ocrx_word' id='word_1_236' title='bbox 954 1578 1016 1608; x_wconf 83' lang='lat' dir='ltr'>foro</span> <span class='ocrx_word' id='word_1_237' title='bbox 1030 1576 1240 1612; x_wconf 76' lang='lat' dir='ltr'>Montanario,</span> <span class='ocrx_word' id='word_1_238' title='bbox 1255 1575 1306 1607; x_wconf 89' lang='lat' dir='ltr'>ubi</span> <span class='ocrx_word' id='word_1_239' title='bbox 1323 1576 1407 1606; x_wconf 80' lang='lat' dir='ltr'>aedes</span> <span class='ocrx_word' id='word_1_240' title='bbox 1432 1574 1613 1617; x_wconf 85' lang='lat' dir='ltr'>Principum</span> 
     </span>
     <span class='ocr_line' id='line_1_47' title="bbox 953 1624 1614 1662; baseline -0.005 -5"><span class='ocrx_word' id='word_1_241' title='bbox 953 1626 1168 1657; x_wconf 86' lang='lat' dir='ltr'>Sabellorum:</span> <span class='ocrx_word' id='word_1_242' title='bbox 1200 1625 1306 1661; x_wconf 83' lang='lat' dir='ltr'>Balbi,</span> <span class='ocrx_word' id='word_1_243' title='bbox 1332 1624 1422 1655; x_wconf 85' lang='lat' dir='ltr'>sedes</span> <span class='ocrx_word' id='word_1_244' title='bbox 1450 1624 1593 1655; x_wconf 83' lang='lat' dir='ltr'>incertior</span> <span class='ocrx_word' id='word_1_245' title='bbox 1607 1637 1614 1662; x_wconf 80' lang='lat'>3</span> 
     </span>
     <span class='ocr_line' id='line_1_48' title="bbox 953 1673 1613 1717; baseline -0.005 -11"><span class='ocrx_word' id='word_1_246' title='bbox 953 1675 1008 1706; x_wconf 89' lang='lat' dir='ltr'>sed</span> <span class='ocrx_word' id='word_1_247' title='bbox 1025 1675 1117 1717; x_wconf 84' lang='lat' dir='ltr'>juxta</span> <span class='ocrx_word' id='word_1_248' title='bbox 1140 1675 1266 1706; x_wconf 90' lang='lat' dir='ltr'>Circum</span> <span class='ocrx_word' id='word_1_249' title='bbox 1293 1673 1480 1704; x_wconf 82' lang='lat' dir='ltr'>Flaminium</span> <span class='ocrx_word' id='word_1_250' title='bbox 1508 1673 1613 1710; x_wconf 81' lang='lat' dir='ltr'>fuisse,</span> 
     </span>
     <span class='ocr_line' id='line_1_49' title="bbox 953 1722 1613 1766; baseline -0.002 -11"><span class='ocrx_word' id='word_1_251' title='bbox 953 1731 1027 1755; x_wconf 86' lang='lat' dir='ltr'>sunt</span> <span class='ocrx_word' id='word_1_252' title='bbox 1051 1724 1105 1766; x_wconf 90' lang='lat' dir='ltr'>qui</span> <span class='ocrx_word' id='word_1_253' title='bbox 1125 1724 1317 1755; x_wconf 85' lang='lat' dir='ltr'>existiment.</span> <span class='ocrx_word' id='word_1_254' title='bbox 1362 1723 1476 1764; x_wconf 76' lang='lat' dir='ltr'>Agitur</span> <span class='ocrx_word' id='word_1_255' title='bbox 1501 1722 1551 1754; x_wconf 91' lang='lat' dir='ltr'>hic</span> <span class='ocrx_word' id='word_1_256' title='bbox 1574 1724 1613 1754; x_wconf 84' lang='lat' dir='ltr'>de</span> 
     </span>
     <span class='ocr_line' id='line_1_50' title="bbox 949 1772 1313 1815; baseline -0.005 -11"><span class='ocrx_word' id='word_1_257' title='bbox 949 1773 1151 1815; x_wconf 85' lang='lat' dir='ltr'>Pompeiano.</span> <span class='ocrx_word' id='word_1_258' title='bbox 1195 1772 1313 1803; x_wconf 71' lang='lat' dir='ltr'><strong>AMAB-</strong></span> 
     </span>
    </p>

    <p class='ocr_par' dir='ltr' id='par_1_21' title="bbox 949 1820 1613 2010">
     <span class='ocr_line' id='line_1_51' title="bbox 992 1820 1610 1861; baseline -0.005 -8"><span class='ocrx_word' id='word_1_259' title='bbox 992 1823 1048 1853; x_wconf 88' lang='lat'>91.</span> <span class='ocrx_word' id='word_1_260' title='bbox 1067 1822 1154 1857; x_wconf 77' lang='lat' dir='ltr'>Quod</span> <span class='ocrx_word' id='word_1_261' title='bbox 1169 1822 1304 1861; x_wconf 61' lang='lat' dir='ltr'>ludere]</span> <span class='ocrx_word' id='word_1_262' title='bbox 1343 1820 1491 1851; x_wconf 80' lang='lat' dir='ltr'>Francius</span> <span class='ocrx_word' id='word_1_263' title='bbox 1511 1820 1610 1851; x_wconf 84' lang='lat' dir='ltr'>male-</span> 
     </span>
     <span class='ocr_line' id='line_1_52' title="bbox 949 1868 1613 1912; baseline -0.003 -11"><span class='ocrx_word' id='word_1_264' title='bbox 949 1872 1015 1907; x_wconf 81' lang='lat' dir='ltr'>bat,</span> <span class='ocrx_word' id='word_1_265' title='bbox 1031 1883 1086 1912; x_wconf 79' lang='lat' dir='ltr'>quo</span> <span class='ocrx_word' id='word_1_266' title='bbox 1102 1872 1217 1901; x_wconf 77' lang='lat' dir='ltr'>ludere.</span> <span class='ocrx_word' id='word_1_267' title='bbox 1235 1872 1339 1901; x_wconf 77' lang='lat' dir='ltr'>ludere</span> <span class='ocrx_word' id='word_1_268' title='bbox 1354 1871 1386 1900; x_wconf 83' lang='lat' dir='ltr'>in</span> <span class='ocrx_word' id='word_1_269' title='bbox 1406 1870 1512 1909; x_wconf 73' lang='lat' dir='ltr'>puella</span> <span class='ocrx_word' id='word_1_270' title='bbox 1535 1868 1613 1899; x_wconf 83' lang='lat' dir='ltr'>dixit</span> 
     </span>
     <span class='ocr_line' id='line_1_53' title="bbox 951 1918 1613 1962; baseline -0.005 -11"><span class='ocrx_word' id='word_1_271' title='bbox 951 1921 1093 1962; x_wconf 87' lang='lat' dir='ltr'>Propert.</span> <span class='ocrx_word' id='word_1_272' title='bbox 1116 1919 1151 1950; x_wconf 88' lang='lat' dir='ltr'>ii.</span> <span class='ocrx_word' id='word_1_273' title='bbox 1175 1930 1241 1950; x_wconf 92' lang='lat' dir='ltr'>ver.</span> <span class='ocrx_word' id='word_1_274' title='bbox 1267 1920 1299 1950; x_wconf 87' lang='lat'>4.</span> <span class='ocrx_word' id='word_1_275' title='bbox 1323 1918 1379 1950; x_wconf 90' lang='lat' dir='ltr'>sed</span> <span class='ocrx_word' id='word_1_276' title='bbox 1403 1918 1490 1949; x_wconf 85' lang='lat' dir='ltr'>nulla</span> <span class='ocrx_word' id='word_1_277' title='bbox 1512 1924 1613 1949; x_wconf 81' lang='lat' dir='ltr'>muta-</span> 
     </span>
     <span class='ocr_line' id='line_1_54' title="bbox 951 1968 1424 2010; baseline -0.004 -10"><span class='ocrx_word' id='word_1_278' title='bbox 951 1969 1034 2000; x_wconf 83' lang='lat' dir='ltr'>tione</span> <span class='ocrx_word' id='word_1_279' title='bbox 1050 1980 1141 2010; x_wconf 73' lang='lat' dir='ltr'>opuS.</span> <span class='ocrx_word' id='word_1_280' title='bbox 1158 1968 1231 1999; x_wconf 89' lang='lat' dir='ltr'>infr.</span> <span class='ocrx_word' id='word_1_281' title='bbox 1249 1978 1331 1999; x_wconf 89' lang='lat' dir='ltr'>vers.</span> <span class='ocrx_word' id='word_1_282' title='bbox 1347 1968 1424 1998; x_wconf 79' lang='lat'>643.</span> 
     </span>
    </p>

    <p class='ocr_par' dir='ltr' id='par_1_22' title="bbox 997 2017 1613 2058">
     <span class='ocr_line' id='line_1_55' title="bbox 997 2017 1613 2058; baseline -0.003 -10"><span class='ocrx_word' id='word_1_283' title='bbox 997 2018 1120 2054; x_wconf 79' lang='lat' dir='ltr'>Ludite,</span> <span class='ocrx_word' id='word_1_284' title='bbox 1135 2019 1160 2048; x_wconf 81' lang='lat' dir='ltr'>si</span> <span class='ocrx_word' id='word_1_285' title='bbox 1171 2019 1286 2058; x_wconf 78' lang='lat' dir='ltr'>sapitis,</span> <span class='ocrx_word' id='word_1_286' title='bbox 1303 2018 1378 2048; x_wconf 82' lang='lat' dir='ltr'>solas</span> <span class='ocrx_word' id='word_1_287' title='bbox 1392 2019 1512 2056; x_wconf 80' lang='lat' dir='ltr'>impune</span> <span class='ocrx_word' id='word_1_288' title='bbox 1529 2017 1613 2056; x_wconf 79' lang='lat' dir='ltr'>puel—</span> 
     </span>
    </p>

    <p class='ocr_par' dir='ltr' id='par_1_23' title="bbox 1043 2066 1570 2097">
     <span class='ocr_line' id='line_1_56' title="bbox 1043 2066 1570 2097; baseline -0.004 0"><span class='ocrx_word' id='word_1_289' title='bbox 1043 2068 1096 2097; x_wconf 84' lang='lat' dir='ltr'>las.</span> <span class='ocrx_word' id='word_1_290' title='bbox 1451 2066 1570 2096; x_wconf 74' lang='lat' dir='ltr'>Bunm.</span> 
     </span>
    </p>

    <p class='ocr_par' dir='ltr' id='par_1_24' title="bbox 952 2114 1617 2547">
     <span class='ocr_line' id='line_1_57' title="bbox 996 2114 1614 2156; baseline -0.003 -10"><span class='ocrx_word' id='word_1_291' title='bbox 996 2117 1051 2146; x_wconf 85' lang='lat'>92.</span> <span class='ocrx_word' id='word_1_292' title='bbox 1078 2116 1220 2156; x_wconf 73' lang='lat' dir='ltr'>Quodqzie</span> <span class='ocrx_word' id='word_1_293' title='bbox 1242 2115 1371 2155; x_wconf 56' lang='lat' dir='ltr'>tenera]</span> <span class='ocrx_word' id='word_1_294' title='bbox 1404 2115 1485 2145; x_wconf 83' lang='lat' dir='ltr'>Puto</span> <span class='ocrx_word' id='word_1_295' title='bbox 1507 2114 1614 2155; x_wconf 84' lang='lat' dir='ltr'>vulga-</span> 
     </span>
     <span class='ocr_line' id='line_1_58' title="bbox 956 2163 1615 2206; baseline -0.003 -11"><span class='ocrx_word' id='word_1_296' title='bbox 956 2171 1018 2195; x_wconf 86' lang='lat' dir='ltr'>tam</span> <span class='ocrx_word' id='word_1_297' title='bbox 1032 2169 1190 2206; x_wconf 68' lang='lat' dir='ltr'>praestare,</span> <span class='ocrx_word' id='word_1_298' title='bbox 1207 2170 1238 2195; x_wconf 86' lang='lat' dir='ltr'>et</span> <span class='ocrx_word' id='word_1_299' title='bbox 1253 2164 1335 2194; x_wconf 88' lang='lat' dir='ltr'>hunc</span> <span class='ocrx_word' id='word_1_300' title='bbox 1349 2163 1462 2194; x_wconf 80' lang='lat' dir='ltr'>habere</span> <span class='ocrx_word' id='word_1_301' title='bbox 1473 2174 1596 2194; x_wconf 88' lang='lat' dir='ltr'>sensum</span> <span class='ocrx_word' id='word_1_302' title='bbox 1606 2175 1615 2202; x_wconf 75' lang='lat'>;</span> 
     </span>
     <span class='ocr_line' id='line_1_59' title="bbox 954 2211 1617 2254; baseline -0.002 -11"><span class='ocrx_word' id='word_1_303' title='bbox 954 2214 987 2244; x_wconf 86' lang='lat' dir='ltr'>in</span> <span class='ocrx_word' id='word_1_304' title='bbox 1013 2212 1144 2243; x_wconf 84' lang='lat' dir='ltr'>theatris</span> <span class='ocrx_word' id='word_1_305' title='bbox 1169 2212 1305 2254; x_wconf 83' lang='lat' dir='ltr'>duplicis</span> <span class='ocrx_word' id='word_1_306' title='bbox 1329 2211 1450 2253; x_wconf 85' lang='lat' dir='ltr'>generis</span> <span class='ocrx_word' id='word_1_307' title='bbox 1471 2211 1617 2242; x_wconf 82' lang='lat' dir='ltr'>mulieres</span> 
     </span>
     <span class='ocr_line' id='line_1_60' title="bbox 954 2260 1614 2303; baseline -0.006 -10"><span class='ocrx_word' id='word_1_308' title='bbox 954 2261 1082 2298; x_wconf 84' lang='lat' dir='ltr'>offendi,</span> <span class='ocrx_word' id='word_1_309' title='bbox 1099 2268 1130 2292; x_wconf 86' lang='lat' dir='ltr'>et</span> <span class='ocrx_word' id='word_1_310' title='bbox 1145 2273 1223 2303; x_wconf 85' lang='lat' dir='ltr'>quas</span> <span class='ocrx_word' id='word_1_311' title='bbox 1237 2261 1316 2292; x_wconf 90' lang='lat' dir='ltr'>velis</span> <span class='ocrx_word' id='word_1_312' title='bbox 1329 2261 1425 2291; x_wconf 82' lang='lat' dir='ltr'>semel</span> <span class='ocrx_word' id='word_1_313' title='bbox 1440 2260 1530 2290; x_wconf 91' lang='lat' dir='ltr'>modo</span> <span class='ocrx_word' id='word_1_314' title='bbox 1545 2266 1614 2290; x_wconf 85' lang='lat' dir='ltr'>tan-</span> 
     </span>
     <span class='ocr_line' id='line_1_61' title="bbox 953 2310 1616 2352; baseline -0.003 -11"><span class='ocrx_word' id='word_1_315' title='bbox 953 2322 1039 2352; x_wconf 84' lang='lat' dir='ltr'>gere,</span> <span class='ocrx_word' id='word_1_316' title='bbox 1057 2310 1170 2342; x_wconf 87' lang='lat' dir='ltr'>deinde</span> <span class='ocrx_word' id='word_1_317' title='bbox 1185 2311 1297 2341; x_wconf 85' lang='lat' dir='ltr'>iterum</span> <span class='ocrx_word' id='word_1_318' title='bbox 1320 2311 1428 2341; x_wconf 83' lang='lat' dir='ltr'>missas</span> <span class='ocrx_word' id='word_1_319' title='bbox 1451 2310 1565 2346; x_wconf 78' lang='lat' dir='ltr'>facere,</span> <span class='ocrx_word' id='word_1_320' title='bbox 1583 2315 1616 2340; x_wconf 87' lang='lat' dir='ltr'>ut</span> 
     </span>
     <span class='ocr_line' id='line_1_62' title="bbox 954 2359 1614 2400; baseline -0.003 -10"><span class='ocrx_word' id='word_1_321' title='bbox 954 2367 1027 2390; x_wconf 86' lang='lat' dir='ltr'>sunt</span> <span class='ocrx_word' id='word_1_322' title='bbox 1042 2359 1194 2390; x_wconf 85' lang='lat' dir='ltr'>libertinae</span> <span class='ocrx_word' id='word_1_323' title='bbox 1209 2366 1241 2390; x_wconf 86' lang='lat' dir='ltr'>et</span> <span class='ocrx_word' id='word_1_324' title='bbox 1255 2359 1450 2397; x_wconf 78' lang='lat' dir='ltr'>meretrices3</span> <span class='ocrx_word' id='word_1_325' title='bbox 1467 2359 1521 2389; x_wconf 89' lang='lat' dir='ltr'>sed</span> <span class='ocrx_word' id='word_1_326' title='bbox 1537 2369 1614 2400; x_wconf 83' lang='lat' dir='ltr'>prae-</span> 
     </span>
     <span class='ocr_line' id='line_1_63' title="bbox 954 2407 1616 2450; baseline -0.003 -11"><span class='ocrx_word' id='word_1_327' title='bbox 954 2414 1038 2439; x_wconf 78' lang='lat' dir='ltr'>terea</span> <span class='ocrx_word' id='word_1_328' title='bbox 1066 2408 1203 2450; x_wconf 88' lang='lat' dir='ltr'>reperiri,</span> <span class='ocrx_word' id='word_1_329' title='bbox 1233 2418 1310 2449; x_wconf 84' lang='lat' dir='ltr'>quas</span> <span class='ocrx_word' id='word_1_330' title='bbox 1337 2413 1514 2438; x_wconf 82' lang='lat' dir='ltr'>constanter</span> <span class='ocrx_word' id='word_1_331' title='bbox 1538 2407 1616 2438; x_wconf 89' lang='lat' dir='ltr'>velis</span> 
     </span>
     <span class='ocr_line' id='line_1_64' title="bbox 955 2457 1615 2500; baseline -0.003 -11"><span class='ocrx_word' id='word_1_332' title='bbox 955 2468 1069 2494; x_wconf 81' lang='lat' dir='ltr'>amare,</span> <span class='ocrx_word' id='word_1_333' title='bbox 1085 2464 1116 2489; x_wconf 83' lang='lat' dir='ltr'>et</span> <span class='ocrx_word' id='word_1_334' title='bbox 1131 2457 1245 2500; x_wconf 88' lang='lat' dir='ltr'>quibus</span> <span class='ocrx_word' id='word_1_335' title='bbox 1258 2457 1361 2488; x_wconf 84' lang='lat' dir='ltr'>dicere</span> <span class='ocrx_word' id='word_1_336' title='bbox 1376 2458 1483 2498; x_wconf 77' lang='lat' dir='ltr'>possis,</span> <span class='ocrx_word' id='word_1_337' title='bbox 1496 2465 1526 2487; x_wconf 79' lang='lat' dir='ltr'>tu</span> <span class='ocrx_word' id='word_1_338' title='bbox 1543 2459 1615 2488; x_wconf 76' lang='lat' dir='ltr'>mihi</span> 
     </span>
     <span class='ocr_line' id='line_1_65' title="bbox 952 2507 1295 2547; baseline -0.003 -10"><span class='ocrx_word' id='word_1_339' title='bbox 952 2508 1012 2537; x_wconf 81' lang='lat' dir='ltr'>sola</span> <span class='ocrx_word' id='word_1_340' title='bbox 1025 2509 1135 2547; x_wconf 80' lang='lat' dir='ltr'>places.</span> <span class='ocrx_word' id='word_1_341' title='bbox 1179 2507 1295 2537; x_wconf 71' lang='lat' dir='ltr'>Bunm.</span> 
     </span>
    </p>

    <p class='ocr_par' dir='ltr' id='par_1_25' title="bbox 953 2554 1615 2745">
     <span class='ocr_line' id='line_1_66' title="bbox 996 2554 1614 2595; baseline -0.003 -9"><span class='ocrx_word' id='word_1_342' title='bbox 996 2557 1050 2586; x_wconf 82' lang='lat'>94.</span> <span class='ocrx_word' id='word_1_343' title='bbox 1069 2555 1221 2595; x_wconf 59' lang='lat' dir='ltr'>Solitum]</span> <span class='ocrx_word' id='word_1_344' title='bbox 1251 2556 1384 2585; x_wconf 78' lang='lat' dir='ltr'>Solidum</span> <span class='ocrx_word' id='word_1_345' title='bbox 1408 2554 1562 2585; x_wconf 80' lang='lat' dir='ltr'>Oxonien.</span> <span class='ocrx_word' id='word_1_346' title='bbox 1583 2561 1614 2584; x_wconf 83' lang='lat' dir='ltr'>et</span> 
     </span>
     <span class='ocr_line' id='line_1_67' title="bbox 954 2603 1615 2646; baseline -0.003 -11"><span class='ocrx_word' id='word_1_347' title='bbox 954 2606 1089 2646; x_wconf 86' lang='lat' dir='ltr'>quinque</span> <span class='ocrx_word' id='word_1_348' title='bbox 1116 2604 1177 2635; x_wconf 79' lang='lat' dir='ltr'>alii.</span> <span class='ocrx_word' id='word_1_349' title='bbox 1204 2603 1285 2645; x_wconf 89' lang='lat' dir='ltr'>quod</span> <span class='ocrx_word' id='word_1_350' title='bbox 1315 2604 1390 2634; x_wconf 88' lang='lat' dir='ltr'>forte</span> <span class='ocrx_word' id='word_1_351' title='bbox 1414 2609 1552 2640; x_wconf 87' lang='lat' dir='ltr'>1·ectuiu;</span> <span class='ocrx_word' id='word_1_352' title='bbox 1581 2609 1615 2633; x_wconf 90' lang='lat' dir='ltr'>ut</span> 
     </span>
     <span class='ocr_line' id='line_1_68' title="bbox 953 2652 1614 2694; baseline -0.005 -10"><span class='ocrx_word' id='word_1_353' title='bbox 953 2654 1105 2694; x_wconf 77' lang='lat' dir='ltr'>intelligat</span> <span class='ocrx_word' id='word_1_354' title='bbox 1120 2664 1217 2694; x_wconf 75' lang='lat' dir='ltr'>grana</span> <span class='ocrx_word' id='word_1_355' title='bbox 1233 2652 1369 2683; x_wconf 82' lang='lat' dir='ltr'>nonduin</span> <span class='ocrx_word' id='word_1_356' title='bbox 1385 2652 1456 2683; x_wconf 79' lang='lat' dir='ltr'>trita</span> <span class='ocrx_word' id='word_1_357' title='bbox 1469 2658 1521 2683; x_wconf 85' lang='lat' dir='ltr'>aut</span> <span class='ocrx_word' id='word_1_358' title='bbox 1531 2662 1614 2682; x_wconf 88' lang='lat' dir='ltr'>coin-</span> 
     </span>
     <span class='ocr_line' id='line_1_69' title="bbox 953 2703 1372 2745; baseline -0.002 -12"><span class='ocrx_word' id='word_1_359' title='bbox 953 2704 1071 2734; x_wconf 72' lang='lat' dir='ltr'>minuta</span> <span class='ocrx_word' id='word_1_360' title='bbox 1089 2703 1118 2733; x_wconf 91' lang='lat' dir='ltr'>in</span> <span class='ocrx_word' id='word_1_361' title='bbox 1135 2703 1207 2745; x_wconf 84' lang='lat' dir='ltr'>pila.</span> <span class='ocrx_word' id='word_1_362' title='bbox 1255 2703 1372 2733; x_wconf 73' lang='lat' dir='ltr'>Bi&#39;nru.</span> 
     </span>
    </p>
   </div>
  </div>
 </body>
</html>
