1849 3198
617 239 959 281 HEROIDES.
996 240 1086 281 ΕΡ.
1121 241 1256 284 XIV.
1549 245 1630 285 179

245 352 344 402 Per
368 370 518 411 mare,
545 372 634 419 per
656 363 827 410 terras,
855 362 1168 418 cognataque
1193 358 1398 406 flumina
1421 359 1604 416 curris;

312 432 414 480 Dat
437 449 586 489 mare,
614 433 734 480 dant
758 448 944 488 amnes,
972 432 1058 479 dat
1081 433 1170 479 tibi
1196 441 1325 482 terra
1349 435 1494 482 viam.

245 507 369 562 Quae
395 510 484 557 tibi
509 526 687 557 caussa
711 510 872 572 fugae?
912 510 1031 572 quid
1060 509 1114 555 Io'
1140 510 1263 557 freta
1287 513 1434 574 longa
1465 529 1629 576 perer-

311 586 359 632 N
364 603 426 634 on
450 587 633 651 poteris
658 588 821 634 vultus
847 587 1066 649 effugere
1091 587 1200 650 ipsa
1222 595 1351 635 tuos.
1491 591 1591 652 [ras
1612 591 1629 637 ἲ

244 661 433 720 Inachi,
451 680 550 727 quo
566 664 830 728 properas?
849 664 1023 711 eadem
1040 665 1366 729 sequerisque
1381 665 1629 730 fugisque.

309 741 384 788 Tu
409 742 498 789 tibi
522 742 625 789 dux
651 742 819 789 comiti
842 759 851 790 :
890 749 944 788 tu
969 758 1137 788 comes
1163 742 1273 806 ipsa
1296 743 1427 790 duci.
1540 747 1630 791 106

244 817 342 865 Per
366 826 557 882 septem
585 818 729 865 Nilus
755 825 927 882 portus
954 819 1164 866 emissus
1190 820 1240 866 in
1265 836 1434 883 aequor

311 895 466 943 Exuit
488 896 673 943 insanae
698 896 889 959 pellicis
915 912 1001 943 ora
1023 896 1152 944 bovi.

245 972 435 1021 Ultima
458 975 579 1037 quid
604 974 827 1030 referam,
855 990 1067 1037 quorum
1091 974 1211 1021 mihi
1237 991 1364 1022 cana
1387 981 1620 1022 senectus

309 1051 525 1099 Auctor?
562 1053 682 1099 dant
706 1051 820 1099 anni
847 1051 980 1114 quod
1008 1067 1201 1114 querar,
1230 1068 1364 1108 ecce,
1391 1052 1506 1099 mei.
1540 1054 1633 1098 110

244 1128 387 1177 Bella
410 1136 552 1193 pater
587 1136 897 1193 patruusque
935 1136 1140 1191 gerunt:
1181 1146 1436 1194 regnoque
1462 1130 1632 1177 domo-

309 1205 565 1254 Pellimur.
604 1208 791 1270 ejectos
815 1207 1018 1254 ultimus
1045 1208 1176 1254 orbis
1203 1208 1370 1256 habet.
1511 1208 1633 1270 [que

290 1367 359 1397 103.
384 1366 465 1402 Quid
482 1367 611 1409 Ib'freta
625 1369 713 1409 longa
726 1379 862 1407 pererras
872 1368 900 1408 ?]

240 1416 293 1447 An
307 1416 372 1453 hic,
390 1423 425 1447 ut
449 1416 481 1446 in
497 1417 557 1453 Ibi,
573 1416 704 1459 primam
727 1417 819 1459 hujus
838 1417 904 1447 dic-

239 1465 333 1497 tionis
359 1466 527 1507 corripuit?
550 1477 590 1497 an
605 1477 676 1497 vero
700 1477 759 1497 vox
782 1473 828 1497 est
850 1477 904 1497 ex-

240 1515 427 1546 clamantis?
463 1516 649 1546 onmirs.
702 1516 822 1546 Lovan.
860 1517 905 1546 vel

240 1567 312 1605 quid
331 1566 421 1608 freta
450 1567 552 1607 longa.
597 1565 724 1601 Moreti,
753 1578 815 1606 qnae
844 1568 904 1602 dic,

230 1615 321 1656 freta
338 1616 360 1645 l.
375 1626 409 1655 p.

288 1665 358 1695 107.
384 1665 534 1695 Demisszts
562 1665 596 1694 in
621 1665 746 1705 [equora]
775 1664 905 1695 Emi-§sus

240 1713 481 1755 praestantiores.
533 1713 588 1743 sed
625 1724 747 1744 versum
790 1713 905 1745 nimius

240 1763 457 1804 spondaeorum
482 1773 649 1793 concursus
677 1762 903 1804 languidiorem

241 1812 327 1848 facit,
356 1812 451 1853 idque
478 1817 589 1853 praeter
611 1812 748 1842 Nasonis
772 1822 901 1842 morem.

241 1861 348 1903 opinor
363 1872 382 1891 a
397 1860 532 1891 Nasonis
544 1871 638 1891 manu
653 1872 719 1891 esse
732 1873 738 1891 ε

287 1911 370 1941 Ostia
391 1921 446 1949 per
468 1916 575 1949 septem
597 1910 689 1941 Nilus
713 1912 850 1941 dimissus
872 1912 905 1940 in

276 1991 280 1997 ,
327 1971 438 2001 (ειμιον.

245 2010 385 2040 Portibus
404 2019 464 2039 11011
480 2007 570 2038 video
584 2008 653 2049 quis
677 2007 728 2038 1110
743 2007 782 2038 sit
805 2008 903 2039 locus.

243 2060 324 2089 Met.
341 2057 384 2091 vi.

285 2108 398 2148 Septem
412 2109 556 2138 discretus
572 2109 602 2138 in
617 2109 690 2138 ostia
707 2108 809 2139 Nilus.

743 2157 861 2188 Hssrxs.

243 2206 332 2237 Nihil
348 2206 459 2237 mutari
475 2205 600 2242 debere,
613 2211 643 2236 et
659 2205 698 2237 de
714 2217 788 2237 voce
801 2214 905 2247 portus

242 2255 417 2287 videbimus
440 2255 480 2286 ad
500 2255 557 2288 lib.
580 2256 614 2285 ii.
633 2255 740 2286 Amor.
766 2256 832 2287 xiii.
854 2258 902 2287 10.

244 2305 384 2347 Diffusus
408 2307 440 2335 in
461 2316 558 2345 aequor
583 2306 721 2336 Gronov.
745 2316 799 2347 pro
819 2307 905 2337 varia

242 2354 392 2386 lectione.

289 2405 360 2435 109.
402 2404 517 2434 Ultima
545 2406 617 2445 quid
642 2404 798 2446 referam]
838 2405 904 2435 Imo

241 2453 339 2494 ‘refero
354 2464 464 2484 censeo
488 2453 711 2495 reponendum,
728 2454 776 2485 vel
798 2460 905 2485 contra

243 2503 390 2533 librorum
406 2502 635 2533 auctoritatem.
675 2503 774 2540 Quid,
791 2503 904 2544 inquit,

243 2551 454 2583 calamitatem
469 2551 578 2582 domus
603 2559 713 2583 nostrae
739 2553 848 2583 ultima
865 2554 903 2583 ab

243 2600 360 2641 origine
385 2611 540 2637 recenseo,
567 2612 583 2632 e
608 2602 734 2633 senibus
763 2602 904 2633 intellec-

244 2654 318 2685 tam,
335 2659 405 2680 cum
421 2660 459 2681 ne
475 2660 556 2681 nunc
572 2649 699 2691 quidem
714 2650 806 2687 desit,
822 2652 903 2693 quod

244 2697 415 2739 lugeamus.
460 2699 510 2730 Sic
526 2699 643 2731 Auctor
658 2700 775 2741 Elegiae
791 2701 823 2732 in
839 2701 903 2732 obi-

246 2753 311 2778 tum
327 2747 421 2778 Drusi
434 2761 439 2778 :

1017 1368 1122 1399 Prisca
1137 1370 1210 1408 quid
1232 1369 1289 1398 huc
1311 1368 1428 1409 repeto?
1453 1367 1636 1397 RIarcellum

1060 1417 1294 1459 Octaviaflevit.

972 1467 1173 1508 Quanquam,
1198 1478 1236 1497 ne
1252 1466 1328 1508 quid
1349 1465 1555 1501 dissimulem,
1573 1464 1635 1495 dis-

972 1516 1078 1547 tichon
1091 1516 1149 1547 hoc
1162 1516 1238 1547 mihi
1249 1521 1429 1558 suspectum
1440 1521 1486 1546 est
1498 1526 1559 1545 11011
1574 1525 1636 1545 11110

972 1565 1107 1601 nomine,
1123 1577 1181 1596 nec
1197 1566 1357 1596 Nasonem
1379 1565 1463 1595 omni
1488 1575 1526 1594 ex
1549 1569 1636 1606 parte

972 1615 1075 1646 refert.
1100 1616 1275 1646 mesms.
1300 1613 1404 1645 nescio
1420 1624 1460 1645 an
1475 1613 1565 1644 malae
1581 1623 1635 1643 no-

972 1669 1011 1694 tae
1028 1664 1068 1694 sit
1085 1663 1258 1702 distich0n3
1282 1668 1365 1694 certe
1380 1665 1455 1693 anni
1478 1669 1562 1693 recte
1582 1672 1637 1704 pro

972 1713 1162 1755 temporibus
1187 1719 1315 1756 possunt
1335 1712 1426 1748 sumi,
1442 1718 1477 1743 ut
1497 1712 1531 1742 ii.
1550 1713 1634 1742 Fast.

972 1764 1046 1794 537.

1018 1813 1139 1844 Talibus
1163 1820 1196 1844 ut
1212 1819 1322 1843 'nostros
1337 1814 1425 1843 dictis
1438 1814 1588 1843 descendit
1605 1814 1636 1841 in

1057 1875 1162 1894 annos.

974 1911 1059 1948 Quid
1083 1922 1160 1954 opus
1184 1922 1340 1942 recurrere
1365 1910 1404 1941 ad
1429 1910 1558 1952 antiqua
1575 1910 1638 1941 fata

973 1961 1083 1991 domus
1108 1971 1198 1996 meae,
1224 1960 1286 1990 mei
1307 1960 1391 1995 anni,
1415 1965 1548 2001 tempus,
1574 1970 1636 2001 quo

973 2010 1053 2047 vivo,
1082 2009 1159 2040 dant
1187 2009 1262 2040 mihi
1299 2008 1460 2039 materiem
1490 2009 1637 2050 querelae.

973 2060 1092 2091 BURM.

1019 2110 1092 2139 112.
1119 2108 1238 2149 Ejectns
1263 2109 1388 2138 ultimus
1413 2109 1488 2137 orbis
1516 2107 1633 2147 lathem]

976 2159 1091 2199 Ejectos
1114 2158 1220 2199 scripti
1238 2158 1332 2188 ferme
1349 2168 1467 2187 omnes.
1492 2162 1526 2188 ut
1541 2157 1637 2187 etiam

973 2208 1012 2239 de
1029 2214 1115 2249 patre
1131 2207 1334 2247 intelligatur.
1379 2205 1528 2247 Sequenti
1547 2216 1636 2235 versu

973 2257 1078 2293 iidem,
1121 2264 1300 2297 sceptroque,
1338 2267 1400 2286 non
1444 2256 1635 2295 sceptrisque.

973 2307 1147 2338 mesrus.
1194 2306 1348 2337 Ultimum
1376 2305 1482 2335 orbem
1513 2304 1634 2345 „Egyp-

973 2364 1038 2388 tum
1061 2357 1111 2387 hic
1127 2355 1275 2396 intelligit
1294 2366 1331 2386 ex
1349 2360 1487 2385 veterum
1513 2359 1636 2383 senten-

973 2406 1017 2437 tia
1042 2405 1257 2437 Broukhusius
1282 2404 1321 2435 ad
1346 2405 1485 2445 I'ropert.
1509 2403 1540 2433 ii.
1568 2402 1635 2433 xiii.

973 2457 1026 2486 40.
1051 2455 1140 2487 etita
1167 2456 1339 2486 Ruremum
1364 2454 1471 2484 Nilum
1488 2452 1633 2483 Claudia-

973 2517 1030 2536 nus
1049 2506 1069 2536 i.
1092 2505 1123 2535 in
1140 2505 1226 2535 Eutr.
1252 2504 1305 2534 36.
1330 2503 1419 2533 dicit.
1444 2502 1499 2533 sed
1524 2512 1560 2531 ex
1578 2502 1636 2532 [Ε-

971 2560 1067 2596 gypto
1092 2554 1240 2595 profugus
1257 2554 1398 2587 Danaus,
1422 2557 1453 2582 et
1475 2551 1541 2593 ejus
1564 2550 1634 2581 filiae

972 2603 1072 2644 Argos
1093 2614 1217 2637 venere,
1245 2613 1322 2644 quos
1344 2601 1488 2632 ultimum
1513 2600 1632 2635 orbem,

972 2651 1003 2681 id
1033 2658 1080 2682 est
1106 2651 1343 2682 rcmo'issimum
1374 2661 1393 2681 a
1420 2649 1520 2692 patria
1546 2654 1636 2678 vocat

974 2701 1240 2742 llypcrmncst'ra;
1263 2707 1297 2731 ut
1313 2700 1356 2730 ita
1377 2699 1446 2729 alite
1470 2705 1573 2740 partes
1587 2708 1633 2727 or-

952 2751 1020 2780 ·bis
1043 2750 1155 2780 ultimas
1181 2756 1212 2780 et
1236 2748 1444 2781 στίν-0111110101
1469 2747 1579 2782 solent,
1595 2757 1632 2776 ex

1034 2803 1099 2833 N2
