1849 3198
189 178 275 218 :304

584 176 634 216 Ρ.
668 174 881 217 OVIDII
916 174 1197 217 NASONIS

662 356 965 404 ELEGIA
1022 356 1111 404 IV.

198 445 283 491 Vir
306 452 421 491 tuus
447 451 524 491 est
558 445 731 507 epulas
757 444 900 492 nobis
923 444 1145 491 aditurus
1172 445 1390 492 easdem.

265 522 454 569 Ultima
478 538 620 569 coena
642 529 728 569 tuo
755 523 833 578 sit,
860 538 1052 585 precor,
1079 522 1162 569 illa
1184 522 1302 570 viro.

198 600 331 662 Ergo
357 616 449 662 ego
474 599 709 647 dilectam
734 605 928 646 tantum
953 598 1157 646 conviva
1182 599 1400 662 puellam

262 677 586 740 Adspiciam?
623 675 760 738 tangi
786 692 936 738 quem
955 676 1111 738 juvet,
1139 676 1262 723 alter
1287 676 1415 723 erit?

198 754 519 816 Alteriusque
544 754 680 800 sinus
706 761 821 817 apte
847 754 1075 816 subJecta
1098 752 1322 801 fovebis?
1554 755 1582 798 5

264 831 462 895 Injiciet
486 831 629 886 collo,
657 846 772 877 cum
795 830 943 885 volet,
970 830 1053 877 ille
1076 831 1309 877 manum?

198 908 385 956 Desine
410 908 591 964 mirari,
618 908 781 971 posito
807 908 943 971 quod
969 908 1182 955 candida
1204 908 1318 954 vino

261 985 458 1033 Atracis
485 985 743 1047 ambiguos
762 985 913 1032 traxit
937 985 987 1031 in
1012 1001 1148 1032 arma
1167 985 1314 1031 viros,

198 1062 307 1111 Nec
333 1062 452 1109 mihi
478 1063 600 1108 silva
624 1062 818 1118 domus,
845 1076 938 1108 nec
964 1078 1094 1125 equo
1119 1077 1230 1108 mea
1254 1062 1477 1108 membra
1501 1076 1582 1107 co-

261 1140 361 1187 Vix
387 1156 416 1187 a
438 1146 488 1187 te
512 1139 682 1187 videor
706 1156 854 1203 posse
880 1146 1049 1186 tenere
1073 1154 1266 1186 manus,
1330 1138 1578 1207 [haerent:

195 1218 321 1272 Quae
345 1217 436 1265 tibi
455 1217 554 1265 sint
570 1217 799 1265 facienda
816 1224 998 1273 tamen,
1020 1231 1268 1279 cognosce
1282 1209 1414 1269 ffiiec
1437 1213 1582 1260 Euris

263 1294 343 1341 Da
366 1310 493 1350 mea,
521 1310 612 1341 nec
637 1294 819 1358 tepidis
845 1295 996 1341 verba
1019 1293 1224 1340 ferenda
1250 1291 1413 1339 Notis.
1525 1294 1582 1337 12

195 1372 327 1418 Ante
347 1371 476 1427 veni,
503 1388 654 1434 quam
679 1372 766 1418 vir.
797 1387 913 1427 nec,
935 1371 1072 1434 quid,
1101 1370 1141 1417 si
1166 1369 1357 1417 veneris
1383 1377 1514 1423 ante,

260 1447 430 1495 Possit
454 1448 549 1510 agi,
576 1448 748 1496 video:
770 1436 875 1495 *sed
900 1455 1066 1495 tamen
1092 1454 1207 1494 ante
1231 1446 1359 1494 veni.

197 1525 328 1572 Cum
352 1525 533 1589 premit
557 1525 637 1573 ille
662 1518 841 1582 torum,
867 1526 1006 1572 vultu
1031 1540 1198 1572 comes
1224 1524 1333 1588 ipsa
1357 1523 1582 1569 modesto

262 1602 383 1658 Ibis,
411 1610 465 1649 ut
489 1603 784 1661 adcumbas3
813 1604 941 1650 clam
967 1603 1086 1649 mihi
1111 1610 1260 1664 tange
1285 1601 1484 1664 pedem.
1525 1602 1581 1646 16

197 1679 284 1726 Me
309 1687 497 1743 specta,
519 1687 771 1744 nutusque
796 1697 949 1736 meos,
973 1681 1266 1742 vultumque
1290 1678 1578 1741 loquacem:

264 1755 459 1820 Excipe
482 1755 702 1813 furtivas,
730 1765 780 1805 et
804 1757 929 1805 refer
954 1757 1078 1821 ipsa,
1106 1763 1265 1804 notaS.

242 1880 270 1909 l.
298 1877 412 1918 Epulas
439 1880 589 1910 nobiscum¹
615 1881 755 1910 aditurus
792 1891 852 1910 cus-

193 1928 291 1968 dem.]
320 1928 411 1958 Nobis
433 1929 575 1958 aditurus
595 1930 707 1959 easdem
736 1929 851 1960 Putea-

195 1987 273 2008 neus
297 1982 329 2008 et
357 1977 592 2015 Mentelianus3
615 1983 710 2013 recte,
734 1983 768 2008 ut
788 1978 853 2019 jam

194 2026 302 2057 monui
324 2026 365 2057 ad
383 2026 593 2057 Claudianum
612 2027 668 2057 lib.
695 2026 727 2058 ii.
752 2027 853 2058 Laud.

193 2075 266 2106 Stil.
296 2077 350 2106 30.
375 2076 429 2117 qui
455 2075 522 2117 pari
547 2076 729 2111 Graecismo,
754 2079 854 2107 eadem

192 2126 298 2161 sorori,
316 2135 382 2166 pro,
408 2124 519 2155 eadem
544 2135 615 2166 quae
642 2135 737 2161 soror,
761 2125 852 2155 dixit.

195 2173 371 2204 mesms.
417 2172 489 2203 Pari
511 2173 604 2203 modo
627 2180 659 2204 et
673 2173 755 2215 apud
770 2174 853 2204 Atti-

194 2232 269 2253 cos:
305 2223 436 2253 Ταυτὸν
460 2220 539 2263 τῷδε
562 2222 642 2254 ἐστί.
694 2221 854 2264 Aristoph.

197 2272 283 2302 Plut.
301 2271 376 2302 Act.
392 2271 425 2302 ii.
440 2272 493 2302 Sc.
509 2270 529 2301 i.
545 2282 609 2302 ver.
627 2273 657 2302 1.
685 2270 726 2303 'Q
744 2272 854 2303 πολλὰ

196 2321 235 2361 δὴ
244 2322 292 2363 τῷ
297 2320 438 2363 δεσπότῃ
445 2322 567 2353 ταυτὸν
573 2321 677 2363 Θύμον
685 2320 855 2363 φάγοντες.

196 2372 314 2403 BunM.
358 2370 422 2401 Ubi
437 2369 501 2401 vid.
517 2371 654 2402 Brunck.

240 2421 273 2451 5.
298 2420 375 2459 Apte
397 2420 529 2458 subjecta
542 2419 692 2461 fovebis]
719 2419 769 2450 Sic
790 2429 853 2451 me·

196 2469 289 2500 liores
304 2473 492 2500 constanter.
515 2468 580 2499 Alii
592 2479 705 2511 magno
716 2479 854 2506 numero,

196 2520 264 2549 sinu
284 2519 419 2549 dextram
438 2519 581 2557 sngjectu.
605 2528 674 2559 quae
693 2517 768 2548 mihi
790 2529 853 2559 prae

197 2567 309 2598 ceteris
323 2566 439 2609 placet.
456 2576 564 2597 sensus
580 2573 639 2601 est,
659 2572 691 2596 et
702 2566 853 2608 subjecta,

195 2617 265 2648 sinu
280 2622 333 2647 tuo
348 2615 466 2647 fovebis
481 2615 606 2646 alterius
620 2616 772 2646 dextram.
798 2616 853 2646 Ul-

196 2676 252 2697 cus
266 2665 373 2707 opinor
383 2665 521 2696 subesse.
545 2665 665 2695 Ilfflxs.
704 2665 771 2705 Ego
786 2666 853 2696 vul-

196 2721 300 2755 gatam
312 2720 394 2745 recte
405 2725 436 2744 se
451 2714 562 2744 habere
575 2713 714 2744 arbitror.
739 2714 853 2744 Βυιωι.

965 1880 997 1909 8.
1034 1878 1185 1919 Atracis]
1227 1878 1426 1920 Hippodame
1459 1876 1583 1907 Atracis

922 1928 1007 1959 fluvii
1032 1928 1108 1964 filia,
1136 1939 1206 1970 quae
1236 1927 1375 1958 Pirithoo
1402 1926 1520 1957 Ixionis
1543 1937 1580 1957 ex

922 1976 1091 2008 Deidamia
1113 1976 1177 2007 filio
1202 1976 1319 2018 nupsit.
1350 1975 1423 2007 vide
1447 1976 1581 2006 Metam.

921 2027 977 2058 lib.
996 2028 1045 2057 12.
1071 2027 1127 2058 Est
1145 2032 1250 2057 autem
1270 2025 1320 2057 hie
1334 2025 1458 2057 Atracis
1480 2030 1582 2067 patro-

922 2076 1093 2117 nymicum,
1111 2081 1145 2107 ut
1158 2074 1324 2117 Tyndaris,

969 2126 1018 2155 17.
1048 2125 1228 2166 Vultumque
1257 2124 1436 2165 loquacem]
1469 2122 1581 2153 Malim

921 2175 1023 2216 legere
1037 2186 1044 2204 ε

966 2223 1018 2253 Me
1035 2229 1133 2263 specta
1156 2223 1313 2263 vultusque
1331 2233 1417 2258 meos,
1436 2228 1582 2262 nutusque

1007 2274 1152 2314 loquaces.

922 2321 1133 2358 Quantumvis
1141 2319 1248 2351 invitis
1256 2320 1453 2351 membranis.
1475 2319 1581 2350 Hum-

922 2382 1005 2402 sms.
1051 2370 1141 2401 Nihil
1169 2375 1269 2401 muto.
1294 2370 1397 2400 vultus
1425 2369 1509 2400 enim
1539 2371 1580 2399 Io-

922 2432 1009 2460 quax,
1025 2425 1072 2451 est
1087 2419 1140 2462 qui
1165 2419 1210 2450 ita
1224 2419 1383 2455 formatur,
1407 2424 1442 2450 ut
1465 2417 1505 2449 sit
1526 2429 1580 2461 pro

923 2480 1009 2500 voce.
1033 2468 1102 2500 Art.
1117 2468 1191 2499 Am.
1207 2467 1231 2499 i.
1245 2468 1321 2500 574.

966 2518 1045 2557 Saepe
1068 2525 1168 2548 tacens
1192 2529 1284 2548 vocem
1306 2518 1450 2558 verbaque
1476 2518 1579 2548 vultus

1006 2568 1102 2597 habet.

922 2616 962 2646 Et
980 2615 1023 2646 ita
1038 2617 1135 2646 oculos
1152 2616 1283 2655 Imluaces
1297 2614 1456 2645 Tibullum
1472 2615 1506 2645 ii.
1524 2614 1577 2644 vii.

922 2666 975 2696 25.
1001 2665 1115 2695 dixisse
1132 2664 1253 2695 Marius
1267 2664 1397 2695 notavit.
1443 2665 1557 2695 BunM.
