1849 3198
211 238 296 282 108

606 235 658 276 Ρ.
690 233 905 276 OVIDII
936 231 1217 276 NASONIS

216 354 370 402 Fama
394 351 720 414 Pelasgiadas
746 349 910 398 subito
935 349 1160 413 pervenit
1183 348 1233 395 in
1257 348 1405 396 urbes

282 430 512 486 Decolor,
540 436 590 477 et
613 428 756 476 factis
781 427 1046 475 inficianda
1068 427 1165 474 tuis
1185 445 1195 484 3

213 508 376 563 Quem
392 523 662 570 numquam
681 504 710 552 J
715 521 829 561 uno,
848 504 1102 567 seriesque
1122 503 1364 551 immensa
1380 502 1602 550 laborum

281 585 530 648 Fregerit3
570 583 684 631 huic
712 583 852 630 Iolen
878 581 1176 645 imposuisse
1194 582 1389 644 jugum.
1573 582 1602 626 6

212 661 322 710 Hoc
346 662 464 710 velit
484 660 813 724 Eurystheus,
832 658 950 706 velit
975 659 1067 705 hoc
1088 673 1324 720 germana
1337 655 1600 703 Tonantis:

279 739 516 801 Laetaque
543 738 606 784 sit
629 737 742 784 vitae
767 736 879 783 labe
905 750 1117 782 noverca
1139 741 1255 781 tuae.

212 817 280 865 At
304 834 400 864 non
425 816 507 863 ille
530 815 663 870 velit,
691 814 771 861 eui
796 829 896 860 nox
923 813 986 874 (si
1012 811 1251 872 creditur)
1277 826 1377 858 una

277 894 392 941 Non
415 893 555 949 tanti,
583 898 638 939 ut
661 898 827 939 tantus
853 890 1184 953 conciperem,
1211 888 1319 935 fuit.
1537 888 1597 932 10

211 971 334 1018 Plus
352 971 458 1026 tibi,
481 986 630 1033 quam
649 969 678 1016 J
683 986 796 1025 uno,
817 969 987 1016 nocuit
1001 968 1188 1015 Venus.
1227 967 1311 1014 illa
1329 964 1601 1029 premendo

282 1048 521 1095 Sustulit:
560 1048 667 1094 haec
692 1047 863 1094 humili
891 1047 983 1093 sub
1009 1047 1138 1110 pede
1163 1046 1291 1093 colla
1312 1050 1467 1091 tenet.

215 1123 432 1188 Respice
456 1124 734 1171 vindicibus
760 1130 992 1188 pacatum
1016 1123 1199 1170 viribus
1225 1123 1411 1174 orbem,

279 1202 392 1256 Qua
414 1202 565 1248 latam
592 1201 786 1248 Nereus
813 1200 1023 1247 caerulus
1049 1200 1204 1247 ambit
1228 1200 1450 1245 humum.

215 1278 282 1326 Se
305 1278 395 1326 tibi
420 1294 519 1342 pax
544 1285 703 1335 terrae,
730 1278 821 1325 tibi
847 1294 900 1325 se
925 1283 1031 1324 tota
1056 1293 1259 1342 aequora
1282 1276 1493 1324 debent:
1544 1275 1601 1320 15

280 1355 505 1420 Implesti
529 1356 716 1404 meritis
745 1356 874 1403 Solis
899 1362 1161 1418 utramque
1186 1355 1405 1401 domum.

256 1558 287 1588 4.
312 1558 438 1588 Decolor
453 1557 585 1599 etfactis
601 1559 765 1599 inficianda
782 1557 872 1598 turia]

212 1607 313 1637 Recte
325 1608 451 1642 decolor,
468 1606 499 1636 id
516 1612 562 1637 est
577 1607 741 1637 deformis:
766 1608 810 1638 ita
824 1610 873 1637 [Ie-

212 1657 291 1686 color
309 1655 415 1691 Indus,
432 1656 485 1697 qui
507 1656 575 1687 aliis
598 1658 697 1697 niger.
722 1662 756 1686 ut
772 1662 874 1687 nostro

213 1704 257 1736 iii.
274 1705 343 1735 Art.
358 1705 433 1735 Am.
452 1706 525 1736 130.
550 1712 579 1735 et
596 1717 627 1735 v.
643 1705 736 1736 Trist.
753 1706 799 1736 iii.
820 1707 873 1736 24.

213 1755 340 1797 Proper.
362 1754 403 1785 iv.
427 1754 473 1785 iii.
500 1756 551 1785 10.
576 1755 629 1785 ubi
658 1755 729 1786 vide
753 1756 874 1797 egregie

214 1803 458 1834 Broukhusium.
503 1804 620 1834 Bunm.

261 1854 310 1882 13.
352 1852 556 1893 Vindicihus.]
593 1852 792 1883 Sarravianus
815 1853 875 1883 sol-

213 1901 308 1932 lemni
349 1902 540 1932 aberratione
571 1904 742 1942 judicibus.
781 1902 875 1933 male.

213 1951 323 1981 Senec.
339 1950 434 1980 Herc.
452 1951 515 1981 OEt.
529 1952 603 1981 321,

405 1999 556 2030 Vindicem
573 2001 662 2030 tellus
676 2011 763 2030 suum

259 2048 408 2090 Defendet
424 2051 527 2079 omnis.

216 2098 256 2128 Et
274 2098 347 2126 109.

261 2146 404 2185 Totusque
437 2147 528 2184 poscit
566 2147 712 2176 vindicem
748 2147 878 2175 mundus

300 2206 332 2224 Sl(
339 2206 399 2224 lam.

216 2242 279 2280 Qui
295 2243 381 2273 locus
394 2246 424 2272 et
440 2241 489 2272 hic
504 2247 565 2272 tota
580 2253 695 2282 crquvora
706 2243 876 2273 confirmat.

217 2293 334 2323 Bunm.

262 2341 313 2370 14.
341 2340 439 2379 Qum]
466 2339 504 2369 Id
520 2345 566 2369 est
583 2341 645 2369 ubi.
691 2339 785 2370 Crof.

262 2390 312 2419 15.
338 2390 374 2418 Se
390 2389 442 2418 tibi
456 2399 525 2427 pus.
550 2387 655 2418 Scribe
671 2400 677 2417 z

260 2438 296 2468 Se
309 2439 361 2467 tibi
375 2449 433 2476 pai*
450 2444 545 2473 terme,
563 2439 614 2468 tibi.
635 2449 663 2468 se
679 2444 746 2468 tuta
761 2449 877 2478 (equora

303 2488 418 2517 debent.

218 2535 300 2564 Nam
317 2541 347 2564 ct
362 2541 493 2568 marcet
509 2541 613 2571 terras,
626 2535 749 2565 domitis
764 2535 877 2566 belluis

216 2591 247 2616 et
260 2585 402 2616 monstris
414 2585 551 2621 marinis,
561 2595 736 2628 pacaverat.
749 2585 875 2617 l’indar.

218 2634 339 2664 Nemae.
358 2634 421 2664 Od.
440 2634 459 2664 i.
476 2641 507 2664 et
522 2635 567 2665 iii.

219 2683 297 2714 Tuta
313 2689 417 2714 autem
433 2694 567 2725 aequora,
584 2689 618 2715 ut
632 2684 664 2715 in
679 2684 819 2716 Halieut.

262 2732 429 2773 Tutumque
444 2735 542 2763 evadit
558 2735 590 2763 in
604 2744 713 2773 oequor.

216 2781 386 2824 Vulgatam
413 2782 466 2825 qui
497 2783 657 2825 praesracte
688 2782 765 2814 tueri
791 2782 876 2819 velit,

942 1556 1057 1587 habeat
1074 1556 1132 1587 sibi
1147 1556 1207 1587 ista
1223 1567 1260 1587 ex
1278 1557 1373 1587 Herc.
1389 1556 1483 1586 OEtae.

1131 1605 1260 1636 Gesseris
1274 1606 1378 1636 coelum
1396 1606 1463 1635 licet

989 1655 1133 1695 Tor'usque
1145 1666 1246 1694 pacem.
1261 1656 1362 1685 debeat
1378 1654 1509 1683 mundus
1525 1652 1589 1682 tibi.

1441 1702 1561 1732 mes.

945 1753 1007 1791 Qui
1034 1760 1101 1784 tuta
1125 1764 1196 1784 cum
1219 1752 1350 1784 Heinsio
1370 1753 1511 1794 probant,
1535 1761 1604 1792 pos-

944 1808 1014 1833 sunt
1029 1810 1059 1833 et
1083 1802 1136 1834 illa
1152 1802 1258 1833 Ovivlii
1282 1802 1375 1832 nostri
1397 1800 1551 1832 adducere
1567 1810 1605 1830 ex

944 1852 1001 1883 lib.
1018 1851 1039 1883 i.
1055 1853 1140 1883 Fast.
1159 1852 1211 1882 67.

1133 1902 1267 1935 Quorum
1282 1911 1387 1931 secura
1403 1901 1499 1930 labore

989 1952 1060 1981 Otia
1076 1952 1265 1993 terraferai,
1280 1953 1339 1981 otia
1353 1956 1462 1989 pontus
1477 1951 1555 1991 agit.

944 2001 1004 2031 Sed
1018 2012 1087 2031 cum
1103 2001 1135 2031 in
1150 2001 1235 2031 nullo
1246 2000 1352 2031 codice
1368 2000 1434 2029 haec
1446 1999 1538 2030 lectio
1551 2010 1604 2040 ap-

944 2056 1061 2091 pareat,
1085 2061 1139 2081 nos
1165 2056 1226 2080 iota
1253 2049 1434 2080 retinemus.
1467 2048 1607 2080 imitatus

944 2099 1011 2129 haec
1035 2101 1102 2131 Jos.
1130 2099 1270 2129 Iscanius
1292 2098 1349 2129 lib.
1366 2098 1398 2129 ii.
1422 2098 1506 2129 Bell.
1521 2098 1606 2140 Troj.

948 2149 1019 2178 130.

988 2197 1057 2226 Non
1081 2197 1174 2226 solum
1199 2197 1252 2226 tibi
1274 2207 1302 2227 se
1318 2197 1418 2232 tellus,
1437 2198 1486 2226 sed
1507 2197 1605 2226 sidera

1030 2248 1147 2276 debent.
1443 2247 1560 2277 Buum.

989 2296 1037 2326 16.
1066 2295 1228 2335 Utramque
1243 2295 1390 2335 fluuium]
1416 2295 1453 2326 ld
1477 2301 1523 2326 est
1545 2296 1605 2326 ori-

943 2350 1046 2375 entem
1071 2349 1102 2374 et
1122 2344 1329 2380 occidentem,
1353 2345 1427 2385 quia
1451 2345 1523 2375 inde
1542 2345 1605 2381 Sol,

944 2400 978 2424 ut
990 2405 1025 2424 ex
1041 2393 1132 2423 domo
1144 2393 1311 2434 egreditur,
1321 2394 1381 2424 huc
1391 2393 1502 2425 iterum
1515 2395 1604 2436 quasi

943 2442 1069 2473 domum
1093 2454 1124 2473 se
1151 2442 1268 2485 recipit.
1293 2445 1402 2474 Senec.
1424 2444 1519 2475 Herc.
1544 2445 1603 2474 Fu-

943 2498 1021 2523 rent.
1041 2493 1132 2522 1061.
1182 2492 1271 2523 Novit
1299 2499 1365 2523 tuus
1390 2500 1528 2534 utrasque
1550 2496 1602 2524 do-

944 2553 1019 2572 mus.
1038 2549 1068 2572 et
1084 2542 1179 2572 Herc.
1197 2542 1262 2572 OEt.
1280 2541 1325 2572 iii.

992 2591 1130 2631 Ulrrcque
1147 2591 1246 2623 Phoebi
1262 2593 1395 2622 sentiunt
1409 2591 1535 2637 fulmen
1549 2594 1601 2622 do-

1029 2650 1104 2670 mus.
1301 2661 1303 2666 .

945 2687 1058 2718 Noster
1094 2694 1254 2727 utrumque
1285 2688 1425 2719 Phazbum
1461 2688 1548 2719 dicit.
1580 2688 1603 2718 i.

943 2736 1076 2767 Metam.
1094 2737 1169 2767 338.
1184 2742 1215 2766 et
1240 2743 1397 2778 utrumque
1421 2738 1499 2769 Iulus
1515 2737 1602 2768 Solis.

944 2784 978 2815 ii.
995 2785 1079 2816 Fast.
1099 2785 1171 2816 136.
1198 2785 1313 2815 Bunru.
