1849 3198
189 184 274 225 :274

580 184 629 223 Ρ.
665 183 877 224 OVIDII
912 184 1191 225 NASONIS

195 298 359 346 Testis
386 306 436 345 et
460 298 684 354 Actaeon,
713 299 964 361 quondam
988 300 1093 347 fera
1115 300 1333 347 creditus
1359 301 1469 356 illis,

262 375 379 438 Ipse
404 375 543 422 dedit
564 376 664 422 leto
690 391 805 422 cum
831 376 1014 439 quibus
1041 383 1154 424 ante
1180 376 1325 424 feras.

1491 380 1581 424 104

196 451 423 515 Quaeque
449 453 666 515 superba
690 468 886 516 parens,
915 469 1036 500 saxo
1062 470 1150 517 per
1175 470 1354 518 corpus
1380 455 1570 509 oborto,

263 528 411 575 Nunc
437 545 637 592 quoque
663 528 943 591 Mygdonia
970 530 1148 576 flebilis
1175 537 1341 577 exstat
1364 531 1531 577 humO.

197 604 294 652 Hei
320 606 455 661 mihi,
486 606 747 670 Cydippe!
787 607 935 653 timeo
961 607 1050 653 tibi
1076 607 1241 654 dicere
1266 623 1463 663 Verum3

265 681 344 730 Ne
369 684 535 731 videar
560 685 741 730 caussa
766 683 891 730 falsa
915 700 1116 731 monere
1141 686 1253 731 mest
1274 702 1282 732 :

198 759 481 807 Dicendum
506 767 673 808 tamen
699 768 803 808 est:
844 762 937 808 hoc
964 769 1055 817 est,
1084 762 1226 823 (mihi
1255 761 1425 822 crede)
1452 761 1586 824 quod

267 836 385 900 Ipso
411 838 632 885 nubendi
657 844 881 901 tempore
908 854 1043 901 saepe
1062 839 1219 901 Jaces.

200 913 431 960 Consulit
456 915 566 978 ipsa
589 915 706 971 tibi;
748 930 845 961 neu
871 915 938 961 sis
964 916 1162 978 perjura
1185 915 1404 962 laborat:

1434 839 1589 900 [aegra

1496 918 1512 961 1
1530 918 1581 962 11

266 989 332 1037 Et
357 992 542 1038 salvam
568 993 703 1039 salva
727 999 776 1039 te
802 993 940 1056 cupit
964 1008 1073 1039 esse
1099 992 1213 1039 fide.

200 1065 324 1113 Inde
349 1067 420 1123 fit,
447 1077 518 1123 ut,
547 1069 743 1131 quoties
769 1069 983 1116 existere
1011 1069 1203 1132 perfida
1226 1076 1405 1124 tentas,

265 1143 542 1191 Peccatum
567 1145 716 1191 toties
743 1146 957 1207 corrigat
980 1146 1065 1192 illa
1088 1154 1245 1193 tuum.

200 1219 358 1267 Parce
383 1237 580 1268 movere
606 1221 735 1268 feros
762 1222 996 1268 animosae
1022 1221 1239 1284 Virginis
1266 1239 1437 1279 arcus3
1497 1225 1587 1268 115

266 1295 407 1343 Mitis
434 1298 597 1344 adhuc
624 1298 744 1354 fieri,
774 1298 814 1345 si
840 1299 1046 1362 patiare,
1073 1306 1255 1362 potest.

199 1372 374 1428 Parce,
403 1390 593 1437 precor,
617 1382 814 1422 teneros
841 1391 1156 1439 corrumpere
1181 1375 1401 1423 febribus
1428 1383 1585 1431 artus3

269 1450 503 1497 Servetur
527 1452 678 1499 facies
703 1452 799 1499 ista
821 1452 1030 1500 fruenda
1052 1453 1189 1499 mihi.

202 1526 470 1574 Serventur
495 1530 658 1576 vultus
685 1530 748 1576 ad
773 1538 942 1578 nostra
967 1531 1196 1577 incendia
1220 1531 1322 1576 nati
1344 1547 1353 1577 ε

267 1603 467 1667 Quique
494 1607 666 1653 subest
690 1608 831 1655 niveo
856 1608 1000 1654 laetus
1026 1608 1075 1653 in
1100 1623 1184 1654 ore
1209 1608 1373 1653 rubor.

1498 1609 1589 1652 120

201 1679 444 1729 Hostibus
470 1699 497 1730 e
523 1684 563 1730 si
591 1684 721 1747 quis,
748 1701 809 1732 ne
834 1685 923 1732 fias
949 1691 1131 1739 nostra,
1160 1691 1430 1747 repugnat3

270 1757 352 1804 Sic
380 1759 459 1814 sit,
487 1768 557 1815 ut,
587 1761 802 1808 invalida
828 1770 893 1816 te,
923 1762 1048 1808 solet
1072 1776 1181 1808 esse
1206 1760 1343 1806 mihi.

200 1833 456 1897 Torqueor
481 1853 543 1883 ex
570 1853 731 1900 aequo,
758 1839 836 1885 vel
861 1845 909 1885 te
935 1838 1169 1892 nubente,
1195 1837 1272 1883 vel
1298 1836 1454 1897 aegriz:

270 1911 448 1959 Dicere
476 1929 565 1960 nec
592 1930 813 1977 possum,
842 1914 962 1978 quid
989 1914 1149 1960 minus
1175 1914 1283 1976 ipse
1308 1913 1470 1959 veliin.

200 2085 270 2126 quis
282 2088 458 2128 exemplum
475 2087 538 2129 apri
556 2088 720 2130 Calydonii
737 2089 862 2130 reliquis

199 2135 320 2165 duobus
335 2135 374 2166 de
390 2136 538 2167 Actaeone
562 2143 593 2167 et
612 2138 716 2169 Niobe
732 2138 860 2168 addide-

199 2190 257 2214 rat.
282 2194 319 2214 ex
336 2194 372 2213 eo
387 2184 510 2215 Scholio
525 2185 679 2217 distichon
695 2193 802 2228 postea
815 2193 862 2217 est

200 2233 380 2269 conflatum,
391 2234 559 2265 barbarum
572 2245 646 2266 sane
658 2241 689 2266 et
700 2235 862 2266 insulsum.

201 2282 320 2312 mes.
366 2283 518 2319 Quamvis
544 2284 661 2315 variare
690 2285 772 2315 circa
800 2286 861 2315 lec—

201 2331 315 2361 tionem
334 2331 426 2373 hujus
441 2331 566 2362 distichi
582 2333 705 2363 codices
726 2333 860 2369 videam,

202 2391 263 2411 non
278 2380 349 2411 ideo
361 2380 463 2411 minus
475 2382 622 2423 optimam
636 2382 685 2412 1110
704 2384 862 2424 vulgatam

202 2429 350 2460 habeam.
399 2430 497 2459 Locus
514 2430 607 2465 enim,
622 2430 724 2471 qualis
747 2430 862 2461 circum

203 2477 308 2512 fertur,
330 2478 452 2519 egregie
477 2478 551 2508 facit
575 2479 613 2508 ad
638 2479 862 2510 ostendendam

202 2528 283 2558 laesae
300 2527 409 2558 Dianae
424 2527 703 2569 violent.iu1n,quae,
718 2539 779 2558 non
791 2539 862 2559 con-

204 2582 289 2607 tenta
300 2576 434 2607 immisso
447 2576 477 2606 in
491 2587 598 2617 agrum
607 2576 778 2617 Calydonis
791 2588 863 2618 apro

203 2625 382 2661 saevissimo,
395 2625 492 2666 ipsam
501 2636 623 2666 quoque
633 2626 758 2656 domum
771 2626 862 2656 OEnei

206 2673 305 2704 furiali
324 2674 382 2705 ista
398 2685 433 2704 ac
453 2680 617 2715 superante
641 2674 753 2705 belluae
774 2675 862 2705 saevi—

205 2725 278 2754 iiam
297 2730 401 2754 matris
417 2723 447 2753 111
470 2723 565 2753 filium
591 2724 783 2754 ilimianitate
806 2724 861 2754 mi-

931 2099 997 2119 sere
1022 2087 1169 2118 funestari
1186 2087 1344 2123 voluisset,
1362 2086 1515 2127 Meleagri
1539 2087 1592 2117 de-

932 2148 1016 2169 mum
1032 2144 1062 2168 et
1078 2147 1213 2167 sororum
1229 2136 1296 2178 ejus
1319 2135 1421 2177 poenis
1437 2135 1592 2167 satianda.

932 2187 1078 2217 LENNEP.

978 2238 1057 2266 106:
1075 2235 1211 2274 Adana]
1253 2235 1354 2265 Oxon.
1392 2234 1594 2265 Lovaniensis

931 2292 962 2316 et
986 2286 1140 2326 Excerpta
1162 2284 1292 2319 Douzae,
1308 2290 1412 2314 eistat.
1438 2283 1522 2325 quod
1537 2295 1590 2315 ve-

932 2345 999 2364 rum
1022 2340 1115 2376 puto:
1141 2343 1212 2363 nam
1237 2332 1408 2363 Pausanias
1425 2332 1480 2363 lib.
1495 2332 1518 2363 i.
1535 2333 1592 2364 At-

931 2383 985 2413 tic.
1003 2393 1075 2424 cap.
1091 2383 1145 2412 21.
1170 2380 1256 2416 dicit,
1279 2391 1412 2412 marmor
1434 2381 1466 2412 in
1490 2388 1593 2413 monte

931 2432 1038 2473 Sipylo
1049 2430 1233 2473 prominere,
1250 2429 1333 2471 quod
1349 2430 1456 2472 procul
1468 2430 1592 2461 intuen-

933 2480 1015 2510 tibus
1030 2480 1148 2521 praebet
1160 2479 1295 2521 speciem
1320 2479 1457 2510 mulieris
1480 2480 1590 2520 lugen-

933 2529 980 2560 tis.
1026 2530 1145 2560 Eunu.

979 2579 1047 2608 110.
1072 2578 1151 2618 Sa‘pe
1166 2578 1281 2618 jaces]
1308 2577 1451 2613 Mallem,
1476 2589 1588 2617 nempe,

933 2637 995 2667 qua
1011 2627 1121 2658 vocula
1139 2628 1251 2658 Noster
1267 2627 1453 2658 delectatur.
1501 2627 1590 2657 an-

934 2688 1079 2707 MANYVS.
