1849 3198
228 226 286 268 48
621 222 670 263 Ρ.
705 219 916 264 OVIDII
950 220 1229 263 NASONIS

230 341 379 388 Victa
401 353 591 404 precor,
619 337 930 401 genibusque
954 337 1051 384 tuis
1077 337 1261 400 regalia
1283 336 1433 383 tendo

300 418 530 465 Brachia.
575 416 696 479 quid
723 416 914 470 deceat,
942 431 1039 461 non
1063 414 1198 461 videt
1221 413 1349 460 ullus
1375 429 1562 460 amans.

232 495 505 560 Depuduit‚
532 493 871 559 profugusque
896 493 1055 556 pudor
1088 508 1177 538 sua
1201 491 1342 553 signa
1365 490 1613 554 relinquit.

299 575 380 621 Da
401 573 594 621 veniam
619 571 779 626 fassae,
807 571 1030 633 duraque
1056 569 1205 615 corda
1228 569 1390 615 doma.

1523 571 1614 614 156

232 651 342 706 Quo
368 650 502 701 mihi,
532 649 664 712 quod
691 647 896 710 genitor,
919 647 1003 709 qui
1030 646 1257 709 possidet
1281 661 1495 708 aequora,
1519 644 1615 690 Mi-

299 728 443 783 Quod
469 727 667 774 veniant
690 724 858 789 proavi
882 723 1088 770 fulmina
1110 729 1239 769 torta
1262 723 1438 769 manu?
1477 721 1617 784 [nos?

233 805 378 860 Quod
404 805 468 852 sit
492 820 627 859 aVUS‚
654 802 803 849 radiis
829 800 1039 847 frontem
1064 799 1271 846 vallatus
1297 798 1471 854 acutis,

299 883 556 946 Purpureo
580 880 804 944 tepidum
830 878 915 942 qui
941 883 1105 925 movet
1129 893 1222 924 axe
1247 876 1414 923 diem?

1526 878 1618 922 160

234 960 479 1008 Nobilitas
506 959 601 1006 sub
628 973 793 1005 amore
812 957 964 1020 jacet.
1015 955 1247 1002 miserere
1272 954 1515 1018 priorum:

301 1037 381 1094 Et,
410 1037 530 1083 mihi
557 1037 597 1082 si
622 1052 719 1082 non
743 1035 815 1082 vis
841 1050 1060 1098 parcere,
1088 1048 1237 1097 parce
1262 1032 1402 1079 meis.

235 1115 327 1162 Est
352 1114 471 1161 mihi
497 1113 674 1160 dotalis
700 1113 862 1168 tellus,
890 1111 920 1158 J
925 1112 1027 1159 ovis
1054 1112 1227 1166 insula,
1258 1110 1436 1157 Crete:

301 1191 493 1240 Serviat
518 1190 795 1254 Hippolyto
821 1189 956 1251 regia
979 1194 1084 1236 tota
1108 1203 1235 1235 meo.

278 1343 350 1374 158.
376 1341 519 1381 Prima]
546 1339 645 1382 Atqui
669 1339 763 1380 vulgo
787 1338 893 1370 Minos

232 1392 313 1422 filius
327 1392 346 1422 J
350 1390 414 1422 ovis
429 1390 574 1425 creditur,
591 1400 664 1430 ergo
679 1388 802 1430 Jupiter
817 1398 893 1419 avus

233 1440 373 1471 Phaedrae
398 1440 468 1470 erit.
497 1439 550 1469 sed
581 1449 652 1469 cum
678 1438 738 1468 duo
766 1437 893 1468 Minoes

232 1490 357 1525 fuerint,
390 1495 421 1519 et
448 1488 605 1520 secundus
634 1488 775 1529 Lycastae
812 1486 894 1517 filius

232 1539 340 1581 prioris
365 1539 482 1580 Nepos,
498 1537 612 1578 poterit
634 1536 756 1578 Jupiter
771 1534 894 1576 longius

233 1599 252 1619 a
264 1588 396 1618 Phaedra
408 1587 533 1628 quidem
546 1585 706 1620 removeri,
718 1595 775 1615 nec
788 1590 894 1614 tamen

230 1649 359 1677 proavus
388 1636 460 1672 dici,
489 1635 543 1666 sed
579 1636 715 1665 Abavus:
754 1633 895 1675 quamvis

233 1688 339 1717 Po‘e'tae
356 1686 410 1717 hos
425 1685 538 1727 gradus
560 1690 625 1715 tam
648 1684 814 1725 diligenter
834 1694 894 1714 non

233 1737 397 1766 observare
427 1734 601 1769 videantur,
626 1733 720 1763 immo
748 1743 805 1763 nec
834 1732 894 1774 ipsi

235 1795 317 1827 saepe
341 1783 501 1819 Histoi-ici,
517 1783 581 1814 vid.
611 1783 650 1813 ad
678 1783 708 1813 V
711 1782 763 1813 ell.
788 1783 893 1813 Pater.

233 1833 254 1864 i.
271 1835 301 1864 2.
348 1832 506 1864 Confundi
522 1843 593 1863 vero
608 1832 686 1862 duos
700 1831 826 1862 Minoas
841 1831 894 1862 do-

234 1883 300 1914 cuit
315 1882 439 1923 egregie
462 1881 678 1912 Broukhusius
693 1881 733 1911 ad
751 1881 893 1922 Propert-

234 1932 280 1962 iii.
294 1932 383 1972 Eleg.
396 1931 470 1962 xvii.
486 1942 516 1962 v,
532 1932 584 1961 21.
600 1930 654 1961 sed
672 1931 807 1961 Procwus
825 1941 894 1972 pro-

235 1982 299 2023 prie
316 1991 438 2022 quoque
456 1979 595 2010 Phaedrae
612 1979 674 2010 dici
690 1985 792 2021 potest
804 1980 894 2022 Jupi-

234 2036 280 2060 ter
308 2036 453 2060 matrem:
493 2028 664 2070 Pasiphaes
696 2028 779 2059 enim
808 2034 895 2070 pater

235 2078 298 2114 Sol,
310 2084 342 2108 et
357 2078 448 2119 hujus
458 2076 593 2119 Jupiter.
618 2083 649 2107 et
664 2088 796 2118 sequens
808 2077 895 2107 disti—

235 2128 316 2157 chon
353 2126 470 2157 in‹lieat
503 2127 663 2157 Nasonem
700 2126 758 2156 hoc
794 2126 896 2168 potius

237 2182 370 2207 stemma
380 2175 522 2215 elegisse,
535 2175 609 2216 quia
619 2175 650 2204 in
663 2174 759 2205 altero
771 2174 897 2206 Minoes

237 2224 384 2255 confundi
408 2224 560 2254 solebant.
585 2230 721 2254 ceterum
745 2223 778 2254 in
801 2225 896 2255 Fran--

237 2273 402 2305 cofurtensi
425 2273 533 2304 codice
555 2279 619 2304 erat
634 2284 652 2304 a
671 2284 764 2304 manu
787 2274 895 2315 prima,

240 2323 509 2363 Pruavusulrnina
532 2324 618 2352 missa
639 2334 741 2352 manu.
771 2322 896 2363 elegan-

238 2372 366 2403 tissime.
392 2377 423 2402 εἰ
440 2372 483 2402 ita
500 2372 618 2401 Procwa
634 2378 752 2410 tropa‘a,
769 2372 896 2413 Proper-

238 2421 281 2451 tio
311 2421 366 2452 lib.
393 2421 433 2451 iv.
463 2420 506 2450 xi.
537 2422 591 2451 29.
617 2431 751 2451 asserere
774 2421 898 2451 volebat

240 2470 397 2506 barthius,
421 2480 481 2500 non
510 2470 660 2511 probante
687 2469 895 2500 Broukhusio.

241 2522 356 2551 Burin.

287 2570 358 2600 159.
398 2568 565 2608 Vallatus]
601 2568 778 2608 Eleganter,
809 2566 896 2608 quasi

240 2629 353 2649 corona
368 2618 498 2652 cinctus,
515 2617 557 2647 ita
582 2622 616 2648 ut
640 2617 717 2647 radii
741 2617 824 2647 acuti
851 2616 897 2647 illi

240 2667 370 2697 telorum
394 2665 528 2708 speciem
557 2667 728 2708 praebeant.
788 2667 828 2696 Et
854 2666 899 2697 ita

240 2716 395 2747 Lucianus
410 2715 448 2746 de
464 2715 645 2747 Saltatione.
664 2726 697 2757 p.
711 2716 785 2747 505.
811 2715 896 2746 Edit.

960 1338 1109 1369 Boni-dei.
1126 1337 1202 1369 dicit
1217 1336 1383 1379 ssEthiopes
1406 1335 1559 1366 radiorum
1574 1335 1621 1366 in-

959 1394 1022 1419 star
1037 1388 1101 1419 tela
1113 1387 1207 1429 capiti
1223 1386 1426 1421 circumdare,
1443 1392 1474 1415 et
1489 1385 1546 1416 hoc
1562 1385 1623 1416 illis

960 1437 1060 1468 vicem
1088 1437 1244 1467 Pharetrae
1274 1440 1434 1478 praestare.
1465 1440 1497 1465 et
1526 1434 1621 1465 Clau—

960 1487 1046 1518 dian.
1064 1487 1160 1528 Idyll.
1177 1486 1221 1517 iv.
1234 1485 1273 1517 de
1290 1485 1405 1516 Nubis.

1005 1537 1045 1566 Et
1060 1548 1132 1577 gens
1146 1537 1308 1575 compositis
1321 1536 1432 1565 crinem
1446 1534 1559 1564 vallata
1576 1544 1622 1564 sa-

1047 1587 1144 1627 gittis.

963 1635 1007 1665 Ut
1018 1639 1101 1665 recte
1110 1633 1257 1664 Heinsius
1269 1632 1403 1663 restituit
1417 1642 1472 1673 pro
1488 1632 1619 1668 velatus,-

963 1684 1044 1725 quod
1061 1684 1188 1715 verbum
1205 1688 1236 1713 et
1250 1682 1300 1712 hic
1317 1688 1447 1723 quatuor
1463 1680 1624 1711 codicibus

962 1733 1130 1763 insederat.
1177 1733 1294 1762 Romu.

1009 1783 1080 1814 160.
1105 1783 1165 1817 Qui
1180 1781 1304 1821 movet]
1333 1779 1548 1811 Mentelianus
1569 1790 1624 1821 pro

962 1831 1086 1863 diversa
1107 1831 1252 1867 lectione,
1268 1831 1359 1861 vehit.
1377 1835 1411 1860 ut
1430 1828 1462 1859 in
1476 1828 1584 1859 Amor.
1600 1828 1624 1859 i.

963 1881 1029 1911 xiii.
1047 1882 1080 1911 2.

1000 1930 1027 1959 F
1029 1932 1096 1960 luva
1108 1931 1283 1969 pruinosum
1297 1938 1359 1968 quae
1374 1927 1454 1957 vehit
1469 1938 1522 1957 rme
1537 1928 1624 1958 diem.

962 1980 1045 2010 Fast.
1060 1979 1104 2010 iii.
1120 1980 1196 2010 518.

985 2029 1176 2069 Purpureum
1188 2027 1359 2072 rupidaqui
1374 2026 1452 2056 vehit
1468 2036 1521 2055 ame
1535 2025 1625 2054 diem.

1509 2074 1626 2104 Bunm.

1009 2127 1081 2157 163.
1109 2126 1161 2156 Est
1177 2126 1248 2155 mihi
1264 2124 1400 2164 dotalis]
1429 2123 1461 2153 Si
1473 2123 1553 2153 hanc
1569 2133 1624 2153 vo-

963 2187 1031 2207 cem
1060 2175 1188 2216 vulgato
1216 2185 1308 2204 sensu
1336 2173 1468 2204 velimus
1504 2182 1626 2214 capere,

964 2231 1170 2265 consequetur
1195 2223 1319 2254 Cretam
1342 2222 1439 2252 fuisse
1462 2220 1493 2251 in
1520 2221 1625 2252 dotem

964 2273 1103 2304 Phaedrae
1120 2273 1236 2307 datam,
1253 2271 1336 2312 quod
1360 2281 1462 2311 neque
1486 2275 1626 2300 veterum

965 2322 1130 2363 quisquam
1142 2321 1280 2356 tradidit,
1290 2331 1392 2361 neque
1405 2319 1470 2350 fieri
1482 2319 1627 2361 potuerit,

965 2382 1035 2401 cum
1052 2370 1153 2400 Minoi
1176 2375 1257 2400 esset
1272 2369 1354 2399 filius
1369 2368 1557 2404 Deucalion,
1573 2368 1626 2410 qui

965 2419 1023 2462 ipsi
1046 2419 1208 2455 successit,
1236 2424 1268 2449 et
1291 2418 1337 2448 illi
1364 2419 1458 2449 frater
1483 2418 1626 2453 Catreus,

966 2469 1037 2500 huic
1061 2479 1132 2500 vero
1155 2469 1342 2499 Idomeneus
1365 2467 1570 2498 Deucalionis
1592 2466 1626 2496 fi-

965 2518 1036 2549 lius.
1063 2530 1094 2549 v.
1118 2517 1249 2548 Meursii
1274 2517 1400 2547 Cretam
1425 2516 1479 2546 lib.
1498 2515 1541 2546 iii.
1558 2525 1627 2557 cap.

966 2570 998 2599 3.
1025 2573 1057 2598 et
1082 2568 1111 2597 4.
1138 2573 1288 2608 praeterea
1312 2570 1460 2596 notarunt
1478 2565 1544 2606 jam
1570 2564 1626 2595 viri

965 2616 1048 2647 docti
1073 2616 1226 2647 Heroidas
1249 2626 1311 2645 non
1335 2614 1483 2645 adtulisse
1506 2613 1628 2645 dotales

965 2671 1061 2697 terras
1073 2665 1202 2701 maritis,
1213 2664 1268 2695 sed
1281 2658 1387 2695 contra
1396 2674 1505 2705 procos
1516 2662 1626 2693 emisse

965 2715 1023 2746 sibi
1040 2725 1166 2757 sponsas
1181 2713 1371 2749 muneribus,
1388 2722 1457 2753 quae
1477 2711 1557 2742 dotis
1581 2709 1626 2742 vi-
