1849 3198
191 196 277 237 306
583 195 633 235 Ρ.
667 193 883 235 OVIDII
916 194 1196 237 NASONIS

194 311 319 366 Quae
344 318 398 358 tu
419 309 710 366 reddideris,
737 325 830 372 ego
855 310 1043 373 primus
1068 310 1248 373 pocula
1268 326 1488 357 sumam:

261 388 327 436 Et
351 404 452 452 qua
474 396 529 435 tu
553 387 756 443 biberis,
783 388 875 434 hac
902 404 994 450 ego
1020 395 1159 451 parte
1185 387 1371 435 bibam.

197 467 249 513 Si
275 466 364 513 tibi
391 465 515 514 forte
540 466 695 521 dabit,
724 480 850 527 quos
876 466 1255 528 praegustaverit
1278 465 1403 529 ipse,

262 543 439 607 Rejice
463 544 644 590 libatos
670 543 801 589 illius
827 559 911 590 ore
936 543 1092 590 cibos.

196 620 305 668 Nec
330 628 525 685 premat
549 620 794 684 impositis
821 620 967 667 sinito
992 627 1079 667 tua
1103 620 1230 667 colla
1254 619 1480 667 lacertis:
1520 623 1583 666 35

260 698 388 746 Mite
413 715 504 746 nec
531 699 581 746 in
606 698 764 760 rigido
790 704 992 761 pectore
1018 713 1147 760 pone
1173 704 1339 760 caput.

195 776 302 824 Nec
329 777 464 825 sinus
490 777 720 824 admittat
744 776 942 838 digitos,
970 775 1223 821 habilesve
1247 774 1461 837 papillae.

257 854 446 901 Oscula
468 854 720 918 praecipue
744 853 880 899 nulla
904 851 1104 898 dedisse
1128 851 1268 897 velis.

195 931 384 978 Oscula
408 932 448 978 si
473 931 687 985 dederis,
715 929 830 976 fiam
855 927 1146 975 manifestus
1174 934 1390 974 amator:

261 1009 327 1057 Et
351 1010 530 1065 dicam,
559 1008 680 1056 Mea
704 1015 845 1055 sunt:
886 1006 1207 1069 injiciamque
1232 1020 1424 1051 manus.
1518 1007 1584 1050 40

194 1085 318 1133 Haec
337 1093 506 1133 tamen
527 1085 823 1149 adspiciam:
853 1073 941 1130 s'ed
959 1099 1069 1146 quae
1089 1083 1216 1130 bene
1233 1083 1382 1146 pallia
1400 1083 1580 1137 celant,

259 1163 354 1210 Illa
377 1163 496 1209 mihi
523 1163 640 1210 caeci
669 1151 848 1209 caussa
871 1161 1061 1208 timoris
1088 1168 1247 1208 erunt.

193 1241 300 1288 Nec
326 1240 498 1288 femori
524 1240 778 1287 committe
804 1239 977 1294 femur,
1005 1255 1097 1286 nec
1123 1255 1264 1286 crure
1290 1239 1511 1286 cohaere:

259 1317 368 1365 Nec
394 1324 621 1364 tenerum
646 1317 769 1363 duro
795 1333 908 1363 cum
934 1316 1063 1379 pede
1083 1317 1238 1379 junge
1264 1316 1461 1379 pedem.

189 1394 355 1442 Multa
378 1394 529 1441 miser
552 1393 721 1449 timeo,
750 1393 869 1456 quia
892 1393 987 1440 feci
1013 1393 1168 1440 multa
1190 1400 1446 1457 proterve:
1518 1395 1583 1439 45

258 1471 594 1535 Exemplique
620 1477 757 1517 metu
780 1477 1015 1532 torqueor
1039 1471 1147 1533 ipse
1166 1470 1279 1517 mei.

190 1550 337 1613 Saepe
361 1549 497 1604 mihi,
518 1548 832 1609 dominaeque
858 1562 981 1593 meae
1001 1554 1266 1610 properata
1287 1547 1516 1611 voluptas

254 1627 410 1674 Veste
436 1627 529 1673 sub
555 1625 738 1688 injecta
762 1625 906 1671 dulce
930 1624 1122 1687 peregit
1146 1641 1288 1687 opus.

188 1703 298 1751 Hoc
324 1711 377 1750 tu
402 1720 500 1750 non
525 1702 704 1749 facies:
745 1702 833 1749 sed
859 1718 921 1749 ne
946 1701 1124 1749 fecisse
1150 1701 1354 1765 puteris,

257 1781 476 1827 Conscia
499 1780 561 1827 de
587 1780 773 1842 gremio
798 1780 950 1843 pallia
974 1780 1119 1827 deme
1145 1786 1245 1825 tuo.
1518 1781 1581 1825 50

185 1859 273 1905 Vir
282 1859 422 1905 bibat
436 1873 597 1920 usque
614 1872 754 1918 roga:
777 1857 1009 1920 precibus
1026 1863 1192 1903 tamen
1203 1856 1374 1903 oscula
1387 1856 1575 1914 desint;

255 1935 492 1997 Dumque
517 1933 659 1989 bibit,
686 1933 853 1980 furtim
879 1934 943 1996 (si
967 1933 1133 1998 potes)
1159 1934 1287 1980 adde
1312 1949 1519 1981 merum.

189 2013 243 2058 Si
269 2014 395 2059 bene
421 2011 727 2074 compositus
754 2027 928 2057 somno
953 2011 1167 2073 vinoque
1185 2010 1404 2073 jacebit3

255 2087 532 2136 Consilium
557 2088 700 2134 nobis
725 2103 905 2150 resque
928 2089 1170 2150 locusque
1195 2087 1401 2134 dabunt.

230 2253 282 2281 41.
307 2252 363 2281 Sed
385 2263 445 2291 quc?
462 2253 532 2281 liene
544 2252 639 2291 pallia
656 2252 766 2287 celant,
785 2250 847 2281 Illa
915 2253 969 2289 κὸς
981 2252 1044 2293 γὰρ
1059 2251 1113 2288 ἦν,
1124 2250 1199 2288 εἴτις
1214 2251 1286 2292 πὲρ,
1298 2251 1349 2281 καὶ
1365 2250 1381 2281 ὁ
1398 2250 1580 2292 Σωκράτης,

185 2301 259 2330 mihi
283 2302 350 2331 caci
376 2312 465 2330 causa
489 2302 601 2330 timoris
625 2300 741 2340 erant]
772 2300 848 2330 Cari
915 2301 966 2331 καὶ
983 2300 1049 2330 ὑπὸ
1068 2300 1147 2341 μίαν
1162 2299 1370 2340 Ἀλκιβιάδης
1392 2299 1483 2340 aim-<5
1497 2299 1579 2340 χλά-

187 2351 311 2384 timoris,
340 2349 441 2390 inquit
468 2349 711 2384 Commentator,
733 2349 764 2379 id
787 2355 845 2385 est,
916 2349 987 2381 νιόιι
1003 2350 1119 2386 κλιθεὶς
1132 2350 1189 2380 οὐκ
1201 2351 1313 2388 ἅπληξ
1326 2348 1459 2388 ἀνέστη.
1474 2355 1505 2380 et
1522 2350 1578 2380 hoc

185 2397 355 2439 praecipitis
370 2403 401 2428 et
421 2396 548 2427 maximi
566 2409 571 2426 :
597 2397 678 2438 quod
696 2408 753 2437 ego
769 2408 847 2428 nun·
917 2405 963 2429 est
994 2400 1294 2429 resticmztuberniuzn
1323 2398 1480 2435 Petronio,
1506 2409 1578 2440 cap.

185 2457 279 2488 quam
295 2446 368 2487 legi.
414 2447 480 2487 Ego
495 2457 566 2477 vero
585 2446 701 2476 Orcum
718 2449 849 2477 timorem
918 2449 962 2478 xi.
1557 2485 1561 2489 .

186 2495 316 2536 accipio,
335 2506 390 2537 pro
413 2495 535 2525 occulto
559 2500 590 2525 et
613 2496 751 2526 latente:
777 2507 845 2537 per·
961 2498 1015 2527 53.
1037 2497 1068 2526 Si
1085 2498 1154 2527 bene
1168 2497 1368 2537 compositus]
1389 2496 1509 2526 Marius
1524 2507 1578 2527 ex-

186 2543 256 2574 inde
274 2549 306 2574 ut
322 2543 466 2580 dicimus,
485 2544 601 2573 Coecum
622 2546 741 2580 vulnus,
757 2551 787 2575 et
806 2545 846 2575 si-
915 2546 1011 2587 ponit,
1042 2548 1111 2576 bene
1140 2552 1168 2576 et
1192 2547 1273 2576 [ante
1298 2552 1432 2576 curatus.
1464 2545 1578 2576 rectius

185 2592 283 2622 milia.
308 2593 500 2623 Μιογιιυε».
534 2593 623 2623 Unus
639 2594 765 2629 Moreti,
782 2594 848 2624 Seri
915 2594 987 2624 vino
1004 2600 1034 2625 et
1050 2605 1156 2624 somno
1177 2596 1322 2634 sepultus.
1348 2600 1382 2624 ut
1405 2593 1479 2624 alibi
1496 2594 1577 2624 Nos-

185 2643 307 2671 limoris.
331 2642 460 2677 Douzae,
480 2642 587 2682 Magni
604 2644 728 2673 timoris.
916 2649 970 2679 ter,
997 2643 1149 2684 Virgilius
1168 2650 1199 2674 et
1222 2643 1281 2674 alii<
1296 2644 1476 2684 loquuntur.
1500 2654 1575 2672 com-

228 2692 282 2720 48.
307 2691 367 2720 Sub
384 2690 520 2730 inriorem]
548 2691 659 2721 Douza
676 2691 846 2732 adscripse-
913 2704 1020 2731 ponere
1047 2692 1129 2723 enim
1160 2693 1321 2723 funereum
1350 2702 1416 2722 esse
1447 2692 1575 2723 verbum

186 2745 229 2768 rat
246 2739 299 2769 illa
318 2739 445 2769 Lucinni
461 2750 497 2770 ex
515 2739 697 2770 Amoribus:
720 2739 845 2780 Ἔρωτι-
912 2741 976 2780 jam
993 2741 1078 2782 pueri
1097 2747 1220 2771 norunt.
1269 2741 1386 2770 Bmm.
