<?xml version="1.0" encoding="UTF-8"?>
<!DOCTYPE html PUBLIC "-//W3C//DTD XHTML 1.0 Transitional//EN"
    "http://www.w3.org/TR/xhtml1/DTD/xhtml1-transitional.dtd">
<html xmlns="http://www.w3.org/1999/xhtml" xml:lang="en" lang="en">
 <head>
  <title>
</title>
<meta http-equiv="Content-Type" content="text/html;charset=utf-8" />
  <meta name='ocr-system' content='tesseract 3.04.00' />
  <meta name='ocr-capabilities' content='ocr_page ocr_carea ocr_par ocr_line ocrx_word'/>
</head>
<body>
  <div class='ocr_page' id='page_1' title='image "./povidiinasonisop01oviduoft_0397.png"; bbox 0 0 1849 3198; ppageno 0'>
   <div class='ocr_carea' id='block_1_1' title="bbox 685 178 1684 222">
    <p class='ocr_par' dir='ltr' id='par_1_1' title="bbox 685 178 1684 222">
     <span class='ocr_line' id='line_1_1' title="bbox 685 178 1684 222; baseline 0.002 -2"><span class='ocrx_word' id='word_1_1' title='bbox 685 178 984 220; x_wconf 83' lang='lat' dir='ltr'><strong>AMORUM.</strong></span> <span class='ocrx_word' id='word_1_2' title='bbox 1031 178 1150 219; x_wconf 90' lang='lat' dir='ltr'>LIB.</span> <span class='ocrx_word' id='word_1_3' title='bbox 1186 179 1222 220; x_wconf 92' lang='lat' dir='ltr'>I.</span> <span class='ocrx_word' id='word_1_4' title='bbox 1255 181 1297 221; x_wconf 87' lang='lat'>6.</span> <span class='ocrx_word' id='word_1_5' title='bbox 1600 181 1684 222; x_wconf 84' lang='lat'>311</span> 
     </span>
    </p>
   </div>
   <div class='ocr_carea' id='block_1_2' title="bbox 281 292 1679 1434">
    <p class='ocr_par' dir='ltr' id='par_1_2' title="bbox 281 292 1679 1434">
     <span class='ocr_line' id='line_1_2' title="bbox 293 292 1538 357; baseline 0.003 -19"><span class='ocrx_word' id='word_1_6' title='bbox 293 292 502 340; x_wconf 78' lang='lat' dir='ltr'><strong>Ferreus</strong></span> <span class='ocrx_word' id='word_1_7' title='bbox 527 300 750 340; x_wconf 87' lang='lat' dir='ltr'>orantem</span> <span class='ocrx_word' id='word_1_8' title='bbox 776 293 1129 356; x_wconf 80' lang='lat' dir='ltr'>nequicquam,</span> <span class='ocrx_word' id='word_1_9' title='bbox 1152 295 1353 357; x_wconf 88' lang='lat' dir='ltr'>janitor,</span> <span class='ocrx_word' id='word_1_10' title='bbox 1381 295 1538 342; x_wconf 90' lang='lat' dir='ltr'>audis.</span> 
     </span>
     <span class='ocr_line' id='line_1_3' title="bbox 357 368 1292 434; baseline 0.004 -19"><span class='ocrx_word' id='word_1_11' title='bbox 357 368 641 418; x_wconf 83' lang='lat' dir='ltr'>Roboribus</span> <span class='ocrx_word' id='word_1_12' title='bbox 667 371 801 417; x_wconf 83' lang='lat' dir='ltr'>duris</span> <span class='ocrx_word' id='word_1_13' title='bbox 821 371 978 433; x_wconf 86' lang='lat' dir='ltr'>janua</span> <span class='ocrx_word' id='word_1_14' title='bbox 1000 370 1126 418; x_wconf 89' lang='lat' dir='ltr'>fulta</span> <span class='ocrx_word' id='word_1_15' title='bbox 1150 372 1292 434; x_wconf 83' lang='lat' dir='ltr'>riget.</span> 
     </span>
     <span class='ocr_line' id='line_1_4' title="bbox 291 443 1442 515; baseline 0.003 -24"><span class='ocrx_word' id='word_1_16' title='bbox 291 443 512 493; x_wconf 82' lang='lat' dir='ltr'><strong>Urbibus</strong></span> <span class='ocrx_word' id='word_1_17' title='bbox 538 448 755 515; x_wconf 81' lang='lat' dir='ltr'>obsessis</span> <span class='ocrx_word' id='word_1_18' title='bbox 782 449 963 495; x_wconf 87' lang='lat' dir='ltr'>clausae</span> <span class='ocrx_word' id='word_1_19' title='bbox 989 449 1264 496; x_wconf 83' lang='lat' dir='ltr'>munimina</span> <span class='ocrx_word' id='word_1_20' title='bbox 1287 456 1442 512; x_wconf 86' lang='lat' dir='ltr'>portae</span> 
     </span>
     <span class='ocr_line' id='line_1_5' title="bbox 355 521 1528 592; baseline 0.004 -25"><span class='ocrx_word' id='word_1_21' title='bbox 355 521 673 592; x_wconf 53' lang='lat' dir='ltr'>Prosint3f³in</span> <span class='ocrx_word' id='word_1_22' title='bbox 698 524 864 571; x_wconf 68' lang='lat' dir='ltr'>media</span> <span class='ocrx_word' id='word_1_23' title='bbox 889 540 1014 588; x_wconf 86' lang='lat' dir='ltr'>pace</span> <span class='ocrx_word' id='word_1_24' title='bbox 1040 526 1161 587; x_wconf 90' lang='lat' dir='ltr'>quid</span> <span class='ocrx_word' id='word_1_25' title='bbox 1187 541 1324 571; x_wconf 88' lang='lat' dir='ltr'>arma</span> <span class='ocrx_word' id='word_1_26' title='bbox 1348 526 1528 572; x_wconf 79' lang='lat' dir='ltr'>times?</span> 
     </span>
     <span class='ocr_line' id='line_1_6' title="bbox 288 597 1547 664; baseline 0.002 -20"><span class='ocrx_word' id='word_1_27' title='bbox 288 597 420 651; x_wconf 83' lang='lat' dir='ltr'>Quid</span> <span class='ocrx_word' id='word_1_28' title='bbox 446 599 598 647; x_wconf 79' lang='lat' dir='ltr'>facias</span> <span class='ocrx_word' id='word_1_29' title='bbox 624 601 771 656; x_wconf 90' lang='lat' dir='ltr'>hosti,</span> <span class='ocrx_word' id='word_1_30' title='bbox 799 600 885 664; x_wconf 89' lang='lat' dir='ltr'>qui</span> <span class='ocrx_word' id='word_1_31' title='bbox 911 601 981 648; x_wconf 90' lang='lat' dir='ltr'>sic</span> <span class='ocrx_word' id='word_1_32' title='bbox 1008 601 1235 648; x_wconf 82' lang='lat' dir='ltr'>excludis</span> <span class='ocrx_word' id='word_1_33' title='bbox 1262 603 1547 648; x_wconf 80' lang='lat' dir='ltr'>amantem?</span> 
     </span>
     <span class='ocr_line' id='line_1_7' title="bbox 352 675 1550 741; baseline 0.002 -19"><span class='ocrx_word' id='word_1_34' title='bbox 352 675 600 740; x_wconf 81' lang='lat' dir='ltr'>Tempora</span> <span class='ocrx_word' id='word_1_35' title='bbox 623 678 783 724; x_wconf 89' lang='lat' dir='ltr'>noctis</span> <span class='ocrx_word' id='word_1_36' title='bbox 809 684 955 725; x_wconf 80' lang='lat' dir='ltr'>eunt:</span> <span class='ocrx_word' id='word_1_37' title='bbox 996 685 1176 724; x_wconf 82' lang='lat' dir='ltr'>excute</span> <span class='ocrx_word' id='word_1_38' title='bbox 1202 685 1347 741; x_wconf 84' lang='lat' dir='ltr'>poste</span> <span class='ocrx_word' id='word_1_39' title='bbox 1373 693 1550 724; x_wconf 86' lang='lat' dir='ltr'>seram.</span> 
     </span>
     <span class='ocr_line' id='line_1_8' title="bbox 287 751 1511 816; baseline 0.002 -19"><span class='ocrx_word' id='word_1_40' title='bbox 287 751 401 799; x_wconf 93' lang='lat' dir='ltr'>Non</span> <span class='ocrx_word' id='word_1_41' title='bbox 427 770 520 816; x_wconf 81' lang='lat' dir='ltr'>ego</span> <span class='ocrx_word' id='word_1_42' title='bbox 546 755 786 802; x_wconf 82' lang='lat' dir='ltr'>militibus</span> <span class='ocrx_word' id='word_1_43' title='bbox 811 754 954 801; x_wconf 88' lang='lat' dir='ltr'>venio</span> <span class='ocrx_word' id='word_1_44' title='bbox 979 754 1245 801; x_wconf 80' lang='lat' dir='ltr'>comitatus</span> <span class='ocrx_word' id='word_1_45' title='bbox 1271 761 1321 801; x_wconf 91' lang='lat' dir='ltr'>et</span> <span class='ocrx_word' id='word_1_46' title='bbox 1346 755 1511 801; x_wconf 85' lang='lat' dir='ltr'>armis.</span> 
     </span>
     <span class='ocr_line' id='line_1_9' title="bbox 353 830 1477 888; baseline 0.001 -11"><span class='ocrx_word' id='word_1_47' title='bbox 353 830 501 878; x_wconf 87' lang='lat' dir='ltr'>Solus</span> <span class='ocrx_word' id='word_1_48' title='bbox 526 849 676 888; x_wconf 85' lang='lat' dir='ltr'>eram,</span> <span class='ocrx_word' id='word_1_49' title='bbox 705 833 746 879; x_wconf 90' lang='lat' dir='ltr'>si</span> <span class='ocrx_word' id='word_1_50' title='bbox 771 849 869 880; x_wconf 91' lang='lat' dir='ltr'>non</span> <span class='ocrx_word' id='word_1_51' title='bbox 895 848 1055 879; x_wconf 86' lang='lat' dir='ltr'>saevus</span> <span class='ocrx_word' id='word_1_52' title='bbox 1081 832 1283 878; x_wconf 84' lang='lat' dir='ltr'>adesset</span> <span class='ocrx_word' id='word_1_53' title='bbox 1307 830 1477 878; x_wconf 86' lang='lat' dir='ltr'>Amor.</span> 
     </span>
     <span class='ocr_line' id='line_1_10' title="bbox 285 907 1663 972; baseline 0.001 -19"><span class='ocrx_word' id='word_1_54' title='bbox 285 907 433 955; x_wconf 90' lang='lat' dir='ltr'>Hunc</span> <span class='ocrx_word' id='word_1_55' title='bbox 460 924 568 972; x_wconf 84' lang='lat' dir='ltr'>ego,</span> <span class='ocrx_word' id='word_1_56' title='bbox 597 909 638 955; x_wconf 87' lang='lat' dir='ltr'>si</span> <span class='ocrx_word' id='word_1_57' title='bbox 663 908 879 972; x_wconf 89' lang='lat' dir='ltr'>cupiam,</span> <span class='ocrx_word' id='word_1_58' title='bbox 906 924 1157 971; x_wconf 85' lang='lat' dir='ltr'>nusquam</span> <span class='ocrx_word' id='word_1_59' title='bbox 1182 908 1432 955; x_wconf 87' lang='lat' dir='ltr'>dimittere</span> <span class='ocrx_word' id='word_1_60' title='bbox 1458 909 1663 971; x_wconf 82' lang='lat' dir='ltr'>possim.</span> 
     </span>
     <span class='ocr_line' id='line_1_11' title="bbox 350 984 1679 1048; baseline 0 -17"><span class='ocrx_word' id='word_1_61' title='bbox 350 984 483 1032; x_wconf 88' lang='lat' dir='ltr'>Ante</span> <span class='ocrx_word' id='word_1_62' title='bbox 507 985 584 1032; x_wconf 88' lang='lat' dir='ltr'>vel</span> <span class='ocrx_word' id='word_1_63' title='bbox 609 1002 638 1032; x_wconf 87' lang='lat' dir='ltr'>a</span> <span class='ocrx_word' id='word_1_64' title='bbox 661 985 897 1032; x_wconf 88' lang='lat' dir='ltr'>membris</span> <span class='ocrx_word' id='word_1_65' title='bbox 923 985 1114 1032; x_wconf 92' lang='lat' dir='ltr'>dividar</span> <span class='ocrx_word' id='word_1_66' title='bbox 1138 985 1247 1048; x_wconf 89' lang='lat' dir='ltr'>ipse</span> <span class='ocrx_word' id='word_1_67' title='bbox 1272 985 1442 1031; x_wconf 87' lang='lat' dir='ltr'>meis..</span> <span class='ocrx_word' id='word_1_68' title='bbox 1617 989 1679 1032; x_wconf 84' lang='lat'>36</span> 
     </span>
     <span class='ocr_line' id='line_1_12' title="bbox 285 1061 1678 1125; baseline -0.001 -17"><span class='ocrx_word' id='word_1_69' title='bbox 285 1061 416 1124; x_wconf 84' lang='lat' dir='ltr'>Ergo</span> <span class='ocrx_word' id='word_1_70' title='bbox 432 1061 601 1119; x_wconf 88' lang='lat' dir='ltr'>Amor,</span> <span class='ocrx_word' id='word_1_71' title='bbox 622 1070 672 1110; x_wconf 91' lang='lat' dir='ltr'>et</span> <span class='ocrx_word' id='word_1_72' title='bbox 696 1063 948 1110; x_wconf 92' lang='lat' dir='ltr'>modicum</span> <span class='ocrx_word' id='word_1_73' title='bbox 974 1063 1106 1110; x_wconf 85' lang='lat' dir='ltr'>circa</span> <span class='ocrx_word' id='word_1_74' title='bbox 1130 1078 1243 1109; x_wconf 89' lang='lat' dir='ltr'>mea</span> <span class='ocrx_word' id='word_1_75' title='bbox 1266 1068 1490 1125; x_wconf 89' lang='lat' dir='ltr'>tempora</span> <span class='ocrx_word' id='word_1_76' title='bbox 1511 1062 1678 1108; x_wconf 88' lang='lat' dir='ltr'>vinum</span> 
     </span>
     <span class='ocr_line' id='line_1_13' title="bbox 350 1138 1559 1204; baseline -0.002 -18"><span class='ocrx_word' id='word_1_77' title='bbox 350 1138 555 1186; x_wconf 88' lang='lat' dir='ltr'>Mecum</span> <span class='ocrx_word' id='word_1_78' title='bbox 581 1147 683 1204; x_wconf 69' lang='lat' dir='ltr'>est,</span> <span class='ocrx_word' id='word_1_79' title='bbox 701 1147 750 1187; x_wconf 87' lang='lat' dir='ltr'>et</span> <span class='ocrx_word' id='word_1_80' title='bbox 774 1139 986 1186; x_wconf 87' lang='lat' dir='ltr'>madidis</span> <span class='ocrx_word' id='word_1_81' title='bbox 1012 1140 1154 1202; x_wconf 87' lang='lat' dir='ltr'>lapsa</span> <span class='ocrx_word' id='word_1_82' title='bbox 1178 1154 1362 1185; x_wconf 85' lang='lat' dir='ltr'>corona</span> <span class='ocrx_word' id='word_1_83' title='bbox 1386 1138 1559 1185; x_wconf 89' lang='lat' dir='ltr'>comis.</span> 
     </span>
     <span class='ocr_line' id='line_1_14' title="bbox 281 1209 1675 1280; baseline -0.002 -17"><span class='ocrx_word' id='word_1_84' title='bbox 281 1217 435 1263; x_wconf 89' lang='lat' dir='ltr'>Arma</span> <span class='ocrx_word' id='word_1_85' title='bbox 460 1218 572 1280; x_wconf 90' lang='lat' dir='ltr'>quis</span> <span class='ocrx_word' id='word_1_86' title='bbox 598 1209 704 1264; x_wconf 78' lang='lat' dir='ltr'>haec</span> <span class='ocrx_word' id='word_1_87' title='bbox 729 1218 936 1264; x_wconf 80' lang='lat' dir='ltr'>timeat?</span> <span class='ocrx_word' id='word_1_88' title='bbox 975 1217 1087 1279; x_wconf 90' lang='lat' dir='ltr'>quis</span> <span class='ocrx_word' id='word_1_89' title='bbox 1113 1232 1212 1263; x_wconf 89' lang='lat' dir='ltr'>non</span> <span class='ocrx_word' id='word_1_90' title='bbox 1242 1222 1323 1262; x_wconf 87' lang='lat' dir='ltr'>eat</span> <span class='ocrx_word' id='word_1_91' title='bbox 1348 1215 1522 1262; x_wconf 89' lang='lat' dir='ltr'>obvius</span> <span class='ocrx_word' id='word_1_92' title='bbox 1550 1215 1675 1261; x_wconf 84' lang='lat' dir='ltr'>illis?</span> 
     </span>
     <span class='ocr_line' id='line_1_15' title="bbox 346 1293 1678 1357; baseline -0.002 -17"><span class='ocrx_word' id='word_1_93' title='bbox 346 1293 594 1357; x_wconf 89' lang='lat' dir='ltr'>Tempora</span> <span class='ocrx_word' id='word_1_94' title='bbox 617 1295 776 1341; x_wconf 90' lang='lat' dir='ltr'>noctis</span> <span class='ocrx_word' id='word_1_95' title='bbox 802 1301 948 1342; x_wconf 87' lang='lat' dir='ltr'>eunt:</span> <span class='ocrx_word' id='word_1_96' title='bbox 988 1301 1170 1341; x_wconf 83' lang='lat' dir='ltr'>excute</span> <span class='ocrx_word' id='word_1_97' title='bbox 1195 1300 1338 1356; x_wconf 90' lang='lat' dir='ltr'>poste</span> <span class='ocrx_word' id='word_1_98' title='bbox 1365 1308 1542 1339; x_wconf 88' lang='lat' dir='ltr'>seram.</span> <span class='ocrx_word' id='word_1_99' title='bbox 1613 1295 1678 1339; x_wconf 78' lang='lat'>40</span> 
     </span>
     <span class='ocr_line' id='line_1_16' title="bbox 282 1369 1678 1434; baseline -0.001 -17"><span class='ocrx_word' id='word_1_100' title='bbox 282 1370 468 1418; x_wconf 90' lang='lat' dir='ltr'>Lentus</span> <span class='ocrx_word' id='word_1_101' title='bbox 485 1373 572 1419; x_wconf 81' lang='lat' dir='ltr'>es?</span> <span class='ocrx_word' id='word_1_102' title='bbox 599 1388 661 1420; x_wconf 87' lang='lat' dir='ltr'>an</span> <span class='ocrx_word' id='word_1_103' title='bbox 682 1389 884 1420; x_wconf 89' lang='lat' dir='ltr'>somnus</span> <span class='ocrx_word' id='word_1_104' title='bbox 901 1372 1011 1434; x_wconf 75' lang='lat' dir='ltr'>(qui</span> <span class='ocrx_word' id='word_1_105' title='bbox 1031 1388 1085 1418; x_wconf 89' lang='lat' dir='ltr'>se</span> <span class='ocrx_word' id='word_1_106' title='bbox 1106 1371 1235 1418; x_wconf 83' lang='lat' dir='ltr'>male</span> <span class='ocrx_word' id='word_1_107' title='bbox 1258 1370 1450 1433; x_wconf 78' lang='lat' dir='ltr'>praebet</span> <span class='ocrx_word' id='word_1_108' title='bbox 1471 1369 1678 1429; x_wconf 82' lang='lat' dir='ltr'>amanti)</span> 
     </span>
    </p>
   </div>
   <div class='ocr_carea' id='block_1_3' title="bbox 1616 531 1682 573">
    <p class='ocr_par' dir='ltr' id='par_1_3' title="bbox 1616 531 1682 573">
     <span class='ocr_line' id='line_1_17' title="bbox 1616 531 1682 573; baseline 0 0"><span class='ocrx_word' id='word_1_109' title='bbox 1616 531 1682 573; x_wconf 86' lang='lat'>30</span> 
     </span>
    </p>
   </div>
   <div class='ocr_carea' id='block_1_4' title="bbox 279 1446 1674 1976">
    <p class='ocr_par' dir='ltr' id='par_1_4' title="bbox 346 1446 1409 1511">
     <span class='ocr_line' id='line_1_18' title="bbox 346 1446 1409 1511; baseline -0.002 -17"><span class='ocrx_word' id='word_1_110' title='bbox 346 1448 515 1496; x_wconf 86' lang='lat' dir='ltr'>Verba</span> <span class='ocrx_word' id='word_1_111' title='bbox 538 1450 625 1496; x_wconf 87' lang='lat' dir='ltr'>dat</span> <span class='ocrx_word' id='word_1_112' title='bbox 648 1449 697 1496; x_wconf 86' lang='lat' dir='ltr'>in</span> <span class='ocrx_word' id='word_1_113' title='bbox 721 1456 894 1497; x_wconf 85' lang='lat' dir='ltr'>ventos</span> <span class='ocrx_word' id='word_1_114' title='bbox 921 1464 1038 1496; x_wconf 81' lang='lat' dir='ltr'>aure</span> <span class='ocrx_word' id='word_1_115' title='bbox 1063 1448 1263 1511; x_wconf 88' lang='lat' dir='ltr'>repulsa</span> <span class='ocrx_word' id='word_1_116' title='bbox 1286 1446 1409 1493; x_wconf 70' lang='lat' dir='ltr'>tua?</span> 
     </span>
    </p>

    <p class='ocr_par' dir='ltr' id='par_1_5' title="bbox 279 1524 1493 1665">
     <span class='ocr_line' id='line_1_19' title="bbox 279 1524 1493 1590; baseline -0.003 -18"><span class='ocrx_word' id='word_1_117' title='bbox 279 1525 348 1573; x_wconf 94' lang='lat' dir='ltr'>At</span> <span class='ocrx_word' id='word_1_118' title='bbox 373 1526 620 1588; x_wconf 78' lang='lat' dir='ltr'>(memini)</span> <span class='ocrx_word' id='word_1_119' title='bbox 646 1526 821 1590; x_wconf 89' lang='lat' dir='ltr'>primo,</span> <span class='ocrx_word' id='word_1_120' title='bbox 849 1542 963 1572; x_wconf 90' lang='lat' dir='ltr'>cum</span> <span class='ocrx_word' id='word_1_121' title='bbox 989 1533 1038 1573; x_wconf 89' lang='lat' dir='ltr'>te</span> <span class='ocrx_word' id='word_1_122' title='bbox 1064 1526 1226 1572; x_wconf 88' lang='lat' dir='ltr'>celare</span> <span class='ocrx_word' id='word_1_123' title='bbox 1253 1524 1493 1577; x_wconf 88' lang='lat' dir='ltr'>solebam,</span> 
     </span>
     <span class='ocr_line' id='line_1_20' title="bbox 347 1602 1361 1665; baseline -0.003 -16"><span class='ocrx_word' id='word_1_124' title='bbox 347 1603 562 1665; x_wconf 82' lang='lat' dir='ltr'>Pervigil</span> <span class='ocrx_word' id='word_1_125' title='bbox 584 1604 633 1650; x_wconf 88' lang='lat' dir='ltr'>in</span> <span class='ocrx_word' id='word_1_126' title='bbox 658 1604 834 1650; x_wconf 82' lang='lat' dir='ltr'>mediae</span> <span class='ocrx_word' id='word_1_127' title='bbox 861 1603 1024 1650; x_wconf 88' lang='lat' dir='ltr'>sidera</span> <span class='ocrx_word' id='word_1_128' title='bbox 1048 1602 1208 1649; x_wconf 91' lang='lat' dir='ltr'>noctis</span> <span class='ocrx_word' id='word_1_129' title='bbox 1235 1617 1361 1648; x_wconf 88' lang='lat' dir='ltr'>eras.</span> 
     </span>
    </p>

    <p class='ocr_par' dir='ltr' id='par_1_6' title="bbox 282 1677 1674 1820">
     <span class='ocr_line' id='line_1_21' title="bbox 282 1677 1674 1742; baseline -0.004 -15"><span class='ocrx_word' id='word_1_130' title='bbox 282 1681 507 1727; x_wconf 89' lang='lat' dir='ltr'>Forsitan</span> <span class='ocrx_word' id='word_1_131' title='bbox 533 1688 583 1727; x_wconf 89' lang='lat' dir='ltr'>et</span> <span class='ocrx_word' id='word_1_132' title='bbox 606 1687 772 1728; x_wconf 89' lang='lat' dir='ltr'>tecum</span> <span class='ocrx_word' id='word_1_133' title='bbox 797 1688 883 1727; x_wconf 87' lang='lat' dir='ltr'>tua</span> <span class='ocrx_word' id='word_1_134' title='bbox 908 1696 1037 1726; x_wconf 88' lang='lat' dir='ltr'>nunc</span> <span class='ocrx_word' id='word_1_135' title='bbox 1064 1678 1334 1742; x_wconf 85' lang='lat' dir='ltr'>requiescit</span> <span class='ocrx_word' id='word_1_136' title='bbox 1360 1677 1537 1724; x_wconf 86' lang='lat' dir='ltr'>amica.</span> <span class='ocrx_word' id='word_1_137' title='bbox 1612 1679 1674 1721; x_wconf 78' lang='lat'>45</span> 
     </span>
     <span class='ocr_line' id='line_1_22' title="bbox 346 1753 1436 1820; baseline -0.004 -17"><span class='ocrx_word' id='word_1_138' title='bbox 346 1757 460 1804; x_wconf 92' lang='lat' dir='ltr'>Heu</span> <span class='ocrx_word' id='word_1_139' title='bbox 487 1757 659 1805; x_wconf 89' lang='lat' dir='ltr'>melior</span> <span class='ocrx_word' id='word_1_140' title='bbox 684 1764 871 1820; x_wconf 89' lang='lat' dir='ltr'>quanto</span> <span class='ocrx_word' id='word_1_141' title='bbox 898 1773 1003 1803; x_wconf 86' lang='lat' dir='ltr'>sors</span> <span class='ocrx_word' id='word_1_142' title='bbox 1030 1764 1116 1803; x_wconf 86' lang='lat' dir='ltr'>tua</span> <span class='ocrx_word' id='word_1_143' title='bbox 1141 1762 1273 1802; x_wconf 88' lang='lat' dir='ltr'>sorte</span> <span class='ocrx_word' id='word_1_144' title='bbox 1299 1753 1436 1800; x_wconf 66' lang='lat' dir='ltr'>mea!</span> 
     </span>
    </p>

    <p class='ocr_par' dir='ltr' id='par_1_7' title="bbox 281 1833 1542 1976">
     <span class='ocr_line' id='line_1_23' title="bbox 281 1833 1488 1890; baseline -0.004 -10"><span class='ocrx_word' id='word_1_145' title='bbox 281 1835 565 1882; x_wconf 88' lang='lat' dir='ltr'>Dummodo</span> <span class='ocrx_word' id='word_1_146' title='bbox 591 1835 678 1890; x_wconf 89' lang='lat' dir='ltr'>sic,</span> <span class='ocrx_word' id='word_1_147' title='bbox 707 1835 756 1881; x_wconf 92' lang='lat' dir='ltr'>in</span> <span class='ocrx_word' id='word_1_148' title='bbox 781 1851 860 1881; x_wconf 88' lang='lat' dir='ltr'>me</span> <span class='ocrx_word' id='word_1_149' title='bbox 885 1834 1020 1880; x_wconf 82' lang='lat' dir='ltr'>durae</span> <span class='ocrx_word' id='word_1_150' title='bbox 1045 1833 1253 1880; x_wconf 89' lang='lat' dir='ltr'>transite</span> <span class='ocrx_word' id='word_1_151' title='bbox 1279 1838 1488 1879; x_wconf 83' lang='lat' dir='ltr'>catenae.</span> 
     </span>
     <span class='ocr_line' id='line_1_24' title="bbox 345 1911 1542 1976; baseline -0.005 -18"><span class='ocrx_word' id='word_1_152' title='bbox 345 1911 594 1976; x_wconf 88' lang='lat' dir='ltr'>Tempora</span> <span class='ocrx_word' id='word_1_153' title='bbox 617 1912 775 1958; x_wconf 89' lang='lat' dir='ltr'>noctis</span> <span class='ocrx_word' id='word_1_154' title='bbox 802 1918 947 1959; x_wconf 87' lang='lat' dir='ltr'>eunt:</span> <span class='ocrx_word' id='word_1_155' title='bbox 987 1917 1169 1958; x_wconf 87' lang='lat' dir='ltr'>excute</span> <span class='ocrx_word' id='word_1_156' title='bbox 1194 1915 1337 1973; x_wconf 89' lang='lat' dir='ltr'>poste</span> <span class='ocrx_word' id='word_1_157' title='bbox 1363 1922 1542 1955; x_wconf 85' lang='lat' dir='ltr'>seram.</span> 
     </span>
    </p>
   </div>
   <div class='ocr_carea' id='block_1_5' title="bbox 276 2033 942 2751">
    <p class='ocr_par' dir='ltr' id='par_1_8' title="bbox 276 2033 942 2512">
     <span class='ocr_line' id='line_1_25' title="bbox 277 2033 941 2075; baseline -0.003 -10"><span class='ocrx_word' id='word_1_158' title='bbox 277 2045 415 2075; x_wconf 84' lang='lat' dir='ltr'>gumque</span> <span class='ocrx_word' id='word_1_159' title='bbox 445 2039 474 2064; x_wconf 81' lang='lat' dir='ltr'>te</span> <span class='ocrx_word' id='word_1_160' title='bbox 504 2033 625 2075; x_wconf 80' lang='lat' dir='ltr'>ligavit.</span> <span class='ocrx_word' id='word_1_161' title='bbox 662 2039 756 2064; x_wconf 84' lang='lat' dir='ltr'>recte.</span> <span class='ocrx_word' id='word_1_162' title='bbox 791 2044 849 2064; x_wconf 90' lang='lat' dir='ltr'>vox</span> <span class='ocrx_word' id='word_1_163' title='bbox 883 2044 941 2063; x_wconf 78' lang='lat' dir='ltr'>uu-</span> 
     </span>
     <span class='ocr_line' id='line_1_26' title="bbox 276 2081 942 2124; baseline -0.002 -11"><span class='ocrx_word' id='word_1_164' title='bbox 276 2096 364 2124; x_wconf 77' lang='lat' dir='ltr'>quam</span> <span class='ocrx_word' id='word_1_165' title='bbox 379 2082 471 2114; x_wconf 78' lang='lat' dir='ltr'>simili</span> <span class='ocrx_word' id='word_1_166' title='bbox 488 2082 636 2123; x_wconf 82' lang='lat' dir='ltr'>loquendi</span> <span class='ocrx_word' id='word_1_167' title='bbox 661 2082 752 2112; x_wconf 84' lang='lat' dir='ltr'>modo</span> <span class='ocrx_word' id='word_1_168' title='bbox 768 2081 799 2111; x_wconf 85' lang='lat' dir='ltr'>in</span> <span class='ocrx_word' id='word_1_169' title='bbox 814 2081 942 2123; x_wconf 80' lang='lat' dir='ltr'>antiquo</span> 
     </span>
     <span class='ocr_line' id='line_1_27' title="bbox 278 2130 793 2172; baseline -0.006 -9"><span class='ocrx_word' id='word_1_170' title='bbox 278 2133 462 2163; x_wconf 85' lang='lat' dir='ltr'>IIomonoeae</span> <span class='ocrx_word' id='word_1_171' title='bbox 479 2130 647 2172; x_wconf 80' lang='lat' dir='ltr'>Epitaphio</span> <span class='ocrx_word' id='word_1_172' title='bbox 660 2130 775 2171; x_wconf 78' lang='lat' dir='ltr'>legitur</span> <span class='ocrx_word' id='word_1_173' title='bbox 787 2142 793 2160; x_wconf 81' lang='lat' dir='ltr'><em>z</em></span> 
     </span>
     <span class='ocr_line' id='line_1_28' title="bbox 322 2181 941 2220; baseline -0.006 -8"><span class='ocrx_word' id='word_1_174' title='bbox 322 2183 430 2217; x_wconf 80' lang='lat' dir='ltr'>Parce,</span> <span class='ocrx_word' id='word_1_175' title='bbox 448 2183 489 2211; x_wconf 82' lang='lat' dir='ltr'>ita</span> <span class='ocrx_word' id='word_1_176' title='bbox 517 2193 574 2211; x_wconf 76' lang='lat' dir='ltr'>non</span> <span class='ocrx_word' id='word_1_177' title='bbox 594 2192 727 2220; x_wconf 77' lang='lat' dir='ltr'>unquam</span> <span class='ocrx_word' id='word_1_178' title='bbox 745 2181 867 2210; x_wconf 79' lang='lat' dir='ltr'>similem</span> <span class='ocrx_word' id='word_1_179' title='bbox 894 2191 941 2209; x_wconf 67' lang='lat' dir='ltr'>cr-</span> 
     </span>
     <span class='ocr_line' id='line_1_29' title="bbox 402 2230 675 2270; baseline -0.007 -10"><span class='ocrx_word' id='word_1_180' title='bbox 402 2232 522 2270; x_wconf 68' lang='lat' dir='ltr'>periurc</span> <span class='ocrx_word' id='word_1_181' title='bbox 537 2230 675 2264; x_wconf 73' lang='lat' dir='ltr'>dolorem,</span> 
     </span>
     <span class='ocr_line' id='line_1_30' title="bbox 365 2279 939 2321; baseline -0.005 -12"><span class='ocrx_word' id='word_1_182' title='bbox 365 2279 405 2309; x_wconf 78' lang='lat' dir='ltr'>Et</span> <span class='ocrx_word' id='word_1_183' title='bbox 423 2280 556 2321; x_wconf 70' lang='lat' dir='ltr'>=faveant</span> <span class='ocrx_word' id='word_1_184' title='bbox 580 2280 652 2309; x_wconf 78' lang='lat' dir='ltr'>rotis</span> <span class='ocrx_word' id='word_1_185' title='bbox 676 2279 802 2307; x_wconf 76' lang='lat' dir='ltr'>numina</span> <span class='ocrx_word' id='word_1_186' title='bbox 830 2284 939 2307; x_wconf 76' lang='lat' dir='ltr'>cuneta</span> 
     </span>
     <span class='ocr_line' id='line_1_31' title="bbox 407 2327 901 2359; baseline -0.006 0"><span class='ocrx_word' id='word_1_187' title='bbox 407 2331 478 2359; x_wconf 78' lang='lat' dir='ltr'>tuis.</span> <span class='ocrx_word' id='word_1_188' title='bbox 782 2327 901 2357; x_wconf 67' lang='lat' dir='ltr'>mes.</span> 
     </span>
     <span class='ocr_line' id='line_1_32' title="bbox 277 2375 938 2419; baseline -0.006 -10"><span class='ocrx_word' id='word_1_189' title='bbox 277 2380 327 2409; x_wconf 79' lang='lat' dir='ltr'>De</span> <span class='ocrx_word' id='word_1_190' title='bbox 343 2379 390 2419; x_wconf 72' lang='grc' dir='ltr'>τῷ</span> <span class='ocrx_word' id='word_1_191' title='bbox 414 2390 545 2418; x_wconf 76' lang='lat' dir='ltr'>unquam</span> <span class='ocrx_word' id='word_1_192' title='bbox 562 2376 632 2408; x_wconf 82' lang='lat' dir='ltr'>vide</span> <span class='ocrx_word' id='word_1_193' title='bbox 653 2375 692 2407; x_wconf 81' lang='lat' dir='ltr'>ad</span> <span class='ocrx_word' id='word_1_194' title='bbox 709 2375 865 2412; x_wconf 76' lang='lat' dir='ltr'>Quinctil.</span> <span class='ocrx_word' id='word_1_195' title='bbox 882 2375 938 2406; x_wconf 80' lang='lat' dir='ltr'>xii.</span> 
     </span>
     <span class='ocr_line' id='line_1_33' title="bbox 277 2425 941 2465; baseline -0.006 -7"><span class='ocrx_word' id='word_1_196' title='bbox 277 2428 382 2458; x_wconf 83' lang='lat' dir='ltr'>Instit.</span> <span class='ocrx_word' id='word_1_197' title='bbox 420 2429 451 2457; x_wconf 82' lang='lat'>2.</span> <span class='ocrx_word' id='word_1_198' title='bbox 497 2426 644 2457; x_wconf 75' lang='lat' dir='ltr'>Francius</span> <span class='ocrx_word' id='word_1_199' title='bbox 678 2425 863 2465; x_wconf 79' lang='lat' dir='ltr'>corrigebat,</span> <span class='ocrx_word' id='word_1_200' title='bbox 899 2426 941 2454; x_wconf 74' lang='lat' dir='ltr'>sic·</span> 
     </span>
     <span class='ocr_line' id='line_1_34' title="bbox 276 2476 750 2512; baseline -0.004 -6"><span class='ocrx_word' id='word_1_201' title='bbox 276 2478 358 2511; x_wconf 78' lang='lat' dir='ltr'>olim,</span> <span class='ocrx_word' id='word_1_202' title='bbox 378 2477 438 2512; x_wconf 80' lang='lat' dir='ltr'>vel,</span> <span class='ocrx_word' id='word_1_203' title='bbox 456 2478 585 2506; x_wconf 76' lang='lat' dir='ltr'>taudem.</span> <span class='ocrx_word' id='word_1_204' title='bbox 631 2476 750 2505; x_wconf 69' lang='lat' dir='ltr'>annx.</span> 
     </span>
    </p>

    <p class='ocr_par' dir='ltr' id='par_1_9' title="bbox 276 2523 939 2751">
     <span class='ocr_line' id='line_1_35' title="bbox 320 2523 939 2565; baseline -0.008 -8"><span class='ocrx_word' id='word_1_205' title='bbox 320 2527 372 2557; x_wconf 82' lang='grc'>38.</span> <span class='ocrx_word' id='word_1_206' title='bbox 399 2526 516 2556; x_wconf 72' lang='lat' dir='ltr'>Mecum</span> <span class='ocrx_word' id='word_1_207' title='bbox 532 2525 602 2565; x_wconf 81' lang='lat' dir='ltr'>est.]</span> <span class='ocrx_word' id='word_1_208' title='bbox 629 2525 679 2555; x_wconf 82' lang='lat' dir='ltr'>Ita</span> <span class='ocrx_word' id='word_1_209' title='bbox 694 2524 800 2554; x_wconf 76' lang='lat' dir='ltr'>Livius</span> <span class='ocrx_word' id='word_1_210' title='bbox 822 2523 878 2553; x_wconf 85' lang='lat' dir='ltr'>lib.</span> <span class='ocrx_word' id='word_1_211' title='bbox 896 2523 939 2553; x_wconf 91' lang='lat' dir='ltr'>iv.</span> 
     </span>
     <span class='ocr_line' id='line_1_36' title="bbox 277 2573 938 2613; baseline -0.006 -8"><span class='ocrx_word' id='word_1_212' title='bbox 277 2576 329 2605; x_wconf 81' lang='lat'>32.</span> <span class='ocrx_word' id='word_1_213' title='bbox 375 2575 478 2606; x_wconf 81' lang='lat' dir='ltr'>Secum</span> <span class='ocrx_word' id='word_1_214' title='bbox 511 2575 684 2613; x_wconf 73' lang='lat' dir='ltr'>triumphos,</span> <span class='ocrx_word' id='word_1_215' title='bbox 715 2584 811 2603; x_wconf 55' lang='lat' dir='ltr'>secum</span> <span class='ocrx_word' id='word_1_216' title='bbox 835 2573 938 2610; x_wconf 73' lang='lat' dir='ltr'>spolia,</span> 
     </span>
     <span class='ocr_line' id='line_1_37' title="bbox 276 2623 938 2659; baseline -0.003 -6"><span class='ocrx_word' id='word_1_217' title='bbox 276 2634 371 2653; x_wconf 76' lang='lat' dir='ltr'>secum</span> <span class='ocrx_word' id='word_1_218' title='bbox 388 2626 542 2654; x_wconf 73' lang='lat' dir='ltr'>victoriam</span> <span class='ocrx_word' id='word_1_219' title='bbox 553 2634 630 2659; x_wconf 53' lang='grc' dir='ltr'>σεδ-8,·</span> <span class='ocrx_word' id='word_1_220' title='bbox 655 2634 721 2653; x_wconf 77' lang='lat' dir='ltr'>cum</span> <span class='ocrx_word' id='word_1_221' title='bbox 738 2623 864 2651; x_wconf 66' lang='lat' dir='ltr'>hostibus</span> <span class='ocrx_word' id='word_1_222' title='bbox 879 2632 938 2651; x_wconf 77' lang='lat' dir='ltr'>sce-</span> 
     </span>
     <span class='ocr_line' id='line_1_38' title="bbox 279 2670 938 2707; baseline -0.003 -6"><span class='ocrx_word' id='word_1_223' title='bbox 279 2673 334 2707; x_wconf 80' lang='lat' dir='ltr'>lus,</span> <span class='ocrx_word' id='word_1_224' title='bbox 350 2672 409 2703; x_wconf 64' lang='lat' dir='ltr'>Sec.</span> <span class='ocrx_word' id='word_1_225' title='bbox 426 2678 458 2702; x_wconf 81' lang='lat' dir='ltr'>et</span> <span class='ocrx_word' id='word_1_226' title='bbox 473 2671 527 2703; x_wconf 84' lang='lat' dir='ltr'>lib.</span> <span class='ocrx_word' id='word_1_227' title='bbox 544 2683 618 2702; x_wconf 84' lang='lat' dir='ltr'>xxx.</span> <span class='ocrx_word' id='word_1_228' title='bbox 641 2672 696 2702; x_wconf 87' lang='grc'>33.</span> <span class='ocrx_word' id='word_1_229' title='bbox 746 2670 876 2699; x_wconf 64' lang='lat' dir='ltr'>Victoria</span> <span class='ocrx_word' id='word_1_230' title='bbox 898 2676 938 2699; x_wconf 67' lang='lat' dir='ltr'>est</span> 
     </span>
     <span class='ocr_line' id='line_1_39' title="bbox 277 2721 469 2751; baseline 0 -1"><span class='ocrx_word' id='word_1_231' title='bbox 277 2732 343 2750; x_wconf 79' lang='lat' dir='ltr'>cum</span> <span class='ocrx_word' id='word_1_232' title='bbox 362 2721 469 2751; x_wconf 56' lang='lat' dir='ltr'>Poeniz.</span> 
     </span>
    </p>
   </div>
   <div class='ocr_carea' id='block_1_6' title="bbox 1006 2030 1678 2704">
    <p class='ocr_par' dir='ltr' id='par_1_10' title="bbox 1006 2030 1678 2415">
     <span class='ocr_line' id='line_1_40' title="bbox 1054 2030 1678 2068; baseline -0.006 -5"><span class='ocrx_word' id='word_1_233' title='bbox 1054 2034 1107 2063; x_wconf 88' lang='grc'>41.</span> <span class='ocrx_word' id='word_1_234' title='bbox 1134 2032 1250 2062; x_wconf 67' lang='lat' dir='ltr'>Lentus</span> <span class='ocrx_word' id='word_1_235' title='bbox 1274 2031 1326 2059; x_wconf 79' lang='lat' dir='ltr'>cs?</span> <span class='ocrx_word' id='word_1_236' title='bbox 1359 2041 1399 2059; x_wconf 82' lang='lat' dir='ltr'>an</span> <span class='ocrx_word' id='word_1_237' title='bbox 1423 2038 1550 2064; x_wconf 80' lang='lat' dir='ltr'>somnus,</span> <span class='ocrx_word' id='word_1_238' title='bbox 1573 2030 1623 2068; x_wconf 79' lang='lat' dir='ltr'>qui</span> <span class='ocrx_word' id='word_1_239' title='bbox 1651 2034 1678 2059; x_wconf 77' lang='lat' dir='ltr'>ie</span> 
     </span>
     <span class='ocr_line' id='line_1_41' title="bbox 1009 2076 1678 2121; baseline -0.007 -9"><span class='ocrx_word' id='word_1_240' title='bbox 1009 2083 1086 2112; x_wconf 82' lang='lat' dir='ltr'>male</span> <span class='ocrx_word' id='word_1_241' title='bbox 1111 2082 1220 2121; x_wconf 74' lang='lat' dir='ltr'>pra-bet</span> <span class='ocrx_word' id='word_1_242' title='bbox 1250 2078 1397 2118; x_wconf 50' lang='lat' dir='ltr'>amuntrss]</span> <span class='ocrx_word' id='word_1_243' title='bbox 1434 2076 1552 2112; x_wconf 83' lang='lat' dir='ltr'>Scribe,</span> <span class='ocrx_word' id='word_1_244' title='bbox 1576 2079 1628 2116; x_wconf 80' lang='lat' dir='ltr'>qui</span> <span class='ocrx_word' id='word_1_245' title='bbox 1651 2088 1678 2107; x_wconf 76' lang='lat' dir='ltr'>se</span> 
     </span>
     <span class='ocr_line' id='line_1_42' title="bbox 1009 2125 1675 2170; baseline -0.005 -10"><span class='ocrx_word' id='word_1_246' title='bbox 1009 2132 1086 2161; x_wconf 78' lang='lat' dir='ltr'>male</span> <span class='ocrx_word' id='word_1_247' title='bbox 1103 2131 1212 2170; x_wconf 58' lang='lat' dir='ltr'>praebet</span> <span class='ocrx_word' id='word_1_248' title='bbox 1235 2129 1363 2159; x_wconf 73' lang='lat' dir='ltr'>amanti.</span> <span class='ocrx_word' id='word_1_249' title='bbox 1387 2131 1482 2167; x_wconf 81' lang='lat' dir='ltr'>atque</span> <span class='ocrx_word' id='word_1_250' title='bbox 1508 2125 1552 2155; x_wconf 75' lang='lat' dir='ltr'>ita</span> <span class='ocrx_word' id='word_1_251' title='bbox 1577 2126 1675 2157; x_wconf 84' lang='lat' dir='ltr'>codex</span> 
     </span>
     <span class='ocr_line' id='line_1_43' title="bbox 1010 2174 1677 2216; baseline -0.007 -5"><span class='ocrx_word' id='word_1_252' title='bbox 1010 2180 1140 2216; x_wconf 82' lang='lat' dir='ltr'>Douzae,</span> <span class='ocrx_word' id='word_1_253' title='bbox 1156 2185 1187 2209; x_wconf 86' lang='lat' dir='ltr'>et</span> <span class='ocrx_word' id='word_1_254' title='bbox 1214 2177 1360 2212; x_wconf 80' lang='lat' dir='ltr'>Sarravii,</span> <span class='ocrx_word' id='word_1_255' title='bbox 1382 2181 1414 2207; x_wconf 87' lang='lat' dir='ltr'>et</span> <span class='ocrx_word' id='word_1_256' title='bbox 1434 2174 1677 2206; x_wconf 80' lang='lat' dir='ltr'>Arondelianus.</span> 
     </span>
     <span class='ocr_line' id='line_1_44' title="bbox 1010 2224 1676 2266; baseline -0.009 -6"><span class='ocrx_word' id='word_1_257' title='bbox 1010 2229 1142 2259; x_wconf 86' lang='lat' dir='ltr'>Somnus</span> <span class='ocrx_word' id='word_1_258' title='bbox 1157 2228 1240 2260; x_wconf 88' lang='lat' dir='ltr'>enim</span> <span class='ocrx_word' id='word_1_259' title='bbox 1261 2231 1402 2258; x_wconf 83' lang='lat' dir='ltr'>amantes</span> <span class='ocrx_word' id='word_1_260' title='bbox 1425 2235 1512 2255; x_wconf 84' lang='lat' dir='ltr'>rarus</span> <span class='ocrx_word' id='word_1_261' title='bbox 1538 2224 1676 2266; x_wconf 81' lang='lat' dir='ltr'>respicit.</span> 
     </span>
     <span class='ocr_line' id='line_1_45' title="bbox 1010 2273 1678 2314; baseline -0.003 -8"><span class='ocrx_word' id='word_1_262' title='bbox 1010 2277 1182 2308; x_wconf 62' lang='lat' dir='ltr'>mesrrs.</span> <span class='ocrx_word' id='word_1_263' title='bbox 1229 2277 1330 2306; x_wconf 81' lang='lat' dir='ltr'>Recte</span> <span class='ocrx_word' id='word_1_264' title='bbox 1365 2273 1453 2305; x_wconf 82' lang='lat' dir='ltr'>addit</span> <span class='ocrx_word' id='word_1_265' title='bbox 1482 2274 1569 2308; x_wconf 78' lang='lat' dir='ltr'>male,</span> <span class='ocrx_word' id='word_1_266' title='bbox 1603 2273 1678 2314; x_wconf 82' lang='lat' dir='ltr'>quia</span> 
     </span>
     <span class='ocr_line' id='line_1_46' title="bbox 1008 2321 1677 2365; baseline -0.007 -8"><span class='ocrx_word' id='word_1_267' title='bbox 1008 2332 1087 2357; x_wconf 85' lang='lat' dir='ltr'>teste</span> <span class='ocrx_word' id='word_1_268' title='bbox 1110 2326 1216 2357; x_wconf 85' lang='lat' dir='ltr'>Servio</span> <span class='ocrx_word' id='word_1_269' title='bbox 1232 2325 1271 2356; x_wconf 82' lang='lat' dir='ltr'>ad</span> <span class='ocrx_word' id='word_1_270' title='bbox 1287 2324 1377 2365; x_wconf 85' lang='lat' dir='ltr'>Virg.</span> <span class='ocrx_word' id='word_1_271' title='bbox 1399 2334 1430 2355; x_wconf 89' lang='lat' dir='ltr'>x.</span> <span class='ocrx_word' id='word_1_272' title='bbox 1454 2321 1584 2353; x_wconf 83' lang='lat' dir='ltr'>AEneid.</span> <span class='ocrx_word' id='word_1_273' title='bbox 1602 2323 1677 2353; x_wconf 81' lang='lat'>321.</span> 
     </span>
     <span class='ocr_line' id='line_1_47' title="bbox 1006 2373 1565 2415; baseline -0.007 -10"><span class='ocrx_word' id='word_1_274' title='bbox 1006 2377 1130 2415; x_wconf 74' lang='lat' dir='ltr'>prcrberi</span> <span class='ocrx_word' id='word_1_275' title='bbox 1146 2377 1229 2407; x_wconf 87' lang='lat' dir='ltr'>bona</span> <span class='ocrx_word' id='word_1_276' title='bbox 1243 2375 1400 2405; x_wconf 87' lang='lat' dir='ltr'>dicuntur.</span> <span class='ocrx_word' id='word_1_277' title='bbox 1445 2373 1565 2402; x_wconf 71' lang='lat' dir='ltr'>Bnnm.</span> 
     </span>
    </p>

    <p class='ocr_par' dir='ltr' id='par_1_11' title="bbox 1007 2420 1678 2704">
     <span class='ocr_line' id='line_1_48' title="bbox 1052 2420 1674 2461; baseline -0.011 -5"><span class='ocrx_word' id='word_1_278' title='bbox 1052 2426 1107 2456; x_wconf 83' lang='lat'>43.</span> <span class='ocrx_word' id='word_1_279' title='bbox 1134 2426 1209 2455; x_wconf 80' lang='lat' dir='ltr'>Cum</span> <span class='ocrx_word' id='word_1_280' title='bbox 1225 2436 1269 2455; x_wconf 77' lang='lat' dir='ltr'>me</span> <span class='ocrx_word' id='word_1_281' title='bbox 1282 2425 1380 2454; x_wconf 77' lang='lat' dir='ltr'>celare</span> <span class='ocrx_word' id='word_1_282' title='bbox 1394 2421 1553 2461; x_wconf 63' lang='lat' dir='ltr'>volebam]</span> <span class='ocrx_word' id='word_1_283' title='bbox 1581 2420 1674 2461; x_wconf 83' lang='lat' dir='ltr'>Legi-</span> 
     </span>
     <span class='ocr_line' id='line_1_49' title="bbox 1010 2469 1676 2515; baseline -0.008 -12"><span class='ocrx_word' id='word_1_284' title='bbox 1010 2479 1058 2504; x_wconf 79' lang='lat' dir='ltr'>tur</span> <span class='ocrx_word' id='word_1_285' title='bbox 1074 2474 1179 2510; x_wconf 82' lang='lat' dir='ltr'>etiam,</span> <span class='ocrx_word' id='word_1_286' title='bbox 1198 2481 1234 2505; x_wconf 81' lang='lat' dir='ltr'>te.</span> <span class='ocrx_word' id='word_1_287' title='bbox 1257 2472 1373 2515; x_wconf 86' lang='lat' dir='ltr'>optime</span> <span class='ocrx_word' id='word_1_288' title='bbox 1385 2470 1526 2513; x_wconf 84' lang='lat' dir='ltr'>quidem.</span> <span class='ocrx_word' id='word_1_289' title='bbox 1543 2469 1676 2500; x_wconf 84' lang='lat' dir='ltr'>dicimus</span> 
     </span>
     <span class='ocr_line' id='line_1_50' title="bbox 1010 2517 1675 2562; baseline -0.011 -9"><span class='ocrx_word' id='word_1_290' title='bbox 1010 2522 1103 2557; x_wconf 81' lang='lat' dir='ltr'>enim,</span> <span class='ocrx_word' id='word_1_291' title='bbox 1119 2525 1179 2553; x_wconf 82' lang='lat' dir='ltr'>celo</span> <span class='ocrx_word' id='word_1_292' title='bbox 1202 2530 1229 2553; x_wconf 82' lang='lat' dir='ltr'>te</span> <span class='ocrx_word' id='word_1_293' title='bbox 1243 2521 1487 2562; x_wconf 79' lang='lat' dir='ltr'>meumfurlum,</span> <span class='ocrx_word' id='word_1_294' title='bbox 1505 2519 1537 2549; x_wconf 85' lang='lat' dir='ltr'>id</span> <span class='ocrx_word' id='word_1_295' title='bbox 1557 2523 1604 2548; x_wconf 84' lang='lat' dir='ltr'>est</span> <span class='ocrx_word' id='word_1_296' title='bbox 1619 2517 1675 2547; x_wconf 84' lang='lat' dir='ltr'>tibi</span> 
     </span>
     <span class='ocr_line' id='line_1_51' title="bbox 1007 2568 1674 2602; baseline -0.007 0"><span class='ocrx_word' id='word_1_297' title='bbox 1007 2572 1177 2602; x_wconf 84' lang='lat' dir='ltr'>abscondo.</span> <span class='ocrx_word' id='word_1_298' title='bbox 1212 2573 1363 2602; x_wconf 57' lang='lat' dir='ltr'>Mamm.</span> <span class='ocrx_word' id='word_1_299' title='bbox 1411 2570 1463 2599; x_wconf 84' lang='lat' dir='ltr'>Me</span> <span class='ocrx_word' id='word_1_300' title='bbox 1486 2569 1583 2599; x_wconf 80' lang='lat' dir='ltr'>celare</span> <span class='ocrx_word' id='word_1_301' title='bbox 1597 2568 1674 2597; x_wconf 71' lang='lat' dir='ltr'>vole-</span> 
     </span>
     <span class='ocr_line' id='line_1_52' title="bbox 1007 2618 1675 2663; baseline -0.01 -12"><span class='ocrx_word' id='word_1_302' title='bbox 1007 2623 1072 2651; x_wconf 79' lang='lat' dir='ltr'>bam</span> <span class='ocrx_word' id='word_1_303' title='bbox 1088 2627 1208 2663; x_wconf 82' lang='lat' dir='ltr'>septem</span> <span class='ocrx_word' id='word_1_304' title='bbox 1224 2620 1361 2652; x_wconf 83' lang='lat' dir='ltr'>codices.</span> <span class='ocrx_word' id='word_1_305' title='bbox 1387 2624 1533 2660; x_wconf 82' lang='lat' dir='ltr'>quatuor,</span> <span class='ocrx_word' id='word_1_306' title='bbox 1553 2623 1582 2647; x_wconf 78' lang='lat' dir='ltr'>le</span> <span class='ocrx_word' id='word_1_307' title='bbox 1602 2618 1675 2645; x_wconf 75' lang='lat' dir='ltr'>sole-</span> 
     </span>
     <span class='ocr_line' id='line_1_53' title="bbox 1007 2667 1678 2704; baseline -0.009 -5"><span class='ocrx_word' id='word_1_308' title='bbox 1007 2672 1082 2701; x_wconf 80' lang='lat' dir='ltr'>bam.</span> <span class='ocrx_word' id='word_1_309' title='bbox 1112 2677 1207 2701; x_wconf 85' lang='lat' dir='ltr'>recte.</span> <span class='ocrx_word' id='word_1_310' title='bbox 1253 2669 1390 2704; x_wconf 71' lang='lat' dir='ltr'>Canace,</span> <span class='ocrx_word' id='word_1_311' title='bbox 1414 2670 1445 2699; x_wconf 77' lang='lat' dir='ltr'>id</span> <span class='ocrx_word' id='word_1_312' title='bbox 1471 2674 1498 2698; x_wconf 66' lang='lat' dir='ltr'>te</span> <span class='ocrx_word' id='word_1_313' title='bbox 1517 2667 1678 2697; x_wconf 77' lang='lat' dir='ltr'>celavimus</span> 
     </span>
    </p>
   </div>
   <div class='ocr_carea' id='block_1_7' title="bbox 1009 2720 1279 2749">
    <p class='ocr_par' dir='ltr' id='par_1_12' title="bbox 1009 2720 1279 2749">
     <span class='ocr_line' id='line_1_54' title="bbox 1009 2720 1279 2749; baseline 0.004 -1"><span class='ocrx_word' id='word_1_314' title='bbox 1009 2730 1114 2749; x_wconf 71' lang='lat' dir='ltr'>umori.</span> <span class='ocrx_word' id='word_1_315' title='bbox 1160 2720 1279 2749; x_wconf 63' lang='lat' dir='ltr'>lIrlss.</span> 
     </span>
    </p>
   </div>
   <div class='ocr_carea' id='block_1_8' title="bbox 1075 2773 1137 2802">
    <p class='ocr_par' dir='ltr' id='par_1_13' title="bbox 1075 2773 1137 2802">
     <span class='ocr_line' id='line_1_55' title="bbox 1075 2773 1137 2802; baseline 0.016 -1"><span class='ocrx_word' id='word_1_316' title='bbox 1075 2773 1137 2802; x_wconf 72' lang='lat' dir='ltr'>X4</span> 
     </span>
    </p>
   </div>
  </div>
 </body>
</html>
