1849 3198
209 174 294 214 442

591 172 641 212 Ρ.
676 169 889 212 OVIDII
923 170 1203 213 NASONIS

211 287 334 341 Quae
357 287 483 333 bene
509 286 614 333 visa
636 286 755 332 mihi
782 286 978 342 fuerint,
1002 287 1130 333 bene
1154 286 1259 332 visa
1284 293 1480 348 negato.
1536 289 1599 333 45

278 363 574 411 Concedent
596 364 761 411 verbis
787 364 976 410 lumina
1002 370 1170 409 nostra
1194 363 1308 409 tuis.

210 441 375 487 Prona
398 440 488 487 tibi
513 440 642 487 vinci
667 440 953 503 cupientem
978 440 1173 486 vincere
1200 440 1366 502 palma
1384 447 1474 486 est.

278 517 355 563 Sit
379 517 543 572 mod0,
573 516 689 563 Non
713 517 823 572 feci,
851 517 1016 563 dicere
1040 516 1209 577 lingua
1233 532 1435 562 memor.

212 594 341 641 Cum
366 594 455 641 tibi
481 593 737 655 contingat
761 592 922 640 verbis
948 608 1182 655 superare
1208 593 1425 646 duobus;

278 670 345 717 Et
369 671 407 717 si
434 687 533 717 non
558 670 755 724 caussir,
773 669 943 732 judice
966 669 1108 716 vince
1133 676 1234 715 tuo.
1539 670 1601 712 50

678 930 977 977 ELEGIA
1028 930 1139 977 XV.

215 1053 394 1107 Quaere
420 1067 599 1099 novum
625 1057 804 1106 vatem,
832 1057 1113 1098 tenerorum
1139 1057 1295 1097 mater
1322 1050 1582 1096 Amorum:

281 1129 492 1176 Raditur
515 1129 595 1175 hic
623 1128 791 1189 Elegis
816 1128 991 1175 ultima
1016 1136 1149 1176 meta
1173 1128 1312 1174 meis.

215 1206 352 1260 Quos
378 1222 471 1267 ego
495 1204 771 1268 composui,
800 1203 996 1266 Peligni
1022 1205 1146 1251 ruris
1172 1205 1422 1251 alumnus:

282 1282 390 1330 Nec
412 1298 491 1329 me
517 1282 711 1329 deliciae
737 1281 1017 1329 dedecuere
1042 1298 1182 1329 meae.

217 1359 270 1405 Si
296 1359 417 1421 quid
442 1358 493 1405 id
518 1365 610 1413 est,
639 1374 799 1420 usque
825 1373 854 1404 a
871 1358 1065 1420 proavis
1081 1365 1223 1405 vetus
1240 1357 1424 1404 ordinis
1441 1357 1601 1409 heres,

281 1435 397 1482 Non
422 1436 569 1482 modo
589 1435 775 1481 militiae
801 1435 999 1481 turbine
1020 1435 1181 1481 factus
1207 1450 1378 1496 eques.
1573 1435 1602 1478 6

218 1511 432 1559 Mantua
456 1512 663 1574 Virgilio
689 1512 890 1574 gaudet,
917 1511 1118 1559 Verona
1143 1511 1364 1559 Catullo:

282 1588 503 1650 Pelignae
529 1589 666 1635 dicar
692 1588 848 1650 gloria
873 1588 1034 1649 gentis
1061 1604 1170 1649 ego.

215 1665 379 1719 Quam
403 1681 494 1712 sua
514 1665 717 1711 libertas
743 1665 805 1711 ad
830 1665 1039 1711 honesta
1062 1670 1295 1726 coegerat
1318 1679 1468 1717 arma,

284 1741 413 1788 Cum
438 1741 603 1788 timuit
627 1742 786 1788 socias
814 1741 962 1788 anxia
989 1741 1153 1788 Roma
1177 1757 1368 1788 manus.
1547 1742 1605 1784 10

259 1916 292 1944 6.
313 1914 380 1945 Non
395 1916 478 1945 modo
500 1917 614 1946 militm
640 1917 758 1946 turbine
771 1916 880 1957 fizrtus

215 1964 327 2004 eques]
363 1964 493 1994 Turbine
516 1970 592 2006 puto
618 1965 708 2001 dixit,
733 1976 789 2006 pro
816 1972 879 1995 tur-

215 2013 356 2043 bulentia
384 2019 416 2043 et
445 2012 678 2054 inquietudine:
719 2019 772 2044 aut
798 2020 880 2044 certe

216 2072 271 2101 pro
286 2061 436 2091 rotatione
451 2072 613 2102 equorum,
630 2074 707 2103 quos
724 2063 754 2093 in
770 2074 878 2103 gyrum

216 2109 426 2150 circumagere
478 2110 629 2141 solebant.
694 2111 880 2152 Metaphora

216 2163 340 2199 sumpta
363 2158 412 2188 vel
437 2168 455 2188 a
479 2165 570 2188 vento
593 2164 814 2200 tempestuoso,
831 2160 879 2189 vel

216 2207 256 2236 ab
269 2206 471 2237 instrumento
487 2207 612 2237 lusorio.
660 2208 757 2244 Quasi
777 2208 877 2238 dicat:

218 2255 291 2285 Non
319 2255 415 2290 bello,
446 2261 499 2285 aut
526 2262 591 2286 arte
620 2256 727 2297 aliqua
754 2256 879 2287 militari

217 2308 391 2345 equestrem
402 2304 587 2345 dignitatem
597 2311 783 2335 consecutus
795 2315 877 2335 sum:

218 2353 273 2383 sed
289 2363 308 2383 a
322 2352 490 2394 majoribus
507 2353 628 2394 accepi,
646 2354 705 2383 &m
733 2355 859 2384 Mrem„

262 2402 292 2432 7.
311 2401 469 2441 Mantum]
507 2402 575 2431 Hoc
592 2402 748 2433 distichon
762 2413 879 2444 ponen-

219 2450 292 2480 dum
318 2460 397 2485 esse,
423 2455 492 2490 post
520 2460 664 2491 sequens,
693 2451 787 2485 Quem
818 2458 881 2487 11111,

220 2499 368 2528 censebat
382 2499 505 2529 Douza.

263 2548 294 2578 8.
311 2546 444 2587 Peligtice
469 2548 555 2577 dicar
571 2549 670 2588 gloria
684 2551 782 2587 gentis
798 2549 876 2589 ega]

220 2595 269 2625 De
287 2594 425 2635 Pelignis
443 2595 507 2636 jam
527 2595 673 2631 diximus,
690 2596 729 2626 ad
752 2597 842 2636 Eleg.
860 2597 879 2626 i.

219 2642 277 2673 lib.
314 2642 348 2672 ii.
379 2654 508 2683 quorum
546 2643 690 2674 civitates
727 2645 878 2686 priinariae

222 2691 406 2727 (ἴω-5111111111,
452 2692 630 2723 Maruvium
669 2699 698 2723 et
734 2693 879 2723 Sulmone

949 1916 1035 1956 (quae
1065 1925 1146 1945 nunc
1176 1914 1335 1949 Salmatia)
1365 1924 1402 1944 ex
1431 1923 1493 1954 qua
1524 1912 1607 1942 Naso

947 1965 1106 1995 oriundus.
1123 1965 1225 1994 Strab.
1241 1976 1271 1994 v.
1289 1965 1321 1993 9.

990 2015 1023 2043 9.
1043 2014 1138 2047 Quam
1163 2025 1215 2043 sim
1234 2014 1363 2046 libertus,
1379 2011 1458 2051 δια]
1500 2012 1604 2047 Quum

944 2063 995 2103 jus
1009 2062 1144 2092 civitatis
1159 2062 1212 2091 diu
1228 2062 1401 2101 frustraque
1418 2070 1436 2090 a
1456 2059 1607 2089 Romanis

949 2110 1081 2152 Peligni,
1098 2111 1197 2141 Marsi
1214 2116 1244 2140 et
1260 2108 1418 2139 Marucini
1434 2108 1607 2149 petiissent,

948 2159 978 2189 id
995 2159 1084 2189 sociis
1099 2158 1191 2189 arinis
1205 2164 1385 2199 extorquere
1398 2162 1607 2191 tentaverunt,

948 2208 1031 2248 quod
1055 2208 1129 2249 ipsis
1151 2207 1327 2241 exarmatis,
1350 2212 1381 2236 et
1409 2205 1608 2247 precantibus

947 2257 1135 2297 denegatum
1151 2256 1270 2293 fuerat3
1294 2255 1475 2295 bellumque
1490 2254 1605 2284 Roma-

948 2305 994 2335 nis
1010 2305 1201 2339 indixerunt,
1220 2304 1302 2345 quod
1323 2304 1487 2333 Marsicum
1500 2302 1606 2344 adpel<

948 2354 1041 2389 latur,
1070 2353 1143 2394 quia
1171 2358 1332 2383 moverunt
1355 2351 1469 2392 priores
1496 2351 1607 2381 Marsi.

949 2402 1029 2432 Rem
1054 2401 1097 2431 sic
1120 2406 1245 2431 narrant
1260 2401 1378 2435 Strabo,
1395 2399 1451 2430 lib.
1469 2412 1498 2430 v.
1513 2400 1553 2436 93
1578 2407 1609 2429 et

1367 1962 1397 1992 A
1401 1974 1423 1991 M
1430 1974 1447 1991 Α
1454 1974 1470 1991 rr
1479 1985 1485 1991 .

951 2451 1046 2481 Diod.
1077 2449 1163 2480 Sicil.
1194 2450 1268 2479 Exc.
1305 2449 1361 2479 lib.
1394 2449 1517 2485 xxxvi13
1553 2448 1606 2478 scd
1655 2460 1667 2474 e·

950 2500 1043 2541 paulo
1068 2499 1155 2529 aliter
1183 2498 1322 2528 Velleius
1347 2497 1530 2528 Paterculus
1550 2497 1606 2526 lib.

949 2549 979 2579 ii.
1001 2550 1050 2579 15.
1068 2549 1120 2578 ubi
1137 2554 1252 2578 motum
1269 2547 1366 2588 priiuo
1381 2547 1420 2576 ab
1444 2545 1609 2576 Asculanis

948 2597 1077 2631 bellum,
1093 2602 1269 2637 susceptum
1285 2595 1399 2626 deinde
1421 2601 1451 2626 et
1474 2600 1607 2635 protrac-

949 2652 1013 2675 tum
1031 2656 1049 2675 a
1065 2644 1178 2675 Marsis
1195 2644 1306 2674 resertae
1347 2643 1464 2672 Annii.

994 2695 1042 2724 10.
1062 2694 1136 2723 Cum
1161 2693 1258 2722 timuit
1283 2694 1373 2722 socias
1396 2692 1484 2721 (1111111
1514 2691 1604 2720 11011111
