1849 3198
599 214 898 256 AMORUM.
950 215 1070 256 LIB.
1101 215 1138 257 I.
1173 217 1240 259 13.

1546 218 1632 266 335

231 328 368 376 Inter
393 330 740 393 ephemeridas
765 330 942 377 melius
969 331 1268 395 tabulasque
1288 334 1533 396 jacerent,
1563 337 1627 381 25

297 405 356 452 In
382 407 564 469 quibus
590 407 845 453 absumtas
871 406 1013 454 fleret
1038 423 1212 455 avarus
1238 425 1378 473 opes.

230 481 362 545 Ergo
387 500 479 546 ego
503 500 589 531 vos
613 484 762 531 rebus
787 483 1016 546 duplices
1042 501 1130 547 pro
1157 487 1356 534 nomine
1381 487 1549 534 sensi?

294 560 519 625 Auspicii
545 577 779 608 numerus
806 577 903 608 non
929 568 1034 608 erat
1058 562 1165 626 ipse
1190 563 1325 610 boni.

228 635 360 689 Quid
385 654 560 701 precer
583 638 736 684 iratus
754 637 902 702 {misi
927 654 1013 685 vos
1039 640 1232 686 cariosa
1256 648 1490 688 senectus

296 710 558 770 Rodat22et
582 715 836 761 immundo
862 731 977 761 cera
1001 716 1065 762 sit
1090 717 1204 764 alba
1229 717 1343 764 situ.
1563 721 1628 763 30

678 984 980 1031 ELEGIA
1018 985 1171 1033 XIII.

225 1108 254 1155 J
260 1125 339 1156 am
365 1124 514 1172 super
540 1107 799 1155 Oceanum
824 1107 960 1154 venit
985 1124 1014 1155 a
1038 1110 1231 1157 seniore
1257 1110 1449 1167 marito,

296 1186 446 1233 Flava
469 1186 704 1250 pruinoso
730 1202 843 1249 quae
869 1185 1004 1233 vehit
1029 1203 1124 1234 axe
1150 1188 1300 1235 diem.

267 1332 321 1361 24.
348 1331 430 1365 Quas
452 1331 562 1370 aliquis
585 1332 662 1360 duro
685 1331 820 1371 cognitor
842 1341 891 1360 ore

225 1381 336 1422 legat]
365 1380 440 1410 Late
457 1379 633 1410 Gronovius
646 1379 700 1410 lib.
716 1378 758 1410 iv.
775 1380 813 1410 de
830 1380 890 1410 Pe-

223 1441 297 1461 cun.
319 1429 415 1461 veteri
440 1440 512 1470 cap.
529 1428 576 1459 iii.
603 1429 642 1459 de
667 1428 888 1469 cognitoribus,

223 1490 302 1521 quos
318 1490 372 1521 pro
387 1478 604 1510 defensoribus
627 1478 723 1520 capit,
740 1477 888 1519 disputat.

221 1529 275 1560 sed
293 1529 368 1570 quia
383 1531 460 1559 (Iuro
471 1539 520 1559 ore
533 1527 672 1563 additur,
690 1538 748 1568 ego
762 1527 814 1557 hic
833 1538 888 1569 po-

220 1579 284 1610 tius
305 1589 378 1609 cum
393 1578 527 1619 Micyllo
549 1577 589 1607 de
610 1577 731 1619 judice,
748 1577 797 1607 vel
820 1587 886 1607 rna-

221 1628 364 1669 gistratu‚
391 1627 444 1669 qui
473 1626 594 1668 proprie
619 1637 789 1668 cognoscere
811 1625 888 1657 dici-

220 1683 281 1713 tur,
311 1675 500 1718 capiendum
525 1686 649 1706 censeo.
678 1678 755 1706 duro
781 1680 887 1706 autem

221 1738 270 1757 ore
292 1726 343 1757 hic
367 1736 438 1762 non,
462 1731 496 1756 ut
521 1725 598 1755 alias
619 1736 674 1766 pro
699 1725 886 1766 impudenti,

221 1774 485 1817 quemadmodum
509 1775 641 1810 Marius,
658 1774 712 1805 sed
735 1785 806 1804 cum
824 1773 886 1804 Mi-

220 1825 303 1866 cyllo
311 1834 455 1866 caperem
464 1833 520 1864 pro
531 1823 623 1859 tristi,
636 1833 754 1854 severo.
769 1823 886 1853 Bumx.

263 1874 318 1905 25.
344 1873 431 1903 Inter
448 1872 661 1912 Ephemeridas
680 1873 784 1902 melius
800 1873 886 1902 tubu-

222 1925 322 1964 lasque
339 1925 495 1963 jacerent,
520 1921 559 1952 In
588 1923 694 1962 quibus
719 1923 888 1961 absumptus

210 1974 305 2014 fleret
320 1983 432 2003 avarus
451 1971 541 2011 opes-J
567 1971 745 2013 Propertius
768 1971 823 2001 lib.
837 1971 882 2001 iii.

221 2022 310 2063 Eleg.
325 2021 402 2052 xxii.
420 2022 474 2051 20.

264 2072 316 2102 Me
343 2073 494 2106 miserum,
524 2072 569 2101 his
603 2071 712 2110 aliquis
742 2072 885 2100 rationem

348 2122 451 2151 scribit
468 2131 590 2156 aturrus,

308 2171 349 2200 Et
359 2171 445 2211 ponit
459 2171 552 2200 duras
568 2171 648 2199 inter
660 2169 884 2208 Ephemeridas.

221 2220 357 2252 Consule
394 2219 437 2250 ibi
483 2218 676 2260 Scaligerum
716 2217 883 2259 juniorem.

220 2270 402 2301 CiorAxUs.
452 2268 623 2308 Ephemeris
637 2267 715 2298 liber
728 2267 766 2297 ab
782 2266 884 2297 Auso-

220 2319 271 2350 nio
286 2317 475 2353 inscribitur,
500 2317 532 2348 id
549 2322 596 2347 est
612 2318 702 2347 totius
716 2318 775 2346 diei
797 2327 884 2357 nego-

220 2371 308 2399 tium.
354 2366 580 2409 Ephemeridas
592 2366 780 2396 Kalendarz‘a
794 2370 884 2395 vocat

217 2418 339 2448 Seneca
354 2416 386 2447 in
399 2416 459 2447 fine
475 2417 577 2458 Epist.
592 2415 658 2445 xiv.
705 2415 826 2445 Hfflxs.

261 2467 316 2496 27.
343 2466 425 2507 Ergo
440 2477 491 2507 ega
516 2476 563 2495 ros
575 2466 663 2495 rebus
684 2465 816 2504 duplices
829 2476 884 2503 pro

218 2518 335 2546 nomine
361 2515 467 2555 sensi.]
499 2515 735 2545 Commentator
756 2514 796 2544 ad
827 2524 883 2544 nu-

218 2575 337 2596 merum
351 2564 507 2595 binarium
530 2564 645 2594 refert:
671 2563 754 2604 quod
779 2562 804 2593 is
827 2563 884 2593 mi-

219 2625 276 2645 nus
291 2614 470 2657 auspicatus
485 2614 536 2649 sit,
552 2623 646 2654 quam
658 2612 820 2648 ternarius,
832 2619 885 2643 aut

219 2663 299 2694 alius
315 2663 429 2704 aliquis
452 2662 564 2705 impar.
609 2661 670 2692 Sed
692 2672 763 2692 cum
784 2661 886 2703 inquit

220 2712 328 2748 Poeta,
349 2712 455 2748 Rebus,
472 2710 654 2747 videndum,
671 2721 744 2742 num
761 2711 798 2741 ad
815 2721 884 2741 eam

217 2760 476 2802 significationem
498 2760 631 2793 nominis
657 2760 799 2799 Duplices
820 2770 883 2790 res-

958 1332 1066 1372 piciat,
1083 1342 1147 1373 qua
1169 1332 1323 1374 duplices,
1340 1332 1469 1364 fallaces
1493 1340 1525 1365 et
1539 1335 1626 1366 dolo—

958 1392 1007 1412 sos
1023 1381 1166 1412 dicimus.
1193 1393 1228 1412 ac
1252 1382 1278 1413 si
1293 1382 1388 1418 dicat,
1404 1393 1435 1413 re
1460 1383 1527 1425 ipsa
1542 1395 1624 1415 nunc

959 1430 1064 1461 videre
1090 1441 1134 1466 se,
1158 1430 1229 1461 illos
1252 1430 1346 1462 fuisse
1371 1431 1524 1473 duplices,
1541 1433 1625 1474 quod

955 1486 1003 1511 cst
1017 1480 1156 1516 fallaces,
1170 1487 1201 1510 et
1213 1480 1266 1522 qui
1282 1480 1368 1511 aliud
1382 1480 1480 1522 primo
1497 1487 1625 1523 aspectu

956 1539 1019 1570 prae
1036 1539 1068 1559 se
1089 1529 1226 1565 tulerint,
1243 1540 1337 1570 quam
1362 1534 1471 1572 postea
1496 1535 1624 1572 praesta-

956 1578 1030 1608 rint.
1068 1579 1259 1609 MrcrLLus.
1309 1579 1454 1618 Duplices
1469 1589 1487 1609 a
1503 1578 1626 1609 duobus

957 1628 1037 1659 foliis
1052 1627 1095 1658 sic
1112 1627 1200 1664 dicti,
1218 1634 1254 1658 ut
1269 1629 1401 1667 triplices
1416 1638 1434 1658 a
1450 1629 1557 1663 tribus,
1570 1627 1624 1669 qui

956 1677 1051 1708 etiam
1064 1677 1155 1707 rebus
1167 1677 1325 1708 amatoriis
1339 1682 1369 1707 et
1381 1676 1549 1708 levioribus
1560 1687 1624 1707 ser-

956 1726 1096 1757 viebant.
1121 1732 1252 1757 testatur
1266 1726 1424 1756 Martialis
1438 1726 1494 1756 lib.
1510 1727 1573 1756 xiv.

1002 1775 1086 1806 Tunc
1102 1776 1236 1815 triplices
1250 1777 1356 1805 nostris
1378 1787 1437 1805 non
1454 1776 1527 1805 vilia
1544 1777 1622 1806 dona

1080 1826 1202 1864 putabis

1043 1873 1118 1903 Cum
1146 1884 1175 1903 se
1202 1879 1359 1903 venturam
1387 1874 1494 1903 scribet
1523 1875 1619 1904 amica

1084 1923 1149 1953 tibi.
1443 1922 1576 1953 Dor-m.

956 1970 1109 2011 Dypticha
1126 1970 1247 2002 Graecis
1270 1970 1357 2001 dicta
1376 1970 1536 2012 intelligit,
1552 1971 1622 2003 ἀπὸ

953 2018 1001 2056 fig
1028 2021 1083 2050 καὶ
1110 2019 1282 2055 πτύσσειν,
1315 2021 1356 2049 bis
1387 2021 1514 2059 plicare.
1550 2020 1624 2051 vide

954 2069 1190 2109 Etymologicon
1215 2078 1365 2109 magnum
1394 2067 1426 2098 in
1452 2068 1621 2109 Δι’πτυχα.

954 2117 1050 2147 Erant
1074 2123 1178 2148 autem
1201 2117 1301 2147 libelli
1316 2116 1413 2146 duum
1434 2117 1621 2149 tabellarum

953 2177 1008 2197 seu
1023 2167 1221 2208 paginarum.
1268 2166 1388 2196 mes.

999 2267 1028 2295 1.
1053 2265 1123 2296 Jam
1148 2277 1237 2305 super
1254 2265 1406 2295 Oceanum
1431 2266 1511 2295 venit
1533 2277 1551 2294 α
1574 2276 1618 2295 se-

952 2317 1035 2346 niore
1063 2315 1200 2356 marita]
1228 2314 1359 2345 Numeri
1387 2314 1419 2344 in
1444 2314 1502 2344 hoc
1529 2325 1619 2345 versu

952 2375 1061 2406 parum
1074 2371 1145 2396 sunt
1159 2364 1344 2396 Nasoniani.
1368 2369 1473 2394 metuo
1490 2375 1527 2394 ne
1541 2364 1620 2394 scio-

951 2414 999 2445 lus
1035 2414 1243 2456 interpolarit.
1291 2424 1388 2454 quare
1421 2412 1619 2444 scribendum

951 2475 1079 2494 censeo:

994 2513 1064 2543 Jam
1091 2523 1180 2552 super
1210 2513 1362 2543 Oceanum
1394 2513 1475 2542 venit
1504 2513 1621 2541 seniore

1038 2563 1152 2592 relicto.
1452 2560 1573 2591 mes.

953 2612 1160 2642 Communem
1184 2609 1259 2640 viris
1281 2610 1314 2640 in
1338 2615 1402 2639 arte
1428 2608 1619 2650 philologica

953 2661 1001 2691 vel
1018 2658 1228 2691 celeberrimis
1253 2669 1385 2689 errorem
1409 2668 1469 2687 non
1494 2668 1618 2698 possum

953 2709 1029 2751 quin
1044 2709 1095 2739 hic
1111 2708 1220 2750 paucis
1240 2707 1392 2742 refellam,
1410 2706 1463 2747 qui
1479 2711 1561 2736 totus
1586 2705 1617 2736 in

954 2759 1011 2789 hoc
1027 2764 1167 2788 versatur
1178 2756 1308 2791 scilicet,
1325 2754 1408 2795 quod
1426 2754 1553 2785 verbum
1568 2765 1617 2785 se—
