1849 3198
661 207 1005 251 HEROIDES.
1040 209 1133 250 ΕΡ.
1167 208 1331 252 XVII.

1601 210 1684 251 231

300 325 471 388 thue
496 325 560 372 sit
585 325 678 372 hoc
703 341 902 381 verum3
944 331 1081 372 certe
1107 342 1221 390 pars
1247 326 1404 373 altera
1427 326 1545 374 ficta
1569 333 1661 382 est,

363 402 393 448 J
399 403 544 449 udicii
571 402 785 466 pretium
811 402 913 464 qua
940 402 1058 448 data
1082 402 1220 450 dicor
1244 419 1353 466 ego.

298 479 412 526 Non
438 487 514 527 est
538 486 678 526 tanta
700 479 820 525 mihi
845 478 1030 526 fiducia
1053 481 1289 544 corporis,
1318 488 1373 528 ut
1396 497 1475 528 me

364 557 605 614 Maxima,
631 563 760 604 teste
787 557 918 614 Dea,
945 558 1076 604 dona
1100 557 1253 605 fuisse
1279 564 1468 621 putem.

296 634 549 682 Contenta
573 640 649 681 est
673 634 829 680 oculis
854 634 1109 681 hominum
1134 650 1246 681 mea
1278 634 1434 682 forma
1458 635 1684 699 probari:

364 711 636 759 Laudatrix
661 711 833 759 Venus
860 719 937 759 est
961 712 1202 759 invidiosa
1225 712 1361 759 mihi.

1594 716 1685 759 126

296 789 398 836 Sed
424 788 545 836 nihil
569 788 761 836 infirmo
783 806 792 836 :
832 788 972 837 faveo
993 805 1194 853 quoque
1220 789 1451 836 laudibus
1478 789 1584 836 istis
1607 807 1617 837 :

363 866 494 913 Nam
519 882 632 914 mea
655 883 752 914 vox
778 883 948 930 quare,
977 868 1111 931 quod
1137 867 1292 931 cupit,
1319 883 1429 914 esse
1454 868 1638 929 neget?

296 943 403 991 Nec
429 951 483 991 tu
509 960 766 1000 succense,
794 945 1000 992 nimium
1026 945 1146 992 mihi
1172 945 1391 993 creditus
1418 961 1564 1008 aegre.

361 1021 526 1068 Tarda
551 1022 678 1069 solet
702 1022 894 1084 magnis
921 1023 1070 1069 rebus
1097 1023 1261 1070 inesse
1285 1023 1427 1070 fides.

1595 1026 1686 1070 130

294 1098 463 1146 Prima
486 1116 597 1146 mea
620 1106 697 1146 est
721 1100 870 1162 igitur
895 1100 1077 1148 Veneri
1102 1101 1352 1164 placuisse
1378 1100 1631 1164 voluptas:

360 1176 613 1233 Proxima,
640 1194 720 1224 me
744 1178 901 1225 visam
927 1179 1132 1242 praemia
1157 1195 1351 1225 summa
1374 1178 1463 1224 tibi
1484 1195 1493 1225 :

295 1253 340 1300 N
347 1270 403 1301 ec
429 1260 478 1301 te
503 1253 773 1312 Palladios,
801 1271 892 1302 nec
918 1262 968 1302 te
994 1254 1024 1302 J
1030 1256 1205 1303 unonis
1231 1256 1440 1303 honores

360 1331 558 1379 Auditis
586 1331 794 1380 Helenae
819 1334 1152 1397 praeposuisse
1179 1334 1339 1381 bonis.

295 1408 428 1472 Ergo
448 1426 539 1472 ego
561 1427 671 1457 sum
689 1411 878 1458 virtus?
906 1428 998 1475 ego
1022 1428 1132 1459 sum
1150 1411 1242 1459 tibi
1267 1410 1432 1458 nobile
1452 1410 1686 1473 regnum?

362 1486 543 1534 Ferrea
568 1487 677 1543 sim,
706 1488 746 1534 si
773 1504 871 1535 non
896 1489 990 1536 hoc
1015 1505 1108 1552 ego
1134 1495 1312 1553 pectus
1339 1504 1517 1535 amem.

289 1683 373 1720 cani,
394 1695 529 1724 corpora.
555 1685 650 1716 Cxor.
697 1686 827 1726 Corpora
850 1688 956 1729 scripti

290 1732 445 1775 plerique,
466 1739 497 1764 et
512 1734 618 1775 primae
634 1733 797 1767 editiones.
843 1737 957 1768 Noster

291 1783 372 1814 Met.
389 1795 441 1814 xv.
456 1784 530 1815 662.

333 1850 344 1855 —
523 1833 694 1875 Tantusque
710 1836 837 1871 videbor,

334 1881 374 1912 In
403 1888 549 1922 quamam
578 1885 654 1913 verti
678 1884 806 1914 coelestia
835 1896 957 1924 corpora

377 1932 493 1962 debent.
796 1933 915 1964 HmNs.

339 1981 410 2011 121.
441 1980 538 2020 thue
560 1982 598 2011 sit
619 1980 670 2011 hac
697 1982 824 2022 verum]
852 1982 913 2012 Sic.
933 1983 955 2014 i.

292 2030 386 2060 Pont.
416 2029 470 2060 vii.
499 2031 550 2060 19.
602 2030 699 2070 thue
723 2032 760 2060 sit
790 2032 820 2061 id
844 2042 957 2063 reram.

291 2079 344 2109 ubi
360 2080 442 2110 male
453 2084 553 2109 mutat
562 2078 723 2110 Heinsius.
735 2081 844 2111 Senec.
858 2081 956 2123 Epist.

291 2129 357 2159 lxx.
388 2129 428 2159 Ut
442 2131 481 2159 sit
497 2129 548 2159 hoc
565 2140 678 2165 verum,
697 2142 754 2160 non
769 2132 848 2160 omni
861 2133 957 2170 pretio

292 2180 353 2208 vita
367 2180 488 2209 emenda
504 2184 558 2208 est.
584 2179 700 2209 Bunm.

337 2228 408 2258 127.
435 2227 491 2257 Sed
517 2228 594 2257 nihil
617 2228 767 2269 infirma]
796 2228 833 2259 ln
859 2229 956 2260 altero

290 2278 458 2308 eorundem
474 2276 631 2313 librorum,
649 2278 806 2318 infirmor;
831 2278 863 2308 in
876 2289 956 2309 mar-

290 2327 362 2366 gine
392 2337 474 2362 vero,
501 2332 532 2357 et
558 2326 589 2356 in
614 2326 711 2357 altero
738 2332 795 2363 est,
827 2328 957 2368 irficior.

291 2376 463 2417 perplacet.
490 2376 669 2407 Ciomxrs.
709 2377 823 2407 Glossa
837 2377 953 2408 Putea-

292 2425 340 2455 nei
364 2425 446 2459 libri,
466 2427 496 2456 id
519 2432 571 2461 cst,
589 2427 736 2466 vitupero.
762 2426 832 2457 libri
856 2426 956 2464 multi,

290 2475 437 2515 infirmor.
462 2475 615 2516 quomodo
630 2480 662 2506 et
672 2476 692 2506 J
696 2476 774 2507 ureti
788 2477 954 2518 Excerpta.

292 2522 418 2554 Irzsinun
443 2523 618 2555 Palatinus.
645 2535 696 2560 an,
722 2527 859 2556 insimulo
881 2525 955 2556 scri-

291 2573 451 2604 bendum?
475 2579 508 2604 ut
524 2573 625 2615 Epist.
641 2573 683 2604 vi.

337 2622 618 2664 Criminibussalsis
632 2625 806 2654 insimulare
824 2626 932 2654 viram.

293 2671 332 2701 Et
347 2671 456 2704 Amor.
474 2672 530 2703 lib.
549 2672 582 2703 ii.
598 2673 646 2703 El.
664 2673 718 2703 vii.

340 2721 429 2752 Nunc.
446 2729 551 2753 lemare
565 2723 734 2753 insimulas.

1595 1490 1686 1535 136

1025 1688 1098 1719 Duo
1123 1687 1189 1724 alii,
1208 1687 1337 1730 offendo.
1361 1686 1437 1717 forte
1461 1697 1517 1728 pro
1540 1685 1688 1728 offendor.

1026 1739 1116 1769 Unus
1140 1737 1344 1769 Lovaniensis
1368 1743 1399 1767 et
1423 1737 1595 1768 Vaticanus
1618 1746 1689 1767 cum

1024 1786 1201 1823 Hafniensi,
1234 1787 1361 1827 inficior.
1398 1785 1492 1816 etiam
1523 1786 1688 1817 concinne.

1025 1831 1198 1862 Hismsrus.
1243 1830 1299 1860 Sed
1337 1842 1396 1860 non
1432 1831 1544 1859 ¹irascor
1572 1830 1690 1860 Douzae

1025 1880 1137 1911 codex.
1183 1879 1245 1910 Sed
1260 1879 1338 1909 nihil
1360 1878 1517 1909 immutari
1538 1877 1690 1920 praestite-

1025 1929 1075 1960 rit.
1121 1929 1225 1960 Cicer.
1246 1928 1357 1959 Divin.
1380 1939 1453 1970 cap.
1478 1927 1523 1958 ix.
1571 1928 1635 1959 Nec
1657 1939 1691 1959 ea

1025 1980 1103 2014 dico,
1131 1990 1193 2019 qua·
1217 1980 1241 2009 si
1270 1980 1378 2013 dicam,
1409 1984 1505 2008 tamen
1538 1979 1692 2018 i2fi1·nz‹1re

1025 2040 1083 2059 non
1096 2031 1197 2068 possis.
1246 2028 1331 2059 vell.
1352 2028 1476 2058 Patere.
1494 2027 1550 2057 lib.
1567 2027 1599 2057 ii.
1618 2038 1689 2070 cap.

1025 2076 1056 2108 ii.
1106 2078 1239 2108 Tiberius
1257 2078 1414 2108 Gracchus
1432 2078 1570 2119 graviter
1582 2079 1691 2118 ferens

1023 2128 1140 2168 aliquid
1157 2140 1174 2157 a
1189 2139 1217 2157 se
1230 2127 1356 2169 jactum
1372 2127 1544 2167 ilfir‘marij
1569 2126 1627 2157 hoc
1643 2132 1690 2158 est

1024 2176 1169 2213 convelli,
1185 2175 1322 2217 infringi.
1346 2176 1464 2206 BURM.

1070 2226 1143 2256 136.
1160 2226 1270 2257 Ferrea
1282 2225 1366 2265 sirm]
1387 2224 1569 2259 Sum‚1nulti
1583 2225 1690 2267 scripti

1025 2282 1056 2307 et
1082 2276 1171 2307 editi.
1195 2276 1250 2306 sed
1274 2275 1369 2306 male.
1394 2286 1432 2304 ex
1458 2273 1608 2305 Cicerone
1633 2286 1688 2305 ex-

1024 2336 1164 2368 pressum
1177 2325 1311 2361 videtur,
1325 2323 1378 2366 qui
1392 2323 1446 2354 lib.
1460 2335 1510 2354 xv.
1526 2323 1565 2354 ad
1579 2324 1689 2354 Famil.

1023 2375 1125 2417 Epist.
1149 2375 1208 2406 ult.
1253 2374 1383 2405 Ferreus
1410 2384 1506 2407 essem,
1531 2374 1555 2402 .ςὶ
1581 2379 1608 2404 te
1631 2385 1690 2403 non

1023 2436 1164 2455 amarem.
1208 2422 1326 2454 Tibull.
1345 2424 1366 2453 i.
1388 2423 1414 2453 1.
1430 2422 1481 2452 67.

1069 2475 1197 2505 Ferreus
1222 2475 1275 2504 ille
1290 2474 1372 2515 fiiis,
1390 2473 1441 2513 qui
1463 2478 1490 2501 te.
1513 2483 1581 2502 cum
1602 2473 1689 2511 possit

1153 2524 1270 2558 habere,

1113 2572 1257 2602 Maluerit
1284 2572 1397 2610 pradia·
1421 2571 1531 2599 >tullus
1554 2576 1580 2600 eL
1604 2580 1686 2598 arma

1151 2624 1241 2661 sequi.

1026 2671 1098 2701 :lum
1115 2670 1202 2699 hala-1
1224 2668 1402 2700 barura-in
1435 2669 1546 2698 Usum.

1087 2774 1148 2808 ιρι
