1849 3198
580 187 875 230 AMORUM.

939 187 1057 227 LIB.
1092 186 1156 227 ΙΙ.
1187 187 1258 229 14.

1544 189 1628 230 379

241 305 294 351 Si
320 305 426 351 sine
450 304 615 352 Marte
639 303 741 350 suis
767 302 1020 366 patiuntur
1043 302 1247 349 vulnera
1270 302 1395 358 telis,

305 380 372 428 Et
391 397 550 428 caecas
576 387 768 427 armant
791 379 842 425 in
866 394 957 425 sua
979 377 1081 425 fata
1097 395 1290 425 manus.

240 456 363 510 Quae
388 458 548 521 prima
570 456 782 503 instituit
805 462 1003 502 teneros
1028 455 1305 501 convellere
1328 454 1491 510 foetuS,
1596 459 1625 503 5

305 533 486 580 Militia
510 534 670 581 fuerat
693 532 844 594 digna
867 530 1027 594 perire
1053 531 1161 577 sua.

242 609 459 666 Scilicet,
487 618 543 658 ut
565 617 732 657 careat
755 624 987 671 rugarum
1012 607 1217 654 crimine
1241 614 1428 662 venter,

307 687 565 735 Sternatur
590 703 769 751 pugnae
793 686 947 733 tristis
974 700 1127 732 arena
1149 691 1265 731 tuae.

243 763 297 810 Si
317 780 424 812 mos
449 765 666 828 antiquis
691 764 964 828 placuisset
986 761 1227 809 matribus
1253 761 1408 817 idem;

308 841 446 889 Gens
471 842 725 889 hominum
749 841 867 887 vitio
891 840 1177 903 deperitura
1199 837 1314 885 fuit:

1571 841 1628 885 l()

241 916 440 981 Quique
464 920 642 966 iterum
668 917 861 980 generis
881 918 1073 979 jaceret
1096 914 1364 979 primordia
1388 915 1540 961 nostri

309 994 369 1041 In
392 1011 546 1042 vacuo
571 995 762 1058 lapides
788 995 923 1048 orbe,
949 993 1198 1057 parandus
1225 999 1345 1039 erat.

243 1069 366 1124 Quis
392 1071 577 1119 Priami
602 1072 832 1134 fregisset
855 1087 992 1134 opes,
1020 1070 1061 1116 si
1086 1085 1269 1118 numen
1295 1084 1535 1132 aquarum

307 1148 338 1194 J
343 1156 455 1196 usta
478 1156 760 1197 recusasset
783 1149 1004 1212 pondera
1028 1148 1153 1195 ferre
1179 1147 1381 1194 Thetis?

244 1224 337 1272 Ilia
360 1226 401 1272 si
425 1227 614 1273 tumido
640 1226 863 1288 geminos
889 1225 938 1271 in
962 1232 1131 1272 ventre
1156 1231 1401 1278 necasset,
1575 1227 1630 1270 15

311 1302 532 1350 Casurus
557 1303 769 1350 dominae
796 1302 1021 1348 conditor
1048 1301 1199 1347 Urbis
1226 1308 1346 1348 erat.

245 1378 299 1424 Si
324 1378 494 1426 Venus
521 1380 711 1426 AEnean
735 1378 937 1441 gravida
964 1384 1257 1425 temerasset
1281 1377 1330 1423 in
1356 1377 1486 1431 alvo;

313 1455 596 1503 Caesaribus
621 1457 767 1503 tellus
793 1457 914 1503 orba
936 1455 1102 1502 futura
1125 1455 1232 1501 fuit.

243 1530 318 1578 Tu
345 1548 562 1596 quoque,
588 1550 702 1581 cum
728 1549 901 1597 posses
927 1533 1081 1588 nasci,
1108 1532 1337 1587 formosa,
1365 1532 1604 1594 perisses;

310 1609 590 1666 Tentasset,
618 1611 753 1674 quod
778 1617 847 1665 tu,
875 1610 915 1656 si
940 1617 1027 1656 tua
1050 1616 1206 1655 mater
1231 1625 1374 1671 opus.

1568 1611 1632 1653 20

245 1686 363 1750 Ipse
387 1703 497 1750 ego,
524 1704 638 1734 cum
663 1686 837 1734 fuerim
863 1686 1038 1733 melius
1065 1686 1310 1749 periturus
1337 1685 1564 1740 amando,

311 1762 562 1812 Vidissem
587 1764 764 1819 nullos,
791 1770 947 1810 matre
972 1770 1199 1818 necante,
1226 1762 1349 1809 dies,

248 1966 269 1979 ‘'
289 1961 391 1993 Nocte
419 1969 557 1997 cetratos,
583 1962 665 2004 quod
690 1965 832 2002 peltastas
856 1973 908 1991 vo-

246 2017 331 2047 cant,
345 2011 413 2041 loco
427 2017 599 2053 opportuno
615 2012 694 2042 inter
711 2011 786 2042 bina
808 2017 910 2042 castra

249 2059 281 2090 in
295 2059 416 2090 insidiis
431 2059 628 2091 abdiderat.”
661 2060 780 2090 Ama.

291 2110 323 2140 5.
342 2109 414 2143 Quae
435 2110 533 2149 prima
550 2110 684 2139 instituit
707 2116 820 2139 teneros
842 2120 909 2138 con-

250 2159 357 2189 vellere
383 2158 508 2199 smus]
555 2159 690 2189 Avellere
726 2158 799 2189 olim
836 2157 911 2189 editi

249 2207 367 2248 plures«
395 2207 457 2238 duo
486 2207 602 2249 scripti,
638 2209 791 2239 divellere.
827 2206 910 2248 quod

249 2257 348 2297 magis
362 2257 478 2299 placet,
493 2256 662 2287 visceribus
686 2258 768 2288 enim
790 2256 910 2287 excuti-

251 2309 300 2335 tur
315 2305 410 2336 foetus
424 2310 455 2336 et
467 2304 636 2336 divellitur.
648 2306 693 2336 ita
705 2306 766 2336 xiv.
779 2306 911 2336 Metam.

254 2355 325 2385 115.
356 2354 415 2384 Suo
440 2355 582 2385 divellere
608 2361 726 2389 trunco,
750 2361 784 2385 ut
808 2360 855 2385 est
880 2354 911 2384 in

253 2403 348 2433 MSS.
377 2403 496 2434 Evam.

294 2452 326 2483 9.
350 2452 382 2482 Si
400 2453 484 2493 mns.]
520 2452 667 2494 Ejusdem
691 2452 819 2493 argutiae
843 2463 912 2483 sen-

253 2501 348 2531 tentia
365 2506 412 2531 est
426 2501 457 2532 in
473 2502 584 2532 Senec.
604 2502 752 2533 Controv.
768 2501 809 2532 vi.
834 2501 913 2542 Ergo

253 2552 276 2580 si
302 2551 363 2580 illis
388 2552 564 2591 temporibus
589 2553 640 2581 iste
663 2551 798 2592 carnifex
822 2562 912 2591 appu-

256 2601 370 2635 ruisset,
400 2602 579 2631 conditorem
607 2612 693 2630 suum
732 2600 824 2630 Roma
858 2612 912 2629 mm

255 2649 385 2679 haberet.
425 2649 479 2680 sed
518 2649 607 2680 nimis
644 2649 733 2690 longe
773 2649 915 2690 petitum.

254 2697 386 2729 Doczfi.

1024 1961 1071 1990 10.
1097 1960 1176 1990 Gens
1199 1960 1346 1989 hominum
1370 1960 1440 1989 vilio
1464 1960 1638 1998 deperitura

965 2009 1084 2050 foreh]
1117 2007 1228 2038 Barth.
1241 2007 1324 2038 Adv.
1340 2019 1372 2037 x.
1390 2006 1486 2037 xxvii.
1504 2008 1640 2046 deperire

976 2063 1096 2089 rectum
1111 2063 1175 2094 est3
1199 2067 1271 2086 nam
1287 2062 1373 2086 notat
1388 2056 1511 2097 penitus
1526 2055 1638 2097 perire.

981 2107 1059 2137 Vitio
1077 2112 1181 2137 autem
1204 2105 1386 2147 simpliciter
1413 2105 1559 2146 positum,
1584 2116 1641 2147 pro

977 2167 1083 2198 prave,
1099 2155 1193 2197 culpa
1216 2160 1360 2190 matrum,
1377 2165 1447 2196 quae
1471 2165 1638 2196 praecesse-

978 2211 1059 2235 rant.
1084 2204 1128 2235 ita
1147 2206 1215 2234 vitio
1230 2206 1324 2234 creati
1340 2203 1492 2239 consules,
1507 2214 1562 2246 pro
1577 2214 1640 2234 non

978 2254 1048 2290 rite,
1063 2259 1170 2285 contra
1184 2252 1334 2295 auspicia.
1370 2253 1488 2283 Bmm.

1025 2304 1076 2333 14.
1101 2302 1191 2333 Justa
1205 2301 1364 2342 pondera]
1403 2301 1494 2333 Justa
1506 2303 1639 2342 pondera

979 2358 1061 2389 sunt,
1088 2363 1156 2393 quae
1184 2359 1307 2393 tempus
1336 2351 1424 2382 foetui
1450 2351 1639 2382 destinatum

979 2401 1120 2443 implent,
1136 2412 1205 2442 quae
1229 2411 1291 2431 non
1314 2400 1532 2442 intempestive
1546 2411 1639 2430 excu-

982 2450 1108 2486 tiuntur,
1123 2456 1290 2490 antequam
1306 2454 1413 2490 partus
1428 2448 1467 2479 sit
1481 2454 1621 2479 maturus
1635 2461 1644 2485 ;

981 2506 1011 2531 et
1026 2499 1071 2530 ita
1085 2499 1190 2530 omnia
1203 2501 1293 2538 justa
1316 2503 1475 2534 vocantur,
1491 2509 1559 2539 quae
1585 2509 1639 2528 nu—

981 2560 1079 2580 meros
1093 2559 1163 2579 suos
1179 2548 1330 2589 implent3
1356 2553 1389 2578 ut
1412 2547 1494 2577 Jnsti
1516 2549 1591 2577 anni
1614 2559 1643 2577 x.

983 2600 1063 2629 Met.
1079 2599 1131 2629 36.
1178 2598 1295 2627 Bcnm.

1030 2648 1077 2679 15.
1092 2646 1258 2687 Geminos]
1276 2645 1444 2677 Romulum
1456 2652 1486 2676 et
1496 2645 1642 2676 Remum.

985 2697 1077 2727 (ἶπον.
