<?xml version="1.0" encoding="UTF-8"?>
<!DOCTYPE html PUBLIC "-//W3C//DTD XHTML 1.0 Transitional//EN"
    "http://www.w3.org/TR/xhtml1/DTD/xhtml1-transitional.dtd">
<html xmlns="http://www.w3.org/1999/xhtml" xml:lang="en" lang="en">
 <head>
  <title>
</title>
<meta http-equiv="Content-Type" content="text/html;charset=utf-8" />
  <meta name='ocr-system' content='tesseract 3.04.00' />
  <meta name='ocr-capabilities' content='ocr_page ocr_carea ocr_par ocr_line ocrx_word'/>
</head>
<body>
  <div class='ocr_page' id='page_1' title='image "./povidiinasonisop01oviduoft_0169.png"; bbox 0 0 1849 3198; ppageno 0'>
   <div class='ocr_carea' id='block_1_1' title="bbox 592 240 1590 285">
    <p class='ocr_par' dir='ltr' id='par_1_1' title="bbox 592 240 1590 285">
     <span class='ocr_line' id='line_1_1' title="bbox 592 240 1590 285; baseline 0.002 -2"><span class='ocrx_word' id='word_1_1' title='bbox 592 240 934 283; x_wconf 89' lang='lat' dir='ltr'>HEROIDES.</span> <span class='ocrx_word' id='word_1_2' title='bbox 969 240 1060 281; x_wconf 89' lang='grc' dir='ltr'>ΕΡ.</span> <span class='ocrx_word' id='word_1_3' title='bbox 1093 240 1202 282; x_wconf 87' lang='lat' dir='ltr'>VII.</span> <span class='ocrx_word' id='word_1_4' title='bbox 1533 243 1590 285; x_wconf 84' lang='lat'>85</span> 
     </span>
    </p>
   </div>
   <div class='ocr_carea' id='block_1_2' title="bbox 201 355 1587 956">
    <p class='ocr_par' dir='ltr' id='par_1_2' title="bbox 206 355 1585 494">
     <span class='ocr_line' id='line_1_2' title="bbox 206 355 1585 422; baseline -0.001 -16"><span class='ocrx_word' id='word_1_5' title='bbox 206 358 276 406; x_wconf 91' lang='lat' dir='ltr'>Ut</span> <span class='ocrx_word' id='word_1_6' title='bbox 298 359 475 422; x_wconf 80' lang='lat' dir='ltr'>pelago</span> <span class='ocrx_word' id='word_1_7' title='bbox 501 357 738 404; x_wconf 82' lang='lat' dir='ltr'>suadente</span> <span class='ocrx_word' id='word_1_8' title='bbox 764 355 912 402; x_wconf 90' lang='lat' dir='ltr'>etiam</span> <span class='ocrx_word' id='word_1_9' title='bbox 938 355 1208 402; x_wconf 89' lang='lat' dir='ltr'>retinacula</span> <span class='ocrx_word' id='word_1_10' title='bbox 1233 356 1409 413; x_wconf 85' lang='lat' dir='ltr'>solvas,</span> <span class='ocrx_word' id='word_1_11' title='bbox 1523 361 1585 405; x_wconf 87' lang='grc'>55</span> 
     </span>
     <span class='ocr_line' id='line_1_3' title="bbox 270 431 1352 494; baseline -0.002 -12"><span class='ocrx_word' id='word_1_12' title='bbox 270 434 432 482; x_wconf 88' lang='lat' dir='ltr'>Multa</span> <span class='ocrx_word' id='word_1_13' title='bbox 454 442 620 481; x_wconf 90' lang='lat' dir='ltr'>tamen</span> <span class='ocrx_word' id='word_1_14' title='bbox 644 434 772 480; x_wconf 86' lang='lat' dir='ltr'>latus</span> <span class='ocrx_word' id='word_1_15' title='bbox 796 431 956 478; x_wconf 87' lang='lat' dir='ltr'>tristia</span> <span class='ocrx_word' id='word_1_16' title='bbox 979 438 1161 494; x_wconf 88' lang='lat' dir='ltr'>pontus</span> <span class='ocrx_word' id='word_1_17' title='bbox 1186 433 1352 480; x_wconf 90' lang='lat' dir='ltr'>habet.</span> 
     </span>
    </p>

    <p class='ocr_par' dir='ltr' id='par_1_3' title="bbox 202 507 1516 651">
     <span class='ocr_line' id='line_1_4' title="bbox 202 507 1516 572; baseline -0.001 -13"><span class='ocrx_word' id='word_1_18' title='bbox 202 511 248 559; x_wconf 94' lang='lat' dir='ltr'>N</span> <span class='ocrx_word' id='word_1_19' title='bbox 254 528 311 559; x_wconf 90' lang='lat' dir='ltr'>ec</span> <span class='ocrx_word' id='word_1_20' title='bbox 334 512 543 558; x_wconf 86' lang='lat' dir='ltr'>violasse</span> <span class='ocrx_word' id='word_1_21' title='bbox 567 510 716 556; x_wconf 88' lang='lat' dir='ltr'>fidem</span> <span class='ocrx_word' id='word_1_22' title='bbox 740 507 1047 555; x_wconf 82' lang='lat' dir='ltr'>tentantibus</span> <span class='ocrx_word' id='word_1_23' title='bbox 1073 524 1274 570; x_wconf 80' lang='lat' dir='ltr'>aequora</span> <span class='ocrx_word' id='word_1_24' title='bbox 1297 511 1516 572; x_wconf 86' lang='lat' dir='ltr'>prodest.</span> 
     </span>
     <span class='ocr_line' id='line_1_5' title="bbox 268 585 1162 651; baseline -0.004 -16"><span class='ocrx_word' id='word_1_25' title='bbox 268 588 497 635; x_wconf 80' lang='lat' dir='ltr'>Perfidiae</span> <span class='ocrx_word' id='word_1_26' title='bbox 522 603 694 651; x_wconf 88' lang='lat' dir='ltr'>poenas</span> <span class='ocrx_word' id='word_1_27' title='bbox 720 585 878 648; x_wconf 85' lang='lat' dir='ltr'>exigit</span> <span class='ocrx_word' id='word_1_28' title='bbox 901 585 982 632; x_wconf 93' lang='lat' dir='ltr'>ille</span> <span class='ocrx_word' id='word_1_29' title='bbox 1006 585 1162 631; x_wconf 91' lang='lat' dir='ltr'>locus.</span> 
     </span>
    </p>

    <p class='ocr_par' dir='ltr' id='par_1_4' title="bbox 201 662 1587 805">
     <span class='ocr_line' id='line_1_6' title="bbox 201 662 1540 728; baseline -0.001 -16"><span class='ocrx_word' id='word_1_30' title='bbox 201 665 462 728; x_wconf 80' lang='lat' dir='ltr'>Praecipue</span> <span class='ocrx_word' id='word_1_31' title='bbox 486 681 600 711; x_wconf 92' lang='lat' dir='ltr'>cum</span> <span class='ocrx_word' id='word_1_32' title='bbox 624 664 772 710; x_wconf 74' lang='lat' dir='ltr'>laesus</span> <span class='ocrx_word' id='word_1_33' title='bbox 798 662 978 709; x_wconf 92' lang='lat' dir='ltr'>Amor:</span> <span class='ocrx_word' id='word_1_34' title='bbox 1020 662 1138 724; x_wconf 92' lang='lat' dir='ltr'>quia</span> <span class='ocrx_word' id='word_1_35' title='bbox 1162 669 1318 710; x_wconf 87' lang='lat' dir='ltr'>mater</span> <span class='ocrx_word' id='word_1_36' title='bbox 1343 662 1540 710; x_wconf 89' lang='lat' dir='ltr'>Amoris</span> 
     </span>
     <span class='ocr_line' id='line_1_7' title="bbox 268 738 1587 805; baseline 0 -17"><span class='ocrx_word' id='word_1_37' title='bbox 268 741 419 788; x_wconf 89' lang='lat' dir='ltr'>Nuda</span> <span class='ocrx_word' id='word_1_38' title='bbox 443 740 757 805; x_wconf 83' lang='lat' dir='ltr'>Cytheriacis</span> <span class='ocrx_word' id='word_1_39' title='bbox 783 738 918 786; x_wconf 89' lang='lat' dir='ltr'>edita</span> <span class='ocrx_word' id='word_1_40' title='bbox 940 738 1092 785; x_wconf 88' lang='lat' dir='ltr'>fertur</span> <span class='ocrx_word' id='word_1_41' title='bbox 1117 739 1276 801; x_wconf 89' lang='lat' dir='ltr'>aquis.</span> <span class='ocrx_word' id='word_1_42' title='bbox 1524 744 1587 788; x_wconf 88' lang='grc'>60</span> 
     </span>
    </p>

    <p class='ocr_par' dir='ltr' id='par_1_5' title="bbox 201 815 1492 956">
     <span class='ocr_line' id='line_1_8' title="bbox 201 815 1459 881; baseline -0.002 -17"><span class='ocrx_word' id='word_1_43' title='bbox 201 817 404 865; x_wconf 87' lang='lat' dir='ltr'>Perdita</span> <span class='ocrx_word' id='word_1_44' title='bbox 427 834 489 865; x_wconf 88' lang='lat' dir='ltr'>ne</span> <span class='ocrx_word' id='word_1_45' title='bbox 513 818 718 881; x_wconf 86' lang='lat' dir='ltr'>perdam</span> <span class='ocrx_word' id='word_1_46' title='bbox 743 815 911 870; x_wconf 89' lang='lat' dir='ltr'>timeo,</span> <span class='ocrx_word' id='word_1_47' title='bbox 940 831 1207 862; x_wconf 83' lang='lat' dir='ltr'>noceamve</span> <span class='ocrx_word' id='word_1_48' title='bbox 1233 816 1459 873; x_wconf 81' lang='lat' dir='ltr'>nocenti3</span> 
     </span>
     <span class='ocr_line' id='line_1_9' title="bbox 267 890 1492 956; baseline 0 -16"><span class='ocrx_word' id='word_1_49' title='bbox 267 893 380 942; x_wconf 91' lang='lat' dir='ltr'>Neu</span> <span class='ocrx_word' id='word_1_50' title='bbox 405 895 544 941; x_wconf 86' lang='lat' dir='ltr'>bibat</span> <span class='ocrx_word' id='word_1_51' title='bbox 567 908 823 956; x_wconf 79' lang='lat' dir='ltr'>aequoreas</span> <span class='ocrx_word' id='word_1_52' title='bbox 848 890 1113 953; x_wconf 83' lang='lat' dir='ltr'>naufragus</span> <span class='ocrx_word' id='word_1_53' title='bbox 1139 892 1295 940; x_wconf 89' lang='lat' dir='ltr'>hostis</span> <span class='ocrx_word' id='word_1_54' title='bbox 1321 909 1492 956; x_wconf 77' lang='lat' dir='ltr'>aquaS.</span> 
     </span>
    </p>
   </div>
   <div class='ocr_carea' id='block_1_3' title="bbox 192 1065 857 2818">
    <p class='ocr_par' dir='ltr' id='par_1_6' title="bbox 196 1065 856 1146">
     <span class='ocr_line' id='line_1_10' title="bbox 196 1065 856 1108; baseline -0.003 -12"><span class='ocrx_word' id='word_1_55' title='bbox 196 1066 280 1097; x_wconf 86' lang='lat' dir='ltr'>libri.</span> <span class='ocrx_word' id='word_1_56' title='bbox 304 1067 395 1102; x_wconf 87' lang='lat' dir='ltr'>bene,</span> <span class='ocrx_word' id='word_1_57' title='bbox 416 1066 526 1097; x_wconf 89' lang='lat' dir='ltr'>ultima</span> <span class='ocrx_word' id='word_1_58' title='bbox 548 1065 711 1108; x_wconf 87' lang='lat' dir='ltr'>producta.</span> <span class='ocrx_word' id='word_1_59' title='bbox 737 1070 771 1096; x_wconf 90' lang='lat' dir='ltr'>ut</span> <span class='ocrx_word' id='word_1_60' title='bbox 785 1065 856 1094; x_wconf 86' lang='lat' dir='ltr'>Art.</span> 
     </span>
     <span class='ocr_line' id='line_1_11' title="bbox 199 1115 405 1146; baseline 0.005 -1"><span class='ocrx_word' id='word_1_61' title='bbox 199 1115 273 1146; x_wconf 85' lang='lat' dir='ltr'>Am.</span> <span class='ocrx_word' id='word_1_62' title='bbox 290 1115 312 1145; x_wconf 90' lang='lat' dir='ltr'>i.</span> <span class='ocrx_word' id='word_1_63' title='bbox 330 1117 405 1146; x_wconf 73' lang='lat'>22⁴2.</span> 
     </span>
    </p>

    <p class='ocr_par' dir='ltr' id='par_1_7' title="bbox 198 1162 848 1244">
     <span class='ocr_line' id='line_1_12' title="bbox 243 1162 848 1205; baseline -0.003 -11"><span class='ocrx_word' id='word_1_64' title='bbox 243 1165 283 1194; x_wconf 82' lang='lat' dir='ltr'>Et</span> <span class='ocrx_word' id='word_1_65' title='bbox 297 1176 359 1205; x_wconf 73' lang='lat' dir='ltr'>qzur</span> <span class='ocrx_word' id='word_1_66' title='bbox 375 1166 521 1201; x_wconf 68' lang='lat' dir='ltr'>nescieris,</span> <span class='ocrx_word' id='word_1_67' title='bbox 537 1171 572 1194; x_wconf 67' lang='lat' dir='ltr'>rut</span> <span class='ocrx_word' id='word_1_68' title='bbox 587 1165 656 1194; x_wconf 82' lang='lat' dir='ltr'>bene</span> <span class='ocrx_word' id='word_1_69' title='bbox 671 1170 741 1193; x_wconf 73' lang='lat' dir='ltr'>nota</span> <span class='ocrx_word' id='word_1_70' title='bbox 755 1162 848 1205; x_wconf 62' lang='lat' dir='ltr'>refer.</span> 
     </span>
     <span class='ocr_line' id='line_1_13' title="bbox 198 1214 477 1244; baseline 0.004 -1"><span class='ocrx_word' id='word_1_71' title='bbox 198 1214 334 1244; x_wconf 87' lang='lat' dir='ltr'>Metam.</span> <span class='ocrx_word' id='word_1_72' title='bbox 352 1225 382 1243; x_wconf 79' lang='lat' dir='ltr'>x.</span> <span class='ocrx_word' id='word_1_73' title='bbox 402 1214 477 1244; x_wconf 89' lang='grc'>560.</span> 
     </span>
    </p>

    <p class='ocr_par' dir='ltr' id='par_1_8' title="bbox 242 1262 857 1301">
     <span class='ocr_line' id='line_1_14' title="bbox 242 1262 857 1301; baseline -0.002 -9"><span class='ocrx_word' id='word_1_74' title='bbox 242 1262 382 1293; x_wconf 79' lang='lat' dir='ltr'>Forsitan</span> <span class='ocrx_word' id='word_1_75' title='bbox 396 1264 527 1293; x_wconf 86' lang='lat' dir='ltr'>audieris</span> <span class='ocrx_word' id='word_1_76' title='bbox 549 1263 679 1301; x_wconf 77' lang='lat' dir='ltr'>aliquam</span> <span class='ocrx_word' id='word_1_77' title='bbox 698 1263 857 1292; x_wconf 82' lang='lat' dir='ltr'>certamine</span> 
     </span>
    </p>

    <p class='ocr_par' dir='ltr' id='par_1_9' title="bbox 284 1323 389 1342">
     <span class='ocr_line' id='line_1_15' title="bbox 284 1323 389 1342; baseline 0 -1"><span class='ocrx_word' id='word_1_78' title='bbox 284 1323 389 1342; x_wconf 71' lang='lat' dir='ltr'>cursus</span> 
     </span>
    </p>

    <p class='ocr_par' dir='ltr' id='par_1_10' title="bbox 192 1360 857 2818">
     <span class='ocr_line' id='line_1_16' title="bbox 246 1360 622 1399; baseline 0.003 -11"><span class='ocrx_word' id='word_1_79' title='bbox 246 1360 358 1391; x_wconf 60' lang='lat' dir='ltr'>reluces</span> <span class='ocrx_word' id='word_1_80' title='bbox 372 1371 520 1399; x_wconf 75' lang='lat' dir='ltr'>superasse</span> <span class='ocrx_word' id='word_1_81' title='bbox 536 1361 622 1390; x_wconf 73' lang='lat' dir='ltr'>viros.</span> 
     </span>
     <span class='ocr_line' id='line_1_17' title="bbox 196 1408 857 1449; baseline 0 -10"><span class='ocrx_word' id='word_1_82' title='bbox 196 1408 339 1440; x_wconf 86' lang='lat' dir='ltr'>similiter</span> <span class='ocrx_word' id='word_1_83' title='bbox 361 1409 393 1439; x_wconf 89' lang='lat' dir='ltr'>in</span> <span class='ocrx_word' id='word_1_84' title='bbox 416 1410 542 1445; x_wconf 80' lang='lat' dir='ltr'>dederis,</span> <span class='ocrx_word' id='word_1_85' title='bbox 558 1410 673 1443; x_wconf 85' lang='lat' dir='ltr'>tuleris,</span> <span class='ocrx_word' id='word_1_86' title='bbox 690 1408 764 1438; x_wconf 86' lang='lat' dir='ltr'>alibi</span> <span class='ocrx_word' id='word_1_87' title='bbox 788 1419 857 1449; x_wconf 87' lang='lat' dir='ltr'>pro-</span> 
     </span>
     <span class='ocr_line' id='line_1_18' title="bbox 198 1456 857 1497; baseline 0.002 -10"><span class='ocrx_word' id='word_1_88' title='bbox 198 1457 288 1488; x_wconf 88' lang='lat' dir='ltr'>duxit</span> <span class='ocrx_word' id='word_1_89' title='bbox 310 1458 465 1488; x_wconf 76' lang='lat' dir='ltr'>ultimam.</span> <span class='ocrx_word' id='word_1_90' title='bbox 489 1457 567 1488; x_wconf 87' lang='lat' dir='ltr'>ratio</span> <span class='ocrx_word' id='word_1_91' title='bbox 582 1463 639 1492; x_wconf 88' lang='lat' dir='ltr'>est,</span> <span class='ocrx_word' id='word_1_92' title='bbox 656 1457 739 1497; x_wconf 86' lang='lat' dir='ltr'>quod</span> <span class='ocrx_word' id='word_1_93' title='bbox 762 1456 857 1488; x_wconf 84' lang='lat' dir='ltr'>inter-</span> 
     </span>
     <span class='ocr_line' id='line_1_19' title="bbox 197 1505 857 1547; baseline -0.002 -11"><span class='ocrx_word' id='word_1_94' title='bbox 197 1505 272 1536; x_wconf 85' lang='lat' dir='ltr'>dum</span> <span class='ocrx_word' id='word_1_95' title='bbox 294 1512 437 1547; x_wconf 82' lang='lat' dir='ltr'>quartam</span> <span class='ocrx_word' id='word_1_96' title='bbox 458 1506 610 1547; x_wconf 84' lang='lat' dir='ltr'>syllabam</span> <span class='ocrx_word' id='word_1_97' title='bbox 634 1505 857 1547; x_wconf 84' lang='lat' dir='ltr'>producebant,</span> 
     </span>
     <span class='ocr_line' id='line_1_20' title="bbox 197 1554 856 1592; baseline -0.003 -6"><span class='ocrx_word' id='word_1_98' title='bbox 197 1555 229 1586; x_wconf 89' lang='lat' dir='ltr'>in</span> <span class='ocrx_word' id='word_1_99' title='bbox 252 1558 424 1592; x_wconf 76' lang='lat' dir='ltr'>nescieritis,</span> <span class='ocrx_word' id='word_1_100' title='bbox 442 1561 473 1586; x_wconf 88' lang='lat' dir='ltr'>et</span> <span class='ocrx_word' id='word_1_101' title='bbox 496 1557 665 1590; x_wconf 80' lang='lat' dir='ltr'>audieritis,</span> <span class='ocrx_word' id='word_1_102' title='bbox 689 1554 856 1585; x_wconf 84' lang='lat' dir='ltr'>similibus-</span> 
     </span>
     <span class='ocr_line' id='line_1_21' title="bbox 196 1604 855 1647; baseline -0.003 -11"><span class='ocrx_word' id='word_1_103' title='bbox 196 1616 270 1646; x_wconf 87' lang='lat' dir='ltr'>que.</span> <span class='ocrx_word' id='word_1_104' title='bbox 296 1605 379 1647; x_wconf 86' lang='lat' dir='ltr'>quod</span> <span class='ocrx_word' id='word_1_105' title='bbox 403 1616 463 1636; x_wconf 89' lang='lat' dir='ltr'>non</span> <span class='ocrx_word' id='word_1_106' title='bbox 478 1604 557 1635; x_wconf 85' lang='lat' dir='ltr'>vidit</span> <span class='ocrx_word' id='word_1_107' title='bbox 572 1604 623 1635; x_wconf 92' lang='lat' dir='ltr'>Cl.</span> <span class='ocrx_word' id='word_1_108' title='bbox 640 1604 697 1634; x_wconf 84' lang='lat' dir='ltr'>Vir</span> <span class='ocrx_word' id='word_1_109' title='bbox 721 1604 855 1635; x_wconf 86' lang='lat' dir='ltr'>Gerard.</span> 
     </span>
     <span class='ocr_line' id='line_1_22' title="bbox 196 1653 856 1696; baseline -0.002 -11"><span class='ocrx_word' id='word_1_110' title='bbox 196 1654 336 1691; x_wconf 83' lang='lat' dir='ltr'>Vossius,</span> <span class='ocrx_word' id='word_1_111' title='bbox 371 1654 425 1696; x_wconf 89' lang='lat' dir='ltr'>qui</span> <span class='ocrx_word' id='word_1_112' title='bbox 462 1653 493 1684; x_wconf 93' lang='lat' dir='ltr'>in</span> <span class='ocrx_word' id='word_1_113' title='bbox 522 1664 615 1695; x_wconf 90' lang='lat' dir='ltr'>opere</span> <span class='ocrx_word' id='word_1_114' title='bbox 645 1654 856 1684; x_wconf 83' lang='lat' dir='ltr'>Grammatico</span> 
     </span>
     <span class='ocr_line' id='line_1_23' title="bbox 195 1702 855 1745; baseline -0.002 -11"><span class='ocrx_word' id='word_1_115' title='bbox 195 1703 354 1745; x_wconf 88' lang='lat' dir='ltr'>complura</span> <span class='ocrx_word' id='word_1_116' title='bbox 365 1703 509 1744; x_wconf 87' lang='lat' dir='ltr'>exempla</span> <span class='ocrx_word' id='word_1_117' title='bbox 524 1702 604 1733; x_wconf 90' lang='lat' dir='ltr'>hanc</span> <span class='ocrx_word' id='word_1_118' title='bbox 619 1703 651 1733; x_wconf 90' lang='lat' dir='ltr'>in</span> <span class='ocrx_word' id='word_1_119' title='bbox 665 1713 729 1732; x_wconf 86' lang='lat' dir='ltr'>rem</span> <span class='ocrx_word' id='word_1_120' title='bbox 742 1702 855 1733; x_wconf 87' lang='lat' dir='ltr'>adfert.</span> 
     </span>
     <span class='ocr_line' id='line_1_24' title="bbox 194 1750 854 1783; baseline -0.005 0"><span class='ocrx_word' id='word_1_121' title='bbox 194 1752 290 1783; x_wconf 91' lang='lat' dir='ltr'>Plura</span> <span class='ocrx_word' id='word_1_122' title='bbox 313 1752 381 1783; x_wconf 86' lang='lat' dir='ltr'>loca</span> <span class='ocrx_word' id='word_1_123' title='bbox 402 1751 540 1782; x_wconf 89' lang='lat' dir='ltr'>animum</span> <span class='ocrx_word' id='word_1_124' title='bbox 564 1750 739 1781; x_wconf 83' lang='lat' dir='ltr'>intendenti</span> <span class='ocrx_word' id='word_1_125' title='bbox 763 1750 854 1781; x_wconf 87' lang='lat' dir='ltr'>facile</span> 
     </span>
     <span class='ocr_line' id='line_1_25' title="bbox 195 1799 855 1842; baseline 0 -12"><span class='ocrx_word' id='word_1_126' title='bbox 195 1805 261 1832; x_wconf 92' lang='lat' dir='ltr'>tam</span> <span class='ocrx_word' id='word_1_127' title='bbox 276 1800 360 1842; x_wconf 87' lang='lat' dir='ltr'>apud</span> <span class='ocrx_word' id='word_1_128' title='bbox 376 1801 537 1836; x_wconf 87' lang='lat' dir='ltr'>Nostrum,</span> <span class='ocrx_word' id='word_1_129' title='bbox 555 1811 650 1841; x_wconf 88' lang='lat' dir='ltr'>quam</span> <span class='ocrx_word' id='word_1_130' title='bbox 666 1800 742 1830; x_wconf 88' lang='lat' dir='ltr'>alios</span> <span class='ocrx_word' id='word_1_131' title='bbox 763 1799 855 1841; x_wconf 86' lang='lat' dir='ltr'>primi</span> 
     </span>
     <span class='ocr_line' id='line_1_26' title="bbox 196 1848 854 1880; baseline -0.003 0"><span class='ocrx_word' id='word_1_132' title='bbox 196 1849 314 1880; x_wconf 87' lang='lat' dir='ltr'>ordinis</span> <span class='ocrx_word' id='word_1_133' title='bbox 342 1849 457 1879; x_wconf 76' lang='lat' dir='ltr'>Poe&#39;tas</span> <span class='ocrx_word' id='word_1_134' title='bbox 494 1848 544 1879; x_wconf 89' lang='lat' dir='ltr'>hic</span> <span class='ocrx_word' id='word_1_135' title='bbox 581 1848 646 1879; x_wconf 90' lang='lat' dir='ltr'>illic</span> <span class='ocrx_word' id='word_1_136' title='bbox 679 1853 854 1878; x_wconf 85' lang='lat' dir='ltr'>occurrent.</span> 
     </span>
     <span class='ocr_line' id='line_1_27' title="bbox 195 1897 855 1940; baseline -0.003 -11"><span class='ocrx_word' id='word_1_137' title='bbox 195 1898 314 1930; x_wconf 87' lang='lat' dir='ltr'>Statius</span> <span class='ocrx_word' id='word_1_138' title='bbox 349 1897 520 1940; x_wconf 67' lang='lat' dir='ltr'>praesertim</span> <span class='ocrx_word' id='word_1_139' title='bbox 557 1897 700 1938; x_wconf 86' lang='lat' dir='ltr'>frequens</span> <span class='ocrx_word' id='word_1_140' title='bbox 741 1903 787 1928; x_wconf 88' lang='lat' dir='ltr'>est</span> <span class='ocrx_word' id='word_1_141' title='bbox 824 1897 855 1928; x_wconf 90' lang='lat' dir='ltr'>in</span> 
     </span>
     <span class='ocr_line' id='line_1_28' title="bbox 196 1946 855 1981; baseline -0.005 -2"><span class='ocrx_word' id='word_1_142' title='bbox 196 1948 295 1979; x_wconf 86' lang='lat' dir='ltr'>hisce.</span> <span class='ocrx_word' id='word_1_143' title='bbox 340 1946 489 1977; x_wconf 83' lang='lat' dir='ltr'>Similiter</span> <span class='ocrx_word' id='word_1_144' title='bbox 509 1946 541 1976; x_wconf 91' lang='lat' dir='ltr'>in</span> <span class='ocrx_word' id='word_1_145' title='bbox 565 1948 724 1981; x_wconf 82' lang='lat' dir='ltr'>tentaritis,</span> <span class='ocrx_word' id='word_1_146' title='bbox 739 1948 855 1976; x_wconf 83' lang='lat' dir='ltr'>dederi-</span> 
     </span>
     <span class='ocr_line' id='line_1_29' title="bbox 198 1995 854 2037; baseline -0.005 -9"><span class='ocrx_word' id='word_1_147' title='bbox 198 1999 247 2033; x_wconf 87' lang='lat' dir='ltr'>tis,</span> <span class='ocrx_word' id='word_1_148' title='bbox 275 1997 481 2036; x_wconf 81' lang='lat' dir='ltr'>praestiteritis,</span> <span class='ocrx_word' id='word_1_149' title='bbox 510 1995 677 2037; x_wconf 65' lang='lat' dir='ltr'>algfueritis,</span> <span class='ocrx_word' id='word_1_150' title='bbox 707 1997 854 2032; x_wconf 84' lang='lat' dir='ltr'>steteritis,</span> 
     </span>
     <span class='ocr_line' id='line_1_30' title="bbox 195 2043 855 2081; baseline -0.003 -4"><span class='ocrx_word' id='word_1_151' title='bbox 195 2047 396 2081; x_wconf 71' lang='lat' dir='ltr'>reddideritis,</span> <span class='ocrx_word' id='word_1_152' title='bbox 425 2045 615 2080; x_wconf 79' lang='lat' dir='ltr'>abstuleritis,</span> <span class='ocrx_word' id='word_1_153' title='bbox 645 2043 768 2075; x_wconf 86' lang='lat' dir='ltr'>tertiam</span> <span class='ocrx_word' id='word_1_154' title='bbox 801 2049 855 2075; x_wconf 89' lang='lat' dir='ltr'>aut</span> 
     </span>
     <span class='ocr_line' id='line_1_31' title="bbox 196 2094 855 2137; baseline -0.002 -10"><span class='ocrx_word' id='word_1_155' title='bbox 196 2101 338 2137; x_wconf 85' lang='lat' dir='ltr'>quartam</span> <span class='ocrx_word' id='word_1_156' title='bbox 353 2095 506 2137; x_wconf 86' lang='lat' dir='ltr'>syllabam</span> <span class='ocrx_word' id='word_1_157' title='bbox 529 2094 684 2126; x_wconf 87' lang='lat' dir='ltr'>interdum</span> <span class='ocrx_word' id='word_1_158' title='bbox 704 2094 855 2136; x_wconf 90' lang='lat' dir='ltr'>produce-</span> 
     </span>
     <span class='ocr_line' id='line_1_32' title="bbox 195 2144 854 2177; baseline -0.005 0"><span class='ocrx_word' id='word_1_159' title='bbox 195 2147 284 2177; x_wconf 89' lang='lat' dir='ltr'>bant.</span> <span class='ocrx_word' id='word_1_160' title='bbox 313 2145 375 2176; x_wconf 88' lang='lat' dir='ltr'>imo</span> <span class='ocrx_word' id='word_1_161' title='bbox 403 2144 428 2176; x_wconf 87' lang='lat' dir='ltr'>si</span> <span class='ocrx_word' id='word_1_162' title='bbox 454 2144 581 2176; x_wconf 87' lang='lat' dir='ltr'>Valerio</span> <span class='ocrx_word' id='word_1_163' title='bbox 604 2145 705 2175; x_wconf 92' lang='lat' dir='ltr'>Probo</span> <span class='ocrx_word' id='word_1_164' title='bbox 725 2144 854 2174; x_wconf 88' lang='lat' dir='ltr'>creden-</span> 
     </span>
     <span class='ocr_line' id='line_1_33' title="bbox 195 2194 854 2236; baseline -0.003 -11"><span class='ocrx_word' id='word_1_165' title='bbox 195 2194 281 2231; x_wconf 87' lang='lat' dir='ltr'>dum,</span> <span class='ocrx_word' id='word_1_166' title='bbox 297 2199 408 2225; x_wconf 88' lang='lat' dir='ltr'>natura</span> <span class='ocrx_word' id='word_1_167' title='bbox 426 2195 551 2236; x_wconf 87' lang='lat' dir='ltr'>longam</span> <span class='ocrx_word' id='word_1_168' title='bbox 573 2194 679 2224; x_wconf 89' lang='lat' dir='ltr'>haberi</span> <span class='ocrx_word' id='word_1_169' title='bbox 702 2194 854 2235; x_wconf 86' lang='lat' dir='ltr'>syllabam</span> 
     </span>
     <span class='ocr_line' id='line_1_34' title="bbox 196 2242 854 2285; baseline -0.003 -11"><span class='ocrx_word' id='word_1_170' title='bbox 196 2244 275 2275; x_wconf 89' lang='lat' dir='ltr'>hanc</span> <span class='ocrx_word' id='word_1_171' title='bbox 304 2248 437 2285; x_wconf 84' lang='lat' dir='ltr'>oportet.</span> <span class='ocrx_word' id='word_1_172' title='bbox 475 2243 502 2273; x_wconf 89' lang='lat' dir='ltr'>is</span> <span class='ocrx_word' id='word_1_173' title='bbox 530 2242 604 2273; x_wconf 86' lang='lat' dir='ltr'>artis</span> <span class='ocrx_word' id='word_1_174' title='bbox 634 2242 854 2273; x_wconf 82' lang='lat' dir='ltr'>Grammaticae</span> 
     </span>
     <span class='ocr_line' id='line_1_35' title="bbox 194 2291 853 2333; baseline -0.002 -11"><span class='ocrx_word' id='word_1_175' title='bbox 194 2292 273 2323; x_wconf 88' lang='lat' dir='ltr'>libro</span> <span class='ocrx_word' id='word_1_176' title='bbox 300 2291 399 2333; x_wconf 88' lang='lat' dir='ltr'>primo</span> <span class='ocrx_word' id='word_1_177' title='bbox 428 2302 500 2333; x_wconf 87' lang='lat' dir='ltr'>pag.</span> <span class='ocrx_word' id='word_1_178' title='bbox 530 2292 625 2322; x_wconf 87' lang='lat'>1433.</span> <span class='ocrx_word' id='word_1_179' title='bbox 650 2291 736 2321; x_wconf 86' lang='lat' dir='ltr'>Edit.</span> <span class='ocrx_word' id='word_1_180' title='bbox 763 2291 853 2322; x_wconf 82' lang='lat' dir='ltr'>Puts.</span> 
     </span>
     <span class='ocr_line' id='line_1_36' title="bbox 196 2340 853 2381; baseline -0.002 -10"><span class='ocrx_word' id='word_1_181' title='bbox 196 2341 273 2371; x_wconf 79' lang='lat' dir='ltr'>Sunt</span> <span class='ocrx_word' id='word_1_182' title='bbox 301 2342 406 2380; x_wconf 63' lang='lat' dir='ltr'>aliqum</span> <span class='ocrx_word' id='word_1_183' title='bbox 430 2341 547 2380; x_wconf 73' lang='lat' dir='ltr'>syllaba&gt;</span> <span class='ocrx_word' id='word_1_184' title='bbox 575 2342 656 2380; x_wconf 81' lang='lat' dir='ltr'>apud</span> <span class='ocrx_word' id='word_1_185' title='bbox 681 2340 853 2381; x_wconf 78' lang='lat' dir='ltr'>Virgilium,</span> 
     </span>
     <span class='ocr_line' id='line_1_37' title="bbox 194 2390 853 2432; baseline -0.002 -11"><span class='ocrx_word' id='word_1_186' title='bbox 194 2402 257 2432; x_wconf 77' lang='lat' dir='ltr'>quae</span> <span class='ocrx_word' id='word_1_187' title='bbox 271 2391 439 2421; x_wconf 71' lang='lat' dir='ltr'>necessitate</span> <span class='ocrx_word' id='word_1_188' title='bbox 455 2392 577 2420; x_wconf 81' lang='lat' dir='ltr'>metrica</span> <span class='ocrx_word' id='word_1_189' title='bbox 598 2401 664 2420; x_wconf 82' lang='lat' dir='ltr'>cum</span> <span class='ocrx_word' id='word_1_190' title='bbox 685 2391 756 2420; x_wconf 86' lang='lat' dir='ltr'>vitio</span> <span class='ocrx_word' id='word_1_191' title='bbox 770 2390 853 2431; x_wconf 80' lang='grc' dir='ltr'><em>βαρ-</em></span> 
     </span>
     <span class='ocr_line' id='line_1_38' title="bbox 193 2439 853 2481; baseline -0.003 -10"><span class='ocrx_word' id='word_1_192' title='bbox 193 2440 369 2481; x_wconf 86' lang='grc' dir='ltr'>βαρισμοῦ,</span> <span class='ocrx_word' id='word_1_193' title='bbox 385 2440 435 2479; x_wconf 78' lang='lat' dir='ltr'>qui</span> <span class='ocrx_word' id='word_1_194' title='bbox 449 2440 530 2478; x_wconf 78' lang='lat' dir='ltr'>apud</span> <span class='ocrx_word' id='word_1_195' title='bbox 543 2439 649 2469; x_wconf 80' lang='lat' dir='ltr'>Po&#39;e’tas</span> <span class='ocrx_word' id='word_1_196' title='bbox 662 2440 853 2480; x_wconf 82' lang='grc' dir='ltr'>μεταπλασ-</span> 
     </span>
     <span class='ocr_line' id='line_1_39' title="bbox 194 2488 851 2531; baseline 0.002 -14"><span class='ocrx_word' id='word_1_197' title='bbox 194 2490 257 2531; x_wconf 75' lang='grc' dir='ltr'>μός</span> <span class='ocrx_word' id='word_1_198' title='bbox 277 2488 456 2527; x_wconf 85' lang='lat' dir='ltr'>appellatur,</span> <span class='ocrx_word' id='word_1_199' title='bbox 472 2493 575 2517; x_wconf 81' lang='lat' dir='ltr'>contra</span> <span class='ocrx_word' id='word_1_200' title='bbox 594 2489 737 2518; x_wconf 82' lang='lat' dir='ltr'>rationem</span> <span class='ocrx_word' id='word_1_201' title='bbox 756 2490 851 2518; x_wconf 83' lang='lat' dir='ltr'>corri-</span> 
     </span>
     <span class='ocr_line' id='line_1_40' title="bbox 192 2537 854 2578; baseline -0.005 -9"><span class='ocrx_word' id='word_1_202' title='bbox 192 2541 332 2578; x_wconf 81' lang='lat' dir='ltr'>piuntur,</span> <span class='ocrx_word' id='word_1_203' title='bbox 355 2542 426 2566; x_wconf 76' lang='lat' dir='ltr'>sunt</span> <span class='ocrx_word' id='word_1_204' title='bbox 446 2537 562 2576; x_wconf 81' lang='lat' dir='ltr'>aliquae,</span> <span class='ocrx_word' id='word_1_205' title='bbox 585 2548 646 2576; x_wconf 80' lang='lat' dir='ltr'>quae</span> <span class='ocrx_word' id='word_1_206' title='bbox 669 2548 736 2567; x_wconf 82' lang='lat' dir='ltr'>cum</span> <span class='ocrx_word' id='word_1_207' title='bbox 758 2538 854 2567; x_wconf 71' lang='lat' dir='ltr'>breves</span> 
     </span>
     <span class='ocr_line' id='line_1_41' title="bbox 192 2587 705 2625; baseline -0.002 -8"><span class='ocrx_word' id='word_1_208' title='bbox 192 2589 264 2623; x_wconf 77' lang='lat' dir='ltr'>sint,</span> <span class='ocrx_word' id='word_1_209' title='bbox 288 2587 448 2617; x_wconf 81' lang='lat' dir='ltr'>necessario</span> <span class='ocrx_word' id='word_1_210' title='bbox 475 2587 705 2625; x_wconf 67' lang='lat' dir='ltr'>producuntur-3</span> 
     </span>
     <span class='ocr_line' id='line_1_42' title="bbox 196 2636 852 2677; baseline -0.002 -11"><span class='ocrx_word' id='word_1_211' title='bbox 196 2636 295 2666; x_wconf 72' lang='lat' dir='ltr'>Matri</span> <span class='ocrx_word' id='word_1_212' title='bbox 310 2636 398 2677; x_wconf 78' lang='lat' dir='ltr'>longa</span> <span class='ocrx_word' id='word_1_213' title='bbox 414 2636 511 2666; x_wconf 83' lang='lat' dir='ltr'>decem</span> <span class='ocrx_word' id='word_1_214' title='bbox 532 2636 679 2671; x_wconf 82' lang='lat' dir='ltr'>tulerunt,</span> <span class='ocrx_word' id='word_1_215' title='bbox 694 2636 747 2673; x_wconf 56' lang='lat' dir='ltr'>&amp;aa</span> <span class='ocrx_word' id='word_1_216' title='bbox 773 2638 852 2671; x_wconf 78' lang='lat' dir='ltr'>item,</span> 
     </span>
     <span class='ocr_line' id='line_1_43' title="bbox 197 2685 851 2725; baseline -0.002 -10"><span class='ocrx_word' id='word_1_217' title='bbox 197 2685 343 2724; x_wconf 77' lang='lat' dir='ltr'>Obstupui</span> <span class='ocrx_word' id='word_1_218' title='bbox 364 2690 564 2725; x_wconf 79' lang='lat' dir='ltr'>steteruntque</span> <span class='ocrx_word' id='word_1_219' title='bbox 590 2695 683 2719; x_wconf 66' lang='lat' dir='ltr'>comcs,</span> <span class='ocrx_word' id='word_1_220' title='bbox 708 2691 737 2714; x_wconf 84' lang='lat' dir='ltr'>tc</span> <span class='ocrx_word' id='word_1_221' title='bbox 759 2687 851 2725; x_wconf 69' lang='lat' dir='ltr'>sylla-</span> 
     </span>
     <span class='ocr_line' id='line_1_44' title="bbox 195 2734 849 2775; baseline 0.002 -12"><span class='ocrx_word' id='word_1_222' title='bbox 195 2735 260 2763; x_wconf 85' lang='lat' dir='ltr'>bam</span> <span class='ocrx_word' id='word_1_223' title='bbox 276 2735 393 2775; x_wconf 77' lang='lat' dir='ltr'>lcmgam</span> <span class='ocrx_word' id='word_1_224' title='bbox 407 2735 440 2763; x_wconf 86' lang='lat' dir='ltr'>in</span> <span class='ocrx_word' id='word_1_225' title='bbox 451 2735 534 2763; x_wconf 80' lang='lat' dir='ltr'>verbo</span> <span class='ocrx_word' id='word_1_226' title='bbox 541 2735 675 2772; x_wconf 75' lang='lat' dir='ltr'>corripit.</span> <span class='ocrx_word' id='word_1_227' title='bbox 690 2736 756 2764; x_wconf 82' lang='lat' dir='ltr'>item</span> <span class='ocrx_word' id='word_1_228' title='bbox 776 2734 849 2770; x_wconf 57' lang='lat' dir='ltr'>Fae-</span> 
     </span>
     <span class='ocr_line' id='line_1_45' title="bbox 198 2783 853 2818; baseline 0 -7"><span class='ocrx_word' id='word_1_229' title='bbox 198 2783 289 2813; x_wconf 80' lang='lat' dir='ltr'>rimus</span> <span class='ocrx_word' id='word_1_230' title='bbox 299 2783 384 2818; x_wconf 83' lang='lat' dir='ltr'>nosti,</span> <span class='ocrx_word' id='word_1_231' title='bbox 396 2788 422 2812; x_wconf 82' lang='lat' dir='ltr'>et</span> <span class='ocrx_word' id='word_1_232' title='bbox 436 2784 561 2812; x_wconf 69' lang='lat' dir='ltr'>irimium</span> <span class='ocrx_word' id='word_1_233' title='bbox 575 2784 733 2813; x_wconf 69' lang='lat' dir='ltr'>meminisse</span> <span class='ocrx_word' id='word_1_234' title='bbox 747 2794 853 2813; x_wconf 63' lang='lat' dir='ltr'>nerem:</span> 
     </span>
    </p>
   </div>
   <div class='ocr_carea' id='block_1_4' title="bbox 744 2588 852 2623">
    <p class='ocr_par' dir='ltr' id='par_1_11' title="bbox 744 2588 852 2623">
     <span class='ocr_line' id='line_1_46' title="bbox 744 2588 852 2623; baseline -0.009 -7"><span class='ocrx_word' id='word_1_235' title='bbox 744 2588 774 2616; x_wconf 83' lang='lat' dir='ltr'>in</span> <span class='ocrx_word' id='word_1_236' title='bbox 800 2588 852 2623; x_wconf 80' lang='lat' dir='ltr'>his,</span> 
     </span>
    </p>
   </div>
   <div class='ocr_carea' id='block_1_5' title="bbox 920 1064 1586 2764">
    <p class='ocr_par' dir='ltr' id='par_1_12' title="bbox 923 1064 1586 1195">
     <span class='ocr_line' id='line_1_47' title="bbox 925 1064 1585 1107; baseline 0.002 -13"><span class='ocrx_word' id='word_1_237' title='bbox 925 1070 985 1100; x_wconf 64' lang='grc' dir='ltr'>θείς</span> <span class='ocrx_word' id='word_1_238' title='bbox 1010 1064 1034 1094; x_wconf 90' lang='lat' dir='ltr'>ri</span> <span class='ocrx_word' id='word_1_239' title='bbox 1048 1066 1192 1105; x_wconf 69' lang='lat' dir='ltr'>syllabam</span> <span class='ocrx_word' id='word_1_240' title='bbox 1208 1066 1325 1107; x_wconf 81' lang='lat' dir='ltr'>longam</span> <span class='ocrx_word' id='word_1_241' title='bbox 1345 1068 1479 1105; x_wconf 83' lang='lat' dir='ltr'>corr-ipit.</span> <span class='ocrx_word' id='word_1_242' title='bbox 1506 1067 1585 1096; x_wconf 84' lang='lat' dir='ltr'>Nos-</span> 
     </span>
     <span class='ocr_line' id='line_1_48' title="bbox 925 1113 1586 1145; baseline 0.005 -3"><span class='ocrx_word' id='word_1_243' title='bbox 925 1118 972 1143; x_wconf 85' lang='lat' dir='ltr'>ter</span> <span class='ocrx_word' id='word_1_244' title='bbox 987 1113 1043 1143; x_wconf 88' lang='lat' dir='ltr'>lib.</span> <span class='ocrx_word' id='word_1_245' title='bbox 1057 1113 1099 1143; x_wconf 91' lang='lat' dir='ltr'>vi.</span> <span class='ocrx_word' id='word_1_246' title='bbox 1146 1115 1281 1144; x_wconf 87' lang='lat' dir='ltr'>Metam.</span> <span class='ocrx_word' id='word_1_247' title='bbox 1297 1116 1389 1144; x_wconf 74' lang='lat' dir='ltr'>vitam</span> <span class='ocrx_word' id='word_1_248' title='bbox 1403 1117 1542 1145; x_wconf 82' lang='lat' dir='ltr'>dederitis</span> <span class='ocrx_word' id='word_1_249' title='bbox 1555 1118 1586 1145; x_wconf 81' lang='lat' dir='ltr'>in</span> 
     </span>
     <span class='ocr_line' id='line_1_49' title="bbox 923 1163 1551 1195; baseline 0.005 -3"><span class='ocrx_word' id='word_1_250' title='bbox 923 1164 1026 1193; x_wconf 78' lang='lat' dir='ltr'>mulis.</span> <span class='ocrx_word' id='word_1_251' title='bbox 1073 1163 1273 1193; x_wconf 87' lang='lat' dir='ltr'>Ponticorum</span> <span class='ocrx_word' id='word_1_252' title='bbox 1288 1163 1345 1193; x_wconf 90' lang='lat' dir='ltr'>lib.</span> <span class='ocrx_word' id='word_1_253' title='bbox 1363 1163 1406 1194; x_wconf 90' lang='lat' dir='ltr'>iv.</span> <span class='ocrx_word' id='word_1_254' title='bbox 1452 1165 1503 1195; x_wconf 89' lang='lat' dir='ltr'>El.</span> <span class='ocrx_word' id='word_1_255' title='bbox 1521 1177 1551 1195; x_wconf 92' lang='lat' dir='ltr'>v.</span> 
     </span>
    </p>

    <p class='ocr_par' dir='ltr' id='par_1_13' title="bbox 925 1212 1550 1291">
     <span class='ocr_line' id='line_1_50' title="bbox 970 1212 1550 1255; baseline 0.003 -13"><span class='ocrx_word' id='word_1_256' title='bbox 970 1212 1105 1243; x_wconf 82' lang='lat' dir='ltr'>Consulis</span> <span class='ocrx_word' id='word_1_257' title='bbox 1118 1220 1153 1243; x_wconf 80' lang='lat' dir='ltr'>ut</span> <span class='ocrx_word' id='word_1_258' title='bbox 1169 1215 1256 1243; x_wconf 79' lang='lat' dir='ltr'>limen</span> <span class='ocrx_word' id='word_1_259' title='bbox 1270 1215 1465 1255; x_wconf 77' lang='lat' dir='ltr'>contigeritis,</span> <span class='ocrx_word' id='word_1_260' title='bbox 1481 1216 1550 1245; x_wconf 85' lang='lat' dir='ltr'>erit.</span> 
     </span>
     <span class='ocr_line' id='line_1_51' title="bbox 925 1260 1009 1291; baseline 0.012 -1"><span class='ocrx_word' id='word_1_261' title='bbox 925 1260 1009 1291; x_wconf 90' lang='lat' dir='ltr'>Ibid.</span> 
     </span>
    </p>

    <p class='ocr_par' dir='ltr' id='par_1_14' title="bbox 925 1310 1585 1499">
     <span class='ocr_line' id='line_1_52' title="bbox 971 1310 1554 1352; baseline 0.003 -12"><span class='ocrx_word' id='word_1_262' title='bbox 971 1310 1045 1340; x_wconf 82' lang='lat' dir='ltr'>Cum</span> <span class='ocrx_word' id='word_1_263' title='bbox 1060 1313 1150 1341; x_wconf 83' lang='lat' dir='ltr'>maris</span> <span class='ocrx_word' id='word_1_264' title='bbox 1163 1310 1242 1341; x_wconf 80' lang='lat' dir='ltr'>Ionii</span> <span class='ocrx_word' id='word_1_265' title='bbox 1259 1313 1438 1342; x_wconf 76' lang='lat' dir='ltr'>transieritis</span> <span class='ocrx_word' id='word_1_266' title='bbox 1452 1324 1554 1352; x_wconf 73' lang='lat' dir='ltr'>aquas.</span> 
     </span>
     <span class='ocr_line' id='line_1_53' title="bbox 925 1358 1585 1392; baseline 0.005 -3"><span class='ocrx_word' id='word_1_267' title='bbox 925 1358 975 1389; x_wconf 90' lang='lat' dir='ltr'>Sic</span> <span class='ocrx_word' id='word_1_268' title='bbox 991 1362 1136 1390; x_wconf 79' lang='lat' dir='ltr'>oderimus</span> <span class='ocrx_word' id='word_1_269' title='bbox 1150 1367 1178 1391; x_wconf 91' lang='lat' dir='ltr'>et</span> <span class='ocrx_word' id='word_1_270' title='bbox 1199 1362 1309 1391; x_wconf 78' lang='lat' dir='ltr'>erimus</span> <span class='ocrx_word' id='word_1_271' title='bbox 1323 1361 1415 1391; x_wconf 87' lang='lat' dir='ltr'>tertia</span> <span class='ocrx_word' id='word_1_272' title='bbox 1429 1367 1461 1392; x_wconf 88' lang='lat' dir='ltr'>et</span> <span class='ocrx_word' id='word_1_273' title='bbox 1475 1372 1585 1392; x_wconf 87' lang='lat' dir='ltr'>secun-</span> 
     </span>
     <span class='ocr_line' id='line_1_54' title="bbox 926 1408 1585 1451; baseline 0.003 -12"><span class='ocrx_word' id='word_1_274' title='bbox 926 1408 966 1439; x_wconf 87' lang='lat' dir='ltr'>da</span> <span class='ocrx_word' id='word_1_275' title='bbox 988 1408 1139 1451; x_wconf 89' lang='lat' dir='ltr'>producta</span> <span class='ocrx_word' id='word_1_276' title='bbox 1161 1410 1244 1451; x_wconf 85' lang='lat' dir='ltr'>apud</span> <span class='ocrx_word' id='word_1_277' title='bbox 1260 1410 1426 1440; x_wconf 90' lang='lat' dir='ltr'>Paulinum</span> <span class='ocrx_word' id='word_1_278' title='bbox 1449 1411 1585 1441; x_wconf 86' lang='lat' dir='ltr'>carmine</span> 
     </span>
     <span class='ocr_line' id='line_1_55' title="bbox 925 1457 1317 1499; baseline 0.003 -12"><span class='ocrx_word' id='word_1_279' title='bbox 925 1457 1080 1499; x_wconf 88' lang='lat' dir='ltr'>Sapphico</span> <span class='ocrx_word' id='word_1_280' title='bbox 1096 1458 1135 1488; x_wconf 87' lang='lat' dir='ltr'>ad</span> <span class='ocrx_word' id='word_1_281' title='bbox 1151 1458 1317 1488; x_wconf 84' lang='lat' dir='ltr'>Nicetam:</span> 
     </span>
    </p>

    <p class='ocr_par' dir='ltr' id='par_1_15' title="bbox 970 1507 1520 1547">
     <span class='ocr_line' id='line_1_56' title="bbox 970 1507 1520 1547; baseline 0.005 -11"><span class='ocrx_word' id='word_1_282' title='bbox 970 1507 1011 1536; x_wconf 82' lang='lat' dir='ltr'>Et</span> <span class='ocrx_word' id='word_1_283' title='bbox 1025 1509 1093 1547; x_wconf 82' lang='lat' dir='ltr'>quia</span> <span class='ocrx_word' id='word_1_284' title='bbox 1109 1510 1243 1547; x_wconf 80' lang='lat' dir='ltr'>spesjam</span> <span class='ocrx_word' id='word_1_285' title='bbox 1255 1509 1376 1547; x_wconf 78' lang='lat' dir='ltr'>rapitur</span> <span class='ocrx_word' id='word_1_286' title='bbox 1391 1511 1520 1545; x_wconf 84' lang='lat' dir='ltr'>tenendi,</span> 
     </span>
    </p>

    <p class='ocr_par' dir='ltr' id='par_1_16' title="bbox 972 1555 1482 1598">
     <span class='ocr_line' id='line_1_57' title="bbox 972 1555 1482 1598; baseline 0.002 -12"><span class='ocrx_word' id='word_1_287' title='bbox 972 1555 1067 1597; x_wconf 78' lang='lat' dir='ltr'>Urget</span> <span class='ocrx_word' id='word_1_288' title='bbox 1080 1556 1226 1598; x_wconf 76' lang='lat' dir='ltr'>adjectus,</span> <span class='ocrx_word' id='word_1_289' title='bbox 1240 1557 1358 1595; x_wconf 83' lang='lat' dir='ltr'>placitis</span> <span class='ocrx_word' id='word_1_290' title='bbox 1362 1556 1482 1598; x_wconf 83' lang='lat' dir='ltr'>favere,</span> 
     </span>
    </p>

    <p class='ocr_par' dir='ltr' id='par_1_17' title="bbox 966 1604 1450 1641">
     <span class='ocr_line' id='line_1_58' title="bbox 966 1604 1450 1641; baseline 0.002 -7"><span class='ocrx_word' id='word_1_291' title='bbox 966 1604 1036 1635; x_wconf 86' lang='lat' dir='ltr'>Jam</span> <span class='ocrx_word' id='word_1_292' title='bbox 1051 1607 1112 1635; x_wconf 85' lang='lat' dir='ltr'>vias</span> <span class='ocrx_word' id='word_1_293' title='bbox 1126 1607 1195 1635; x_wconf 82' lang='lat' dir='ltr'>illas</span> <span class='ocrx_word' id='word_1_294' title='bbox 1211 1606 1278 1635; x_wconf 75' lang='lat' dir='ltr'>licet</span> <span class='ocrx_word' id='word_1_295' title='bbox 1293 1605 1450 1641; x_wconf 82' lang='lat' dir='ltr'>oderimus,</span> 
     </span>
    </p>

    <p class='ocr_par' dir='ltr' id='par_1_18' title="bbox 922 1654 1584 2127">
     <span class='ocr_line' id='line_1_59' title="bbox 1110 1654 1377 1694; baseline 0 -10"><span class='ocrx_word' id='word_1_296' title='bbox 1110 1654 1182 1689; x_wconf 67' lang='lat' dir='ltr'>Qua&gt;</span> <span class='ocrx_word' id='word_1_297' title='bbox 1197 1656 1321 1694; x_wconf 78' lang='lat' dir='ltr'>rapiunt</span> <span class='ocrx_word' id='word_1_298' title='bbox 1338 1661 1377 1684; x_wconf 86' lang='lat' dir='ltr'>te.</span> 
     </span>
     <span class='ocr_line' id='line_1_60' title="bbox 923 1702 1379 1744; baseline 0 -12"><span class='ocrx_word' id='word_1_299' title='bbox 923 1702 963 1732; x_wconf 86' lang='lat' dir='ltr'>Et</span> <span class='ocrx_word' id='word_1_300' title='bbox 977 1707 1086 1744; x_wconf 86' lang='lat' dir='ltr'>postea</span> <span class='ocrx_word' id='word_1_301' title='bbox 1101 1703 1209 1734; x_wconf 88' lang='lat' dir='ltr'>eodem</span> <span class='ocrx_word' id='word_1_302' title='bbox 1225 1703 1379 1734; x_wconf 85' lang='lat' dir='ltr'>carmine:</span> 
     </span>
     <span class='ocr_line' id='line_1_61' title="bbox 967 1752 1520 1792; baseline 0 -10"><span class='ocrx_word' id='word_1_303' title='bbox 967 1752 1090 1792; x_wconf 79' lang='lat' dir='ltr'>Quaque</span> <span class='ocrx_word' id='word_1_304' title='bbox 1104 1754 1269 1788; x_wconf 77' lang='lat' dir='ltr'>contendes,</span> <span class='ocrx_word' id='word_1_305' title='bbox 1285 1755 1401 1783; x_wconf 84' lang='lat' dir='ltr'>comites</span> <span class='ocrx_word' id='word_1_306' title='bbox 1411 1752 1520 1783; x_wconf 81' lang='lat' dir='ltr'>erimus</span> 
     </span>
     <span class='ocr_line' id='line_1_62' title="bbox 1122 1803 1347 1834; baseline 0.009 -2"><span class='ocrx_word' id='word_1_307' title='bbox 1122 1803 1254 1833; x_wconf 81' lang='lat' dir='ltr'>AEtheris</span> <span class='ocrx_word' id='word_1_308' title='bbox 1266 1813 1347 1834; x_wconf 83' lang='lat' dir='ltr'>arce.</span> 
     </span>
     <span class='ocr_line' id='line_1_63' title="bbox 925 1850 1584 1892; baseline 0.003 -13"><span class='ocrx_word' id='word_1_309' title='bbox 925 1850 1102 1889; x_wconf 75' lang='lat' dir='ltr'>Crrperimus</span> <span class='ocrx_word' id='word_1_310' title='bbox 1123 1851 1189 1892; x_wconf 87' lang='lat' dir='ltr'>pari</span> <span class='ocrx_word' id='word_1_311' title='bbox 1211 1851 1301 1881; x_wconf 91' lang='lat' dir='ltr'>modo</span> <span class='ocrx_word' id='word_1_312' title='bbox 1326 1856 1357 1881; x_wconf 83' lang='lat' dir='ltr'>et</span> <span class='ocrx_word' id='word_1_313' title='bbox 1378 1853 1584 1884; x_wconf 78' lang='lat' dir='ltr'>sustulerimus</span> 
     </span>
     <span class='ocr_line' id='line_1_64' title="bbox 923 1898 1580 1940; baseline 0.005 -11"><span class='ocrx_word' id='word_1_314' title='bbox 923 1898 1007 1940; x_wconf 86' lang='lat' dir='ltr'>apud</span> <span class='ocrx_word' id='word_1_315' title='bbox 1022 1899 1243 1931; x_wconf 85' lang='lat' dir='ltr'>Terentianum</span> <span class='ocrx_word' id='word_1_316' title='bbox 1258 1901 1420 1931; x_wconf 87' lang='lat' dir='ltr'>Maurum.</span> <span class='ocrx_word' id='word_1_317' title='bbox 1437 1901 1479 1931; x_wconf 85' lang='lat' dir='ltr'>sic</span> <span class='ocrx_word' id='word_1_318' title='bbox 1495 1913 1580 1933; x_wconf 77' lang='lat' dir='ltr'>nove-</span> 
     </span>
     <span class='ocr_line' id='line_1_65' title="bbox 922 1948 1581 1991; baseline 0.006 -14"><span class='ocrx_word' id='word_1_319' title='bbox 922 1949 1025 1983; x_wconf 82' lang='lat' dir='ltr'>rimus,</span> <span class='ocrx_word' id='word_1_320' title='bbox 1038 1948 1121 1989; x_wconf 83' lang='lat' dir='ltr'>apud</span> <span class='ocrx_word' id='word_1_321' title='bbox 1134 1949 1338 1979; x_wconf 86' lang='lat' dir='ltr'>Prudentium</span> <span class='ocrx_word' id='word_1_322' title='bbox 1353 1949 1533 1991; x_wconf 75' lang='lat' dir='ltr'>praefatione</span> <span class='ocrx_word' id='word_1_323' title='bbox 1550 1952 1581 1982; x_wconf 91' lang='lat' dir='ltr'>in</span> 
     </span>
     <span class='ocr_line' id='line_1_66' title="bbox 922 1996 1580 2039; baseline 0.008 -13"><span class='ocrx_word' id='word_1_324' title='bbox 922 1996 1149 2038; x_wconf 84' lang='lat' dir='ltr'>Psychomach.</span> <span class='ocrx_word' id='word_1_325' title='bbox 1194 1998 1300 2039; x_wconf 87' lang='lat' dir='ltr'>Atque</span> <span class='ocrx_word' id='word_1_326' title='bbox 1327 1998 1394 2029; x_wconf 88' lang='lat' dir='ltr'>haec</span> <span class='ocrx_word' id='word_1_327' title='bbox 1423 1999 1462 2029; x_wconf 90' lang='lat' dir='ltr'>ad</span> <span class='ocrx_word' id='word_1_328' title='bbox 1498 2000 1580 2031; x_wconf 91' lang='lat' dir='ltr'>hunc</span> 
     </span>
     <span class='ocr_line' id='line_1_67' title="bbox 922 2046 1580 2089; baseline 0.005 -13"><span class='ocrx_word' id='word_1_329' title='bbox 922 2046 1037 2077; x_wconf 88' lang='lat' dir='ltr'>locum.</span> <span class='ocrx_word' id='word_1_330' title='bbox 1060 2049 1169 2087; x_wconf 77' lang='lat' dir='ltr'>possint</span> <span class='ocrx_word' id='word_1_331' title='bbox 1187 2047 1281 2078; x_wconf 84' lang='lat' dir='ltr'>etiam</span> <span class='ocrx_word' id='word_1_332' title='bbox 1298 2058 1352 2089; x_wconf 93' lang='lat' dir='ltr'>pro</span> <span class='ocrx_word' id='word_1_333' title='bbox 1365 2055 1478 2087; x_wconf 79' lang='lat' dir='ltr'>possent</span> <span class='ocrx_word' id='word_1_334' title='bbox 1493 2049 1580 2080; x_wconf 91' lang='lat' dir='ltr'>meli-</span> 
     </span>
     <span class='ocr_line' id='line_1_68' title="bbox 922 2095 1252 2127; baseline 0.003 -2"><span class='ocrx_word' id='word_1_335' title='bbox 922 2105 989 2126; x_wconf 88' lang='lat' dir='ltr'>ores</span> <span class='ocrx_word' id='word_1_336' title='bbox 1004 2095 1087 2126; x_wconf 85' lang='lat' dir='ltr'>libri.</span> <span class='ocrx_word' id='word_1_337' title='bbox 1132 2096 1252 2127; x_wconf 59' lang='lat' dir='ltr'>Herus.</span> 
     </span>
    </p>

    <p class='ocr_par' dir='ltr' id='par_1_19' title="bbox 920 2144 1582 2431">
     <span class='ocr_line' id='line_1_69' title="bbox 965 2144 1578 2185; baseline 0.003 -10"><span class='ocrx_word' id='word_1_338' title='bbox 965 2146 1019 2175; x_wconf 89' lang='grc'>54.</span> <span class='ocrx_word' id='word_1_339' title='bbox 1047 2145 1118 2175; x_wconf 86' lang='lat' dir='ltr'>Tam</span> <span class='ocrx_word' id='word_1_340' title='bbox 1142 2145 1245 2185; x_wconf 63' lang='lat' dir='ltr'>mala]</span> <span class='ocrx_word' id='word_1_341' title='bbox 1273 2144 1445 2177; x_wconf 88' lang='lat' dir='ltr'>Vaticanus</span> <span class='ocrx_word' id='word_1_342' title='bbox 1468 2151 1499 2177; x_wconf 90' lang='lat' dir='ltr'>et</span> <span class='ocrx_word' id='word_1_343' title='bbox 1520 2147 1578 2177; x_wconf 84' lang='lat' dir='ltr'>Lo-</span> 
     </span>
     <span class='ocr_line' id='line_1_70' title="bbox 922 2194 1581 2237; baseline 0.005 -13"><span class='ocrx_word' id='word_1_344' title='bbox 922 2194 1085 2229; x_wconf 74' lang='lat' dir='ltr'>vaniensis‚</span> <span class='ocrx_word' id='word_1_345' title='bbox 1109 2207 1195 2234; x_wconf 36' lang='lat' dir='ltr'>quam.</span> <span class='ocrx_word' id='word_1_346' title='bbox 1219 2196 1304 2231; x_wconf 78' lang='lat' dir='ltr'>male,</span> <span class='ocrx_word' id='word_1_347' title='bbox 1321 2201 1355 2225; x_wconf 86' lang='lat' dir='ltr'>ut</span> <span class='ocrx_word' id='word_1_348' title='bbox 1377 2207 1431 2237; x_wconf 90' lang='lat' dir='ltr'>per</span> <span class='ocrx_word' id='word_1_349' title='bbox 1454 2195 1581 2227; x_wconf 88' lang='lat' dir='ltr'>interro-</span> 
     </span>
     <span class='ocr_line' id='line_1_71' title="bbox 921 2243 1581 2285; baseline 0.003 -12"><span class='ocrx_word' id='word_1_350' title='bbox 921 2243 1077 2283; x_wconf 81' lang='lat' dir='ltr'>gationem</span> <span class='ocrx_word' id='word_1_351' title='bbox 1092 2244 1226 2285; x_wconf 84' lang='lat' dir='ltr'>legatur.</span> <span class='ocrx_word' id='word_1_352' title='bbox 1272 2244 1421 2275; x_wconf 80' lang='lat' dir='ltr'>Francius</span> <span class='ocrx_word' id='word_1_353' title='bbox 1442 2245 1581 2276; x_wconf 85' lang='lat' dir='ltr'>malebat</span> 
     </span>
     <span class='ocr_line' id='line_1_72' title="bbox 921 2292 1582 2334; baseline 0.005 -12"><span class='ocrx_word' id='word_1_354' title='bbox 921 2292 986 2323; x_wconf 86' lang='lat' dir='ltr'>sine</span> <span class='ocrx_word' id='word_1_355' title='bbox 1016 2293 1267 2334; x_wconf 84' lang='lat' dir='ltr'>interrogatione,</span> <span class='ocrx_word' id='word_1_356' title='bbox 1293 2301 1414 2333; x_wconf 67' lang='lat' dir='ltr'>erpertae</span> <span class='ocrx_word' id='word_1_357' title='bbox 1443 2296 1526 2325; x_wconf 87' lang='lat' dir='ltr'>toties</span> <span class='ocrx_word' id='word_1_358' title='bbox 1555 2302 1582 2325; x_wconf 84' lang='lat' dir='ltr'>te</span> 
     </span>
     <span class='ocr_line' id='line_1_73' title="bbox 921 2342 1581 2383; baseline 0.006 -12"><span class='ocrx_word' id='word_1_359' title='bbox 921 2342 996 2371; x_wconf 83' lang='lat' dir='ltr'>male</span> <span class='ocrx_word' id='word_1_360' title='bbox 1010 2344 1104 2372; x_wconf 80' lang='lat' dir='ltr'>credis</span> <span class='ocrx_word' id='word_1_361' title='bbox 1117 2354 1209 2382; x_wconf 60' lang='lat' dir='ltr'>aqua),</span> <span class='ocrx_word' id='word_1_362' title='bbox 1225 2342 1285 2378; x_wconf 83' lang='lat' dir='ltr'>vel,</span> <span class='ocrx_word' id='word_1_363' title='bbox 1301 2355 1388 2383; x_wconf 82' lang='lat' dir='ltr'>quam</span> <span class='ocrx_word' id='word_1_364' title='bbox 1403 2345 1472 2374; x_wconf 83' lang='lat' dir='ltr'>bene</span> <span class='ocrx_word' id='word_1_365' title='bbox 1486 2346 1581 2375; x_wconf 80' lang='lat' dir='ltr'>credis</span> 
     </span>
     <span class='ocr_line' id='line_1_74' title="bbox 920 2392 1161 2431; baseline 0.008 -11"><span class='ocrx_word' id='word_1_366' title='bbox 920 2392 1022 2431; x_wconf 70' lang='lat' dir='ltr'>aquze?</span> <span class='ocrx_word' id='word_1_367' title='bbox 1046 2392 1161 2422; x_wconf 80' lang='lat' dir='ltr'>BURM.</span> 
     </span>
    </p>

    <p class='ocr_par' dir='ltr' id='par_1_20' title="bbox 920 2440 1577 2568">
     <span class='ocr_line' id='line_1_75' title="bbox 962 2440 1577 2482; baseline 0.003 -12"><span class='ocrx_word' id='word_1_368' title='bbox 962 2441 1013 2470; x_wconf 86' lang='lat'>59.</span> <span class='ocrx_word' id='word_1_369' title='bbox 1040 2440 1120 2474; x_wconf 80' lang='lat' dir='ltr'>Quia</span> <span class='ocrx_word' id='word_1_370' title='bbox 1134 2447 1227 2471; x_wconf 83' lang='lat' dir='ltr'>mater</span> <span class='ocrx_word' id='word_1_371' title='bbox 1242 2451 1385 2477; x_wconf 83' lang='lat' dir='ltr'>amorum,</span> <span class='ocrx_word' id='word_1_372' title='bbox 1402 2441 1496 2471; x_wconf 81' lang='lat' dir='ltr'>Nuda</span> <span class='ocrx_word' id='word_1_373' title='bbox 1518 2443 1577 2482; x_wconf 75' lang='lat' dir='ltr'>Cy-</span> 
     </span>
     <span class='ocr_line' id='line_1_76' title="bbox 920 2489 1576 2532; baseline 0.005 -14"><span class='ocrx_word' id='word_1_374' title='bbox 920 2489 1059 2519; x_wconf 77' lang='lat' dir='ltr'>theriacis</span> <span class='ocrx_word' id='word_1_375' title='bbox 1073 2489 1264 2531; x_wconf 80' lang='lat' dir='ltr'>editafertur</span> <span class='ocrx_word' id='word_1_376' title='bbox 1281 2490 1395 2530; x_wconf 82' lang='lat' dir='ltr'>aquis.]</span> <span class='ocrx_word' id='word_1_377' title='bbox 1422 2490 1460 2520; x_wconf 92' lang='lat' dir='ltr'>In</span> <span class='ocrx_word' id='word_1_378' title='bbox 1474 2490 1576 2532; x_wconf 89' lang='lat' dir='ltr'>Epist.</span> 
     </span>
     <span class='ocr_line' id='line_1_77' title="bbox 920 2538 1146 2568; baseline 0 0"><span class='ocrx_word' id='word_1_379' title='bbox 920 2538 959 2568; x_wconf 86' lang='lat' dir='ltr'>ad</span> <span class='ocrx_word' id='word_1_380' title='bbox 976 2538 1146 2568; x_wconf 84' lang='lat' dir='ltr'>Helenam:</span> 
     </span>
    </p>

    <p class='ocr_par' dir='ltr' id='par_1_21' title="bbox 965 2586 1578 2628">
     <span class='ocr_line' id='line_1_78' title="bbox 965 2586 1578 2628; baseline 0.005 -12"><span class='ocrx_word' id='word_1_381' title='bbox 965 2586 1001 2616; x_wconf 83' lang='lat' dir='ltr'>Iu</span> <span class='ocrx_word' id='word_1_382' title='bbox 1018 2598 1097 2617; x_wconf 83' lang='lat' dir='ltr'>mare</span> <span class='ocrx_word' id='word_1_383' title='bbox 1112 2588 1174 2627; x_wconf 82' lang='lat' dir='ltr'>(nit</span> <span class='ocrx_word' id='word_1_384' title='bbox 1196 2587 1322 2628; x_wconf 82' lang='lat' dir='ltr'>mirum)</span> <span class='ocrx_word' id='word_1_385' title='bbox 1336 2589 1392 2627; x_wconf 82' lang='lat' dir='ltr'>jus</span> <span class='ocrx_word' id='word_1_386' title='bbox 1413 2588 1495 2619; x_wconf 77' lang='lat' dir='ltr'>habet</span> <span class='ocrx_word' id='word_1_387' title='bbox 1512 2596 1578 2619; x_wconf 81' lang='lat' dir='ltr'>orta</span> 
     </span>
    </p>

    <p class='ocr_par' dir='ltr' id='par_1_22' title="bbox 920 2638 1576 2764">
     <span class='ocr_line' id='line_1_79' title="bbox 1004 2638 1094 2666; baseline 0.011 -1"><span class='ocrx_word' id='word_1_388' title='bbox 1004 2638 1094 2666; x_wconf 77' lang='lat' dir='ltr'>mari.</span> 
     </span>
     <span class='ocr_line' id='line_1_80' title="bbox 920 2683 1576 2726; baseline 0 -12"><span class='ocrx_word' id='word_1_389' title='bbox 920 2683 1095 2715; x_wconf 80' lang='lat' dir='ltr'>Ausonius:</span> <span class='ocrx_word' id='word_1_390' title='bbox 1132 2684 1207 2715; x_wconf 84' lang='lat' dir='ltr'>Orta</span> <span class='ocrx_word' id='word_1_391' title='bbox 1235 2687 1321 2721; x_wconf 85' lang='lat' dir='ltr'>mari,</span> <span class='ocrx_word' id='word_1_392' title='bbox 1348 2692 1480 2726; x_wconf 83' lang='lat' dir='ltr'>suscepta</span> <span class='ocrx_word' id='word_1_393' title='bbox 1508 2688 1576 2722; x_wconf 77' lang='lat' dir='ltr'>solo,</span> 
     </span>
     <span class='ocr_line' id='line_1_81' title="bbox 921 2734 1098 2764; baseline 0.006 -1"><span class='ocrx_word' id='word_1_394' title='bbox 921 2740 979 2764; x_wconf 50' lang='lat' dir='ltr'>erc.</span> <span class='ocrx_word' id='word_1_395' title='bbox 1005 2734 1098 2764; x_wconf 81' lang='lat' dir='ltr'>Cios.</span> 
     </span>
    </p>
   </div>
   <div class='ocr_carea' id='block_1_6' title="bbox 981 2838 1044 2865">
    <p class='ocr_par' dir='ltr' id='par_1_23' title="bbox 981 2838 1044 2865">
     <span class='ocr_line' id='line_1_82' title="bbox 981 2838 1044 2865; baseline 0.048 -3"><span class='ocrx_word' id='word_1_396' title='bbox 981 2838 1044 2865; x_wconf 63' lang='lat'>(323</span> 
     </span>
    </p>
   </div>
  </div>
 </body>
</html>
