1849 3198
224 182 308 223 :340
629 181 678 221 P.
717 181 931 223 OVIDII
966 181 1248 225 NASONIS

232 297 345 344 Non
372 313 490 344 acus
516 297 730 360 abrupit,
758 313 855 344 non
880 298 1037 344 vallus
1062 299 1291 362 pectinis,
1320 299 1455 347 illos:
1560 304 1619 348 15

298 373 534 421 Ornatrix
558 380 666 421 tuto
692 390 898 438 corpore
924 391 1122 439 semper
1146 383 1267 423 erat.

228 451 359 498 Ante
385 467 521 498 meos
548 467 683 515 saepe
707 458 785 499 est
808 453 980 499 oculus
1008 460 1182 499 ornata
1197 472 1207 510 ;
1231 469 1341 501 :nec
1367 469 1606 516 umquam

298 528 513 574 Brachia
538 529 744 591 derepta
769 529 939 575 saucia
963 529 1081 576 fecit
1108 545 1216 576 acu.

230 604 378 668 Saepe
404 604 570 660 etiam,
597 606 818 652 nondum
839 605 1046 667 digestis
1072 622 1218 653 mane
1242 607 1452 670 capillis,

295 681 554 745 Purpureo
574 682 735 744 jacuit
759 682 1062 745 semisupina
1086 690 1208 730 toro.
1554 688 1618 730 20

227 758 355 805 Tum
372 775 573 822 quoque
589 766 694 806 erat
712 760 941 821 neglecta
954 760 1162 808 decens:
1192 767 1246 806 ut
1261 760 1472 807 Threcia
1490 760 1616 807 Bac-

296 836 426 883 Cum
451 843 637 883 temere
662 837 712 882 in
736 837 879 883 viridi
905 838 1125 899 gramine
1150 837 1283 884 lassa
1301 838 1453 898 jacet.
1483 838 1614 899 [che,

229 914 359 960 Cum
386 914 594 976 graciles
621 921 789 961 essent
813 921 996 970 tamen,
1025 922 1075 962 et
1098 914 1344 977 lanuginis
1369 915 1550 972 instar,

294 990 409 1037 Heu
435 993 565 1038 mala
589 999 780 1039 vexatae
808 1000 996 1054 quanta
1019 993 1176 1039 tulere
1201 993 1382 1038 comae!

227 1066 390 1121 Quam
417 1084 470 1115 se
495 1069 816 1131 praebuerunt
840 1069 967 1116 ferro
993 1069 1239 1132 patienter
1263 1076 1312 1115 et
1336 1068 1465 1130 igni3
1552 1071 1614 1115 25

294 1144 366 1191 Ut
389 1144 530 1192 fieret
554 1151 682 1192 torto
708 1145 888 1191 flexilis
915 1146 1033 1192 orbe
1059 1145 1221 1192 sinus!

228 1221 537 1276 Clamabam,
569 1221 745 1277 Scelus
772 1229 864 1277 est,
887 1222 1008 1269 istos
1035 1222 1198 1268 scelus
1225 1237 1365 1268 urere
1391 1222 1567 1268 crines.

296 1298 487 1361 Sponte
512 1299 720 1346 decent:
760 1299 929 1362 capiti,
957 1299 1128 1354 ferrea,
1156 1315 1303 1362 parce
1328 1306 1430 1344 tuo.

226 1374 339 1420 Vim
365 1376 537 1438 procul
562 1376 676 1422 hinc
703 1393 915 1424 remove.
955 1393 1054 1423 non
1080 1384 1156 1423 est
1181 1377 1266 1439 qui
1292 1376 1474 1422 debeat
1497 1375 1600 1431 uri;

293 1451 470 1499 Erudit
495 1453 720 1500 admotas
746 1455 853 1518 ipse
879 1455 1087 1518 capillus
1114 1470 1249 1501 acus.
1551 1456 1616 1499 30

227 1529 476 1576 Formosae
502 1531 692 1593 periere
719 1548 901 1580 comae:
943 1549 1066 1595 quas
1090 1533 1238 1579 vellet
1262 1531 1458 1596 Apollo,

293 1605 431 1659 Quas
456 1607 606 1655 vellet
631 1610 781 1673 capiti
810 1610 1041 1657 Bacchus
1067 1610 1229 1657 inesse
1256 1625 1361 1655 suo.

269 1698 319 1728 16.
347 1699 492 1729 Ornatrix
512 1705 576 1729 tato
591 1701 740 1741 corpora]
760 1701 882 1743 Vulga-

223 1752 255 1776 ta
270 1746 424 1788 scriptura
441 1747 466 1777 si
489 1748 642 1779 servanda
658 1756 714 1785 est,
730 1750 773 1780 ita
789 1750 882 1781 iuter-

957 1702 1087 1732 Possent
1112 1701 1179 1731 haec
1202 1700 1283 1742 capi,
1300 1706 1334 1730 ut
1360 1699 1452 1729 modo
1471 1699 1617 1736 diximus,

952 1750 991 1781 de
1010 1751 1136 1781 domina
1153 1761 1213 1780 non
1229 1749 1321 1780 solita
1346 1749 1455 1779 saevire
1476 1749 1508 1778 in
1526 1760 1615 1780 orna-

222 1797 374 1836 pretanda
415 1796 491 1827 forte
529 1798 602 1835 erit;
649 1799 779 1840 capillos
815 1800 885 1830 illos

222 1844 315 1874 fuisse
329 1850 392 1875 tam
406 1844 534 1881 dociles,
550 1852 584 1876 ut
600 1857 770 1888 numquam
786 1848 884 1879 domi-

222 1903 295 1923 nam
323 1893 362 1924 ad
385 1894 462 1924 iram
482 1896 728 1936 provocaverint,
753 1907 834 1938 quae,
859 1898 884 1928 si

222 1942 322 1972 crines
339 1943 457 1973 nollent
474 1950 583 1985 sponte
599 1945 711 1981 ornari,
727 1946 782 1976 sed
803 1957 884 1988 saepe

221 1991 397 2022 resolvendi
427 1999 541 2029 essent,
572 1994 620 2024 vel
654 2001 882 2036 rumperentur,

222 2040 254 2070 in
291 2041 474 2072 ornatricem
511 2042 672 2074 saeviebat.
718 2044 885 2075 Bcnmx-

222 2100 296 2120 xrs.
341 2090 423 2120 Rem
447 2101 562 2127 amare,
579 2097 613 2121 ut
636 2092 723 2128 solet,
739 2094 815 2124 Juv.
832 2093 886 2123 de-

222 2138 339 2174 scribit,
355 2139 421 2169 Sat.
439 2139 483 2170 vi.
498 2141 573 2171 490.

267 2188 407 2226 Disponit
432 2190 556 2225 crinem,
585 2190 723 2220 laceratis
748 2192 810 2230 ipsa
836 2202 885 2221 ca-

306 2237 402 2274 pillis,

266 2283 361 2313 Nuda
377 2285 508 2315 humeros
525 2286 629 2317 Psecas
644 2286 761 2327 infelix,
781 2288 884 2318 nudis-

308 2344 362 2372 que
376 2335 526 2364 mamillis.

266 2382 366 2411 Altior
383 2384 430 2413 hic
445 2394 537 2423 quare
560 2385 741 2414 cincinnus?
768 2385 885 2415 Taurea

306 2433 398 2469 punit

267 2480 501 2521 Continuofleii
516 2482 819 2523 crimenfacinusque
834 2494 883 2513 ca-

307 2529 388 2567 pini.

267 2577 348 2610 Quid
377 2578 483 2609 Psecas
509 2580 648 2609 admisit?
681 2591 813 2619 quanam
842 2587 882 2610 est

306 2626 354 2656 hic
370 2628 456 2665 culpa
472 2629 589 2666 puellae,

264 2673 296 2703 Si
308 2676 360 2704 tibi
375 2676 529 2714 displicuit
544 2678 653 2706 nasus?
676 2676 734 2706 ἃς.
762 2676 879 2707 Ama.

264 2724 312 2754 18.
328 2724 458 2755 Brachia
472 2726 587 2765 (lit-epm
601 2726 880 2766 sauciajbcitacuj

952 1800 1073 1834 tricem,
1092 1799 1147 1830 sed
1163 1799 1238 1840 quia
1253 1799 1303 1829 hic
1319 1799 1357 1829 (le
1371 1809 1407 1828 eo
1423 1809 1483 1828 non
1499 1798 1613 1839 agitur,

952 1849 1007 1878 sed
1023 1849 1061 1878 de
1078 1848 1263 1889 capillorum
1278 1847 1413 1888 ingenio,
1431 1858 1500 1888 quae
1516 1852 1616 1877 tutam

953 1897 1140 1928 ornatricem
1171 1898 1374 1939 praestabant,
1403 1908 1475 1927 (icus
1501 1899 1615 1928 directa

953 1952 1057 1987 posset
1083 1946 1128 1977 ita
1142 1946 1224 1988 capi,
1239 1953 1274 1976 ut
1299 1956 1482 1986 numquam,
1499 1957 1537 1976 ne
1561 1957 1616 1988 per

952 1995 1192 2036 imprudentiam
1211 1995 1340 2036 quidem
1363 1994 1534 2030 ornatricis,
1550 2006 1616 2026 ma-

954 2055 1012 2074 nus
1038 2045 1205 2079 aberraret,
1230 2050 1261 2074 et
1284 2054 1388 2079 acum,
1415 2054 1479 2085 qua
1500 2044 1617 2085 figebat

955 2093 1055 2123 crines
1079 2093 1111 2123 in
1138 2093 1269 2123 annulos
1284 2098 1315 2122 et
1331 2091 1493 2122 cincinnos
1508 2093 1614 2129 flexos,

955 2141 1088 2182 dirigere
1104 2141 1135 2171 in
1149 2141 1281 2172 brachia
1291 2140 1423 2171 dcminae
1440 2146 1553 2181 posset.
1570 2142 1615 2172 fa—

954 2195 1019 2220 teor
1043 2200 1114 2220 vero
1141 2189 1208 2219 haec
1231 2190 1367 2220 nondum
1393 2189 1432 2219 ad
1458 2189 1613 2230 liquidum

954 2239 1115 2279 perducta,
1145 2249 1247 2280 neque
1285 2238 1361 2268 mihi
1394 2238 1459 2280 ipse
1493 2239 1615 2271 satisfa-

953 2287 1011 2317 cio.
1057 2288 1172 2318 Burin.

997 2336 1050 2366 27.
1078 2336 1281 2376 Clamabunt]
1309 2336 1436 2366 Petron.
1452 2347 1522 2377 cap.
1536 2337 1613 2368 xlvi.

955 2384 1025 2414 Ideo
1052 2386 1098 2415 illi
1127 2387 1257 2425 quotidie
1294 2386 1403 2415 clamo:
1444 2386 1613 2427 Primigeni

953 2435 1038 2464 crede
1053 2435 1136 2469 mihi,
1152 2436 1298 2474 quidquid
1321 2436 1420 2470 discis,
1439 2436 1492 2464 tibi
1515 2437 1614 2466 discis.

953 2482 1005 2513 ubi
1022 2482 1092 2512 vide
1109 2488 1225 2513 notata.
1271 2484 1389 2513 Bumu.

995 2532 1049 2562 29.
1078 2532 1145 2561 Non
1161 2532 1233 2572 esa]
1261 2531 1389 2562 SciIIcet
1409 2531 1541 2574 capillus
1557 2532 1612 2562 ali-

952 2579 1022 2621 quis
1037 2593 1042 2609 z
1069 2590 1175 2611 omnes
1190 2581 1274 2611 enim
1289 2580 1394 2611 decori
1410 2586 1494 2611 sunt.
1537 2581 1611 2610 ΜΑ-

952 2640 1039 2659 nms.
1084 2629 1184 2659 Male.
1210 2630 1303 2671 plena
1328 2630 1444 2660 locutio
1466 2636 1523 2664 est,
1550 2640 1610 2660 non

951 2683 996 2708 est
1012 2678 1037 2708 is
1052 2678 1196 2719 capillus.
1213 2679 1266 2720 qui
1280 2674 1392 2709 aebeat
1418 2679 1474 2709 uri.
1488 2679 1552 2709 vid.
1571 2677 1610 2708 ad

954 2726 1048 2768 Epist.
1066 2738 1118 2757 xx.
1137 2728 1189 2757 49.
