1849 3198
229 205 314 246 236

614 202 665 242 P.
700 199 914 242 OVIDII
947 199 1227 241 NASONIS

231 319 307 366 Tu
334 334 552 381 quoque,
580 317 812 364 dilectam
838 317 1039 372 multos,
1067 316 1232 371 infide,
1260 331 1346 379 per
1379 331 1550 371 annos,

301 395 494 442 Diceris
521 395 752 441 OEnonen
777 393 1063 441 destituisse
1083 400 1238 439 tuam.

1528 395 1618 440 196

235 472 342 520 Nec
367 479 534 519 tamen
558 473 665 536 ipse
692 488 867 534 negas3
909 478 959 518 et
983 470 1126 516 nobis
1152 470 1319 516 omnia
1343 470 1405 516 de
1430 476 1479 516 te

300 549 550 605 Quaerere,
579 550 619 596 si
644 549 824 604 nescis,
852 547 1071 594 maxima
1103 563 1222 593 cura
1246 546 1352 594 fuit.

233 626 378 673 Adde
404 627 554 689 quod,
583 633 638 673 ut
662 626 834 689 cupias
860 631 1094 671 constans
1120 624 1170 670 in
1196 640 1362 671 amore
1388 641 1584 672 manere
1606 644 1616 677 3

300 703 416 750 Non
434 711 594 767 potes.
617 704 893 767 expediunt
906 704 1012 765 jam
1027 709 1114 748 tua
1126 702 1236 748 vela
1252 701 1496 766 Phryges.
1524 706 1621 749 200

235 780 368 827 Dum
388 781 605 844 loqueris
632 796 844 836 mecum,
872 781 992 827 dum
1018 796 1117 826 nox
1144 786 1342 843 sperata
1367 786 1582 843 paratur,

301 857 398 912 Qui
423 857 547 905 ferat
572 858 621 904 in
646 858 875 921 patriam,
897 859 1002 920 jam
1028 857 1119 904 tibi
1144 863 1320 904 ventus
1346 857 1453 904 erit.

235 933 478 982 Cursibus
504 935 553 981 in
579 935 754 982 mediis
781 934 1011 982 novitatis
1037 935 1185 997 plena
1209 934 1457 997 relinques

302 1011 529 1059 Gaudia:
571 1028 684 1059 cum
709 1011 867 1058 ventis
893 1018 1062 1057 noster
1088 1010 1246 1057 abibit
1270 1026 1422 1057 amor.

234 1087 313 1134 An
334 1104 530 1152 sequar,
548 1096 604 1136 ut
623 1089 827 1144 suades3
850 1089 1153 1150 laudataque
1175 1087 1423 1150 Pergama
1441 1088 1618 1145 visam;

302 1165 556 1212 Pronurus
583 1172 633 1213 et
657 1166 823 1228 magni
850 1165 1200 1212 Laomedontis
1225 1165 1338 1211 ero?

1526 1168 1622 1212 206

237 1241 355 1289 Non
380 1243 449 1290 ita
473 1250 736 1290 contemno
762 1243 973 1290 volucris
999 1242 1249 1307 praeconia
1272 1242 1457 1298 Famae,

303 1318 374 1366 Ut
397 1320 592 1383 probris
617 1327 773 1367 terras
798 1320 1003 1384 impleat
1026 1320 1110 1366 illa
1134 1320 1273 1366 meis.

236 1396 370 1451 Quid
395 1397 457 1444 de
482 1413 561 1444 me
590 1397 770 1460 Sparte
795 1397 992 1461 poterit,
1021 1397 1143 1460 quid
1167 1397 1358 1443 Achaia
1381 1404 1501 1453 tota,

304 1474 438 1529 Quid
463 1482 637 1538 gentes
663 1475 815 1532 Asiae,
844 1475 967 1540 quid
991 1482 1079 1522 tua
1102 1475 1251 1538 Troja
1274 1474 1441 1538 loqui?

1529 1478 1626 1521 210

238 1551 371 1606 Quid
397 1551 626 1599 Priamus
652 1552 715 1599 de
741 1568 836 1609 me,
865 1552 1051 1599 Priami
1078 1552 1200 1615 quid
1226 1551 1406 1598 sentiet
1430 1567 1577 1609 uxor;

302 1628 499 1692 Totque
523 1630 595 1676 tui
622 1630 814 1685 fratres,
844 1629 1259 1692 Dardanidesque
1284 1629 1470 1675 nurus?

237 1855 386 1886 Francius
408 1855 511 1897 legere
537 1856 684 1887 malebat.
730 1856 780 1887 Sic
796 1857 897 1899 Epist.

237 1904 329 1943 iii.5;
353 1910 385 1935 et
408 1917 439 1935 ν.
461 1905 491 1935 4.
515 1905 605 1936 Idem
627 1906 786 1942 Francius,
807 1908 899 1947 capli-

238 1955 305 1983 cilis
320 1955 391 1984 Loris
408 1953 609 1996 conjiciebat.
656 1955 772 1985 Eunu.

284 2004 356 2034 196.
375 2004 508 2034 OEnonen
522 2006 681 2035 deseruisse
697 2006 806 2046 tuam]
824 2006 898 2036 Des-

238 2054 352 2083 tituisse
364 2052 508 2083 meliores
523 2053 606 2084 libri.
651 2054 772 2084 OEnone
786 2067 792 2083 ;

284 2101 376 2132 Nunc
402 2103 456 2132 tibi
484 2104 675 2139 conveniant,
701 2114 763 2143 quic
794 2110 821 2133 te
848 2114 902 2143 per

323 2156 426 2188 aperta
438 2158 602 2191 sequuntur

283 2199 426 2238 AEqumu,
450 2200 594 2241 legitimos
615 2201 836 2240 destituantque
861 2203 900 2230 vi-

326 2259 384 2278 ros.
738 2250 856 2281 HE1Ns.

288 2298 360 2328 198.
396 2297 565 2337 Qzurrere]
591 2298 651 2329 Pro
675 2298 840 2339 inquirere,
868 2304 902 2329 ut

240 2347 341 2378 solent
366 2353 519 2378 amantes.
545 2348 670 2379 Petron.
701 2349 773 2378 127.
800 2348 902 2389 Neque

241 2398 320 2427 enim
334 2408 377 2426 me
392 2398 493 2437 piguit
508 2408 650 2436 quarere.
674 2398 801 2428 Terent.
818 2398 901 2429 Eun.

241 2446 261 2476 i.
277 2447 309 2476 2.
336 2446 439 2476 Nihil:
455 2458 523 2476 ἰιιιηι
538 2449 668 2486 quaesim'.
685 2447 756 2477 infr.
774 2447 807 2478 ii.
826 2447 900 2478 Am.

243 2494 283 2525 xi.
298 2496 352 2525 22.
370 2500 403 2525 ut
423 2495 601 2526 Puteaneus
615 2496 730 2527 codex:
749 2497 903 2531 errenti

243 2545 329 2573 nullu
347 2546 475 2583 procella
488 2551 583 2575 nocet.
597 2550 629 2575 et
644 2545 746 2587 Epist.
764 2557 815 2576 xx.
828 2548 902 2577 219.

244 2593 296 2623 ubi
313 2593 393 2623 male
410 2598 510 2623 mutat
524 2593 681 2624 Heinsius.
727 2595 844 2625 Burni.

291 2643 361 2672 199.
387 2643 470 2673 Adde
492 2645 578 2683 qnod,
596 2650 627 2673 ut.
650 2646 753 2683 cupias
768 2652 902 2675 constans

244 2694 274 2720 in
299 2703 394 2722 umore
409 2704 550 2729 maner&
578 2693 643 2723 Non
663 2694 770 2733 pules]
801 2695 899 2725 Docet

244 2739 428 2772 Aristoteles
451 2741 505 2772 lib.
527 2741 561 2773 ii.
592 2742 641 2773 Dc
665 2742 742 2774 Arte
766 2743 901 2776 dicendi.

963 1858 1096 1899 juvenes
1117 1862 1228 1888 natura
1243 1868 1310 1888 esse
1329 1867 1436 1888 omnes
1449 1857 1626 1888 inconstan-

968 1914 1026 1938 tes.
1071 1907 1166 1938 CIOF.

1012 1957 1088 1987 207.
1117 1957 1251 1987 Volucri>-
1263 1956 1390 1998 fumoe]
1418 1956 1493 1987 Vid.
1508 1957 1547 1988 ad
1569 1958 1628 1988 Pe-

970 2011 1049 2036 tron.
1067 2016 1138 2047 cap.
1155 2005 1285 2036 cxxxiii.

1012 2057 1088 2086 209.
1107 2055 1188 2089 Quid
1202 2057 1237 2085 sle
1251 2066 1294 2085 me
1306 2057 1414 2094 poterit
1432 2055 1538 2095 loqui]
1558 2056 1628 2086 Ele-

969 2115 1047 2145 gans
1065 2104 1122 2134 hoc
1138 2103 1285 2144 loquendi
1308 2114 1417 2144 genus,
1432 2115 1486 2145 pro
1501 2106 1572 2143 quiri
1589 2106 1629 2134 lu-

970 2160 1089 2193 quecur,
1119 2153 1287 2183 illustravit
1315 2152 1402 2184 Guil.
1433 2154 1563 2184 Cantor.
1594 2154 1627 2184 ii.

971 2204 1053 2233 Nov.
1075 2204 1162 2233 Lect.
1187 2213 1257 2244 cap.
1285 2204 1316 2233 2.
1343 2208 1375 2233 ut
1399 2209 1482 2233 recte
1511 2204 1630 2234 notavit.

970 2252 1195 2282 Bersmannus.
1226 2250 1297 2282 vide
1327 2256 1358 2281 ct
1385 2250 1493 2281 Gifan.
1529 2252 1629 2282 ludio.

970 2302 1096 2331 Lucret.
1122 2300 1154 2330 iu
1177 2312 1291 2340 passion
1316 2308 1439 2331 vertere.
1462 2308 1492 2331 et
1515 2312 1569 2331 nos
1590 2302 1628 2332 ad

971 2349 1096 2380 Phaedr.
1117 2350 1139 2380 i.
1160 2351 1209 2380 15.
1234 2350 1306 2380 Non
1329 2350 1410 2380 male
1435 2350 1541 2385 etiam,
1559 2353 1630 2391 quid

970 2401 1006 2430 (Ie
1018 2411 1061 2429 me
1068 2405 1208 2439 poterunt
1218 2399 1326 2438 Sparta
1339 2400 1489 2430 Bernens.
1515 2402 1562 2430 Bw
1571 2413 1630 2431 nn.

1015 2450 1090 2479 211.
1110 2449 1227 2478 Priami
1240 2450 1311 2489 quid
1322 2451 1426 2479 sentiet
1440 2451 1538 2490 imma]
1559 2452 1629 2481 Sen-

973 2500 1027 2528 tiat
1045 2497 1158 2528 rectius
1173 2509 1226 2528 sex
1242 2498 1325 2528 libri.
1355 2498 1400 2528 At
1415 2499 1630 2530 Mentelianus

972 2558 1043 2578 cuin
1069 2547 1223 2589 excerptis
1246 2549 1377 2583 Douzae,
1401 2555 1528 2578 censeat.
1560 2549 1629 2579 vide

972 2597 1069 2638 Epist.
1084 2609 1114 2627 v.
1129 2609 1208 2627 vers.
1225 2599 1279 2629 95.
1326 2598 1444 2628 ΙΙΙ-ῖικε.

1013 2648 1088 2676 212.
1116 2647 1337 2687 Daralaniaqac
1358 2647 1481 2687 nurum]
1510 2648 1630 2677 Daida-

972 2695 1277 2737 nidosquemeliores.
1324 2696 1439 2727 Hums.
