1849 3198
239 166 280 197 28
641 162 850 194 BENTLEII
874 160 1244 194 EMENDATIONES.

243 253 306 283 472
655 249 774 292 inepte,
791 256 886 281 tuam.

245 306 308 336 475
658 302 937 345 proximaformae;

246 359 310 389 476
615 357 729 393 littero,
746 367 859 388 nomen
874 355 975 388 idem:

246 414 309 444 478
615 413 721 442 sentiet
737 410 790 442 ille
807 421 922 442 meum.

245 467 310 498 479
658 471 789 500 excusat,
806 463 922 494 Achivi
935 476 944 502 ;

248 521 308 550 481
616 528 740 550 mecum
757 519 887 548 dormiat
901 516 970 554 illa,

247 574 311 603 484
658 572 779 611 repulsa
795 571 888 601 ῐιονὲι.

246 627 310 657 486
657 626 830 655 detiniutur
845 634 943 654 amor.

247 681 310 711 487
572 684 667 715 artes,
685 685 718 709 tu
735 678 860 720 perlege
878 682 1009 708 nostras.

247 734 312 765 492
336 733 489 776 Frigidior
503 735 627 765 dominae

247 787 311 818 495
659 786 843 827 abrumpere
849 787 1010 826 flammas.-

248 840 313 871 496
571 845 637 870 tam
653 838 717 870 sera
719 841 809 879 jussa
825 839 898 870 mei.

247 895 308 925 501
660 894 822 924 simularat
837 904 943 925 amare
956 905 965 932 ;

247 948 312 979 506
569 947 669 989 janua
684 946 810 986 clausa3
826 947 926 989 feres.

249 1001 312 1032 507
572 1000 696 1042 necfuc
712 1000 854 1032 convicia
868 1001 961 1044 posti,

248 1055 312 1085 513
334 1053 379 1084 Te
395 1053 624 1096 quoquefallet
640 1065 734 1091 amor,

249 1108 314 1139 514
339 1108 512 1148 Propositus
527 1107 632 1138 fraenis

249 1162 312 1193 517
337 1162 389 1193 Ne
406 1164 459 1193 tibi
475 1168 539 1193 tam
555 1162 690 1204 placeat,
706 1163 783 1202 quod

249 1217 312 1247 518
617 1215 710 1247 cedat
725 1221 760 1246 ut
775 1218 840 1256 ipsa
855 1216 928 1247 tuis.

249 1270 311 1300 521
616 1271 640 1300 si
657 1281 715 1300 nou
728 1270 878 1310 patientia
893 1269 993 1308 desit5

250 1324 314 1354 522
340 1324 486 1354 Protinus
499 1334 531 1354 ex
549 1322 633 1354 facili

250 1377 314 1407 523
619 1386 690 1407 mea
704 1386 779 1407 sceva
794 1378 926 1407 vocare?

249 1431 312 1461 525
513 1454 518 1457 »
661 1430 845 1460 variabimus
860 1435 953 1461 artes,

251 1484 316 1514 530
663 1482 745 1513 colla
760 1488 839 1513 tenet
847 1494 858 1520 ,-

251 1538 313 1567 531
515 1562 529 1576 ,ἧ
575 1536 710 1578 referent
726 1542 780 1568 tua
795 1538 926 1568 carbasa
940 1537 1024 1568 venti
1037 1549 1043 1567 ε

252 1591 315 1621 532
618 1590 678 1621 hac
695 1590 753 1621 tibi
768 1592 853 1621 navis
867 1596 928 1622 eat.

251 1644 316 1674 542
619 1654 681 1674 non
698 1645 768 1675 libet
783 1644 843 1676 isse
860 1644 964 1676 domo.

251 1698 316 1728 545
663 1699 818 1729 subtrahet
833 1698 941 1737 illam3

250 1750 314 1781 546
662 1757 746 1783 tutus
763 1752 832 1783 erit.

252 1803 315 1834 560
339 1802 496 1834 Omnibus
512 1804 564 1833 iile
579 1803 668 1834 Deus

252 1857 315 1887 563
340 1856 399 1887 Cui
415 1861 503 1898 pater
518 1862 565 1888 est
580 1856 708 1894 durusb,
726 1865 761 1889 ut
778 1865 843 1890 voto
859 1863 965 1890 cetera
979 1859 1105 1896 cedant,
1126 1859 1179 1900 [T.
1196 1859 1251 1900 C.]

252 1910 316 1941 566
340 1911 477 1942 Uxorem
490 1917 555 1941 voto

253 1963 316 1994 568
576 1975 616 1995 ne
631 1971 700 1996 usta
716 1966 756 1997 sit
770 1978 830 1997 uva
844 1966 930 1998 time.

253 2017 317 2048 574
662 2022 836 2052 sustinuisse
851 2021 924 2052 tuis.

253 2071 313 2101 581
343 2069 423 2101 Nam
438 2070 492 2101 tibi
511 2072 638 2103 secretis

251 2124 315 2154 588
618 2124 731 2157 flebilis
745 2128 822 2157 adde
837 2131 917 2157 tuos.

251 2177 314 2207 589
336 2177 464 2218 Semper
479 2177 560 2209 habe
576 2178 733 2220 Pyladen,
747 2181 875 2220 aliquem
890 2182 940 2220 qui
956 2187 1040 2212 curet
1057 2181 1203 2212 Oresten.

252 2229 315 2260 593
340 2230 423 2267 Ibat,
440 2235 474 2261 ut
492 2231 586 2262 Εοηίο
601 2233 752 2263 celebrans

254 2283 318 2313 596
611 2285 697 2326 fessa
707 2286 836 2327 jacebat
850 2285 956 2318 humo.

251 2335 314 2365 598
621 2339 713 2370 verba
731 2340 875 2380 loquentis
889 2345 989 2371 erant.

252 2388 315 2418 600
341 2389 410 2422 Qua
426 2388 497 2420 tulit

252 2440 313 2471 601
663 2446 786 2481 viderit,
804 2444 923 2486 inquit:

251 2494 315 2524 604
619 2497 659 2528 ad
675 2508 731 2529 sua
745 2499 834 2529 verba
849 2499 952 2531 refert.

251 2547 315 2578 606
339 2548 519 2589 Nonflesset

250 2600 312 2630 607
657 2610 778 2636 secreta
795 2607 905 2642 timeto,

650 2709 662 2728 ¹¹
685 2710 736 2741 Sic
753 2711 783 2742 in
801 2713 992 2755 autographo
1009 2714 1204 2746 Bentleiano.
