1849 3198
204 224 291 268 122

593 219 645 261 P.
677 215 890 268 OVIDII
923 215 1201 259 NASONIS

210 340 311 389 Sed
337 337 457 402 quid
482 351 574 398 ego
599 335 704 381 haec
729 331 918 380 refero?
954 332 1187 380 scribenti
1212 332 1384 380 nuntia
1405 331 1540 380 venit

275 416 444 471 Fama,
469 414 627 461 virum
650 410 830 458 tunicae
855 410 971 457 tabe
994 410 1153 474 perire
1178 426 1317 458 meae.

210 492 306 541 Hei
331 491 476 539 mihi!
504 489 623 553 quid
647 487 774 535 feci?
801 502 899 549 quo
923 502 1003 533 me
1027 485 1158 534 furor
1182 488 1284 550 egit
1307 486 1584 534 amantem?

278 570 438 634 Impia
461 568 582 632 quid
606 566 802 613 dubitas
829 563 1063 611 Deianira
1084 564 1242 612 mori?

212 801 274 833 lius
300 800 428 832 fortasse
454 797 486 829 in
513 795 671 827 nonnullis
696 794 869 836 tetg'fhroqae

212 862 333 883 veneno.
360 850 572 880 NAUGERIUS.
618 845 807 887 Letiferoque
821 854 868 873 ve-

213 912 289 932 neno
312 909 433 942 prorsus
460 896 629 938 legendum
657 904 694 924 ex
721 897 869 935 spectatae

214 948 362 981 bonitatis
390 945 632 988 exemplaribus.
678 943 729 973 De
758 943 870 977 Nesso,

216 998 364 1034 Hercule,
375 1003 407 1028 et
416 994 572 1027 Deianira
585 993 629 1025 sic
645 992 788 1034 Hyginus
802 1001 872 1033 cap·

216 1047 322 1080 xxxiv.
356 1046 464 1077 Nessus
478 1044 590 1075 Isionis
614 1049 642 1073 et
658 1042 756 1072 Nubis
770 1042 872 1081 filias,

220 1098 400 1132 Centaurus,
415 1100 538 1135 rogatus
555 1094 592 1123 ab
608 1092 770 1125 Deianira,
786 1096 822 1120 rat
845 1101 873 1120 se

208 1148 329 1190 flumen
347 1145 480 1175 Evenum
495 1142 685 1184 transferret,
701 1151 788 1181 qaam
806 1141 871 1170 sub-

220 1198 323 1231 latam,
341 1196 371 1224 in
386 1194 517 1235 flamine
539 1193 601 1231 ipso
622 1192 733 1221 violare
757 1190 872 1219 voluit.-

221 1246 287 1276 Hoc
300 1244 446 1274 Hercules
457 1240 746 1274 cumintervenz'sset,
757 1244 785 1268 et
797 1238 874 1268 De'i-

220 1295 310 1325 anira
324 1292 492 1332 cumfidem
509 1292 572 1330 ejus
586 1289 778 1329 implorasset,
801 1286 875 1317 Nes-

221 1355 285 1375 sum
319 1342 437 1383 sagittis
472 1339 605 1380 confixit.
659 1337 718 1368 Ille
752 1338 878 1367 moriens

221 1405 289 1424 cum
303 1393 392 1422 sciret
400 1391 523 1432 sagittas
535 1388 650 1429 Hydrae
662 1386 878 1428 Lernoeoefelle

223 1444 331 1474 tinctas
353 1446 496 1481 quantam
519 1440 578 1469 vim
599 1439 739 1468 haberent
762 1437 878 1472 veneni,

221 1492 397 1532 sanguinem
422 1499 509 1519 snum
544 1492 695 1526 exceptum
725 1485 880 1516 Deianira>

223 1542 316 1576 dedit,
332 1546 359 1570 et
374 1540 407 1569 ict
418 1539 567 1578 philtrum
582 1547 638 1567 esse
649 1537 737 1571 dimit,
752 1536 777 1565 si
794 1535 881 1565 vellet

223 1601 262 1621 ne
272 1601 300 1620 se
310 1590 418 1628 conjux
432 1593 590 1628 sperneret,
606 1597 636 1616 eo
641 1586 765 1625 juberet
777 1590 881 1615 vestem

224 1642 288 1680 ejus
314 1639 458 1679 perungi.
504 1636 542 1666 Id
572 1636 726 1666 Deianira
749 1635 880 1669 credens,

224 1690 377 1720 conditam
401 1688 562 1727 diligenter
585 1685 724 1714 servavit.
762 1682 881 1713 Crom-

226 1749 300 1768 Νυε.
337 1735 421 1766 Illud
439 1737 464 1765 υἱ
481 1745 500 1765 a
512 1732 733 1764 correctoribus
747 1736 804 1762 est.
828 1741 881 1771 pro

227 1797 288 1829 quo
304 1785 374 1816 libri
390 1794 496 1814 omnes
511 1781 630 1823 antiqui
645 1783 678 1811 in
701 1785 882 1821 agnoscunt.

226 1836 281 1868 sed
297 1840 328 1866 et
340 1833 506 1864 ridiculum
521 1831 714 1873 Lernfferum
726 1841 881 1860 venenum.

228 1895 323 1927 quare
338 1883 420 1914 enim
436 1882 592 1911 Lernoeum
614 1890 675 1910 non
695 1878 796 1909 dixit?
820 1878 884 1908 Mi-

228 1945 276 1965 ror
289 1933 490 1973 Scaligerum,
503 1929 699 1964 Salmasium,
712 1928 790 1958 alios
805 1927 886 1957 viros

229 1983 379 2018 eruditos,
389 1991 451 2012 non
464 1980 577 2011 vidisse
593 1989 696 2010 veram
708 1976 885 2012 lectionem,

229 2043 299 2074 quae
314 2029 441 2060 minima
455 2027 625 2059 mutatione
648 2032 696 2057 est
717 2027 748 2057 in
763 2036 886 2067 promp-

230 2087 276 2118 tu,
293 2080 318 2111 si
334 2079 466 2110 scribas:

274 2128 400 2169 Semifer
414 2128 551 2158 occubuit
565 2126 597 2155 in
614 2123 751 2166 lethifero
769 2122 867 2153 Eveno

321 2177 441 2207 Nessus.

232 2226 359 2268 Semifer
385 2224 478 2260 enim,
508 2222 591 2264 quod
618 2226 664 2252 est
690 2220 722 2251 in
759 2225 890 2262 quatuor

232 2274 364 2316 scriptiS,
402 2277 527 2315 praestat
563 2272 715 2301 Semiviro.
750 2270 891 2311 quamvis

234 2323 382 2355 Barthius
406 2327 492 2353 vasto
517 2320 548 2350 in
572 2320 781 2350 Claudianum
806 2329 889 2349 com-

234 2372 387 2404 mentario
402 2382 473 2413 pag.
488 2371 561 2401 500.
577 2374 608 2399 et
625 2369 697 2399 827.
714 2370 751 2399 τὺ
767 2368 892 2409 Semifer

235 2423 324 2454 Latio
348 2419 575 2453 exturbandum
596 2424 702 2449 censet
725 2428 795 2448 cum
810 2418 891 2448 Jano

236 2473 358 2504 Douza.
382 2471 431 2501 De
448 2470 553 2500 Eveno
568 2468 751 2499 confirmant
760 2478 892 2508 sequen-

236 2522 291 2557 tia,
314 2527 341 2551 et
366 2519 473 2561 infecit
498 2519 619 2559 sanguis
639 2518 762 2557 equinas
788 2527 891 2556 aquas.

239 2569 306 2601 Etsi
321 2568 373 2600 alii
389 2569 522 2598 Nessum
545 2567 576 2596 in
599 2567 706 2596 Eveno
725 2576 785 2595 non
800 2576 893 2596 occu-

237 2618 341 2650 buisse
364 2616 481 2651 dicant,
496 2615 550 2646 sed
565 2615 761 2646 vulneratum
781 2614 894 2644 solum-

239 2668 331 2699 modo
358 2665 451 2697 fuisse
465 2677 472 2702 3
497 2674 574 2706 quos
602 2663 680 2693 inter
715 2668 747 2693 et
782 2663 896 2693 Noster

241 2717 322 2748 Met.
344 2714 387 2746 ix.
412 2719 443 2744 et
465 2713 497 2744 in
520 2712 693 2743 Trachiniis
717 2712 896 2754 Sophocles.

241 2764 354 2797 Vibius
378 2763 553 2805 sequester,
572 2762 687 2793 Evenus
712 2760 895 2802 Calydonia,

1496 565 1586 610 146

935 793 986 822 ubi
1003 792 1148 823 Hercules
1170 795 1287 835 sagittis
1311 793 1434 824 Nessum
1457 793 1590 824 Centau-

935 853 1004 871 rum
1018 842 1183 883 interfecit.
1230 843 1373 873 Lucanus
1385 842 1426 872 vi.
1440 843 1513 873 366.

982 892 1023 921 Et
1043 892 1242 933 Meleagream
1264 893 1433 922 maculatas
1447 893 1594 934 sanguine

1025 941 1110 971 Nessi

982 989 1096 1020 Euenos
1114 990 1269 1030 Calydona
1284 996 1373 1021 secut.

939 1039 1105 1070 Neminem
1121 1046 1224 1070 autem
1235 1040 1355 1081 poesios
1366 1045 1525 1080 utcunque
1540 1049 1594 1080 pe-

939 1088 1032 1119 ritum
1061 1089 1163 1120 hiatus
1198 1090 1334 1120 offendat
1365 1090 1423 1120 iste
1460 1088 1597 1130 lethifero

942 1138 1052 1175 Eueno,
1069 1139 1121 1180 qui
1134 1139 1307 1169 meminerit
1322 1139 1450 1169 istorum
1460 1137 1596 1179 Virgilii,

941 1187 1026 1217 Ionio
1041 1189 1071 1218 in
1088 1199 1205 1229 magno.
1231 1192 1262 1217 et
1277 1187 1435 1217 similium.
1480 1187 1596 1216 Noster

942 1236 1000 1268 hac
1023 1237 1091 1278 ipsa
1106 1236 1246 1279 epistola,
1262 1239 1292 1266 in
1309 1235 1500 1278 cupressifero
1517 1235 1597 1276 Ery-

942 1288 1074 1317 mantho.
1099 1292 1140 1323 et,
1156 1288 1255 1317 insani
1268 1287 1391 1316 Atcidae.
1414 1285 1526 1326 quibus
1537 1284 1597 1315 ful-

943 1336 1061 1367 ciendis
1075 1337 1118 1368 Τὸ
1134 1348 1188 1376 qae
1203 1336 1404 1366 inculcabant
1415 1335 1597 1376 plerumque

944 1385 1046 1416 insciti
1076 1385 1213 1423 librarii;
1250 1390 1284 1415 ut
1318 1384 1351 1415 in
1379 1382 1600 1424 antiquissimis

945 1434 1039 1465 etiam
1052 1434 1175 1475 Virgilii
1191 1433 1418 1475 exemplaribus
1433 1438 1479 1464 est
1489 1433 1598 1474 depre-

946 1483 1092 1515 hendere.
1107 1482 1150 1514 sic
1167 1482 1250 1525 apud
1266 1481 1375 1512 Silium
1387 1492 1510 1523 quoque
1526 1491 1600 1523 pec-

946 1538 1051 1563 catum
1067 1532 1123 1563 lib.
1137 1532 1178 1563 iv.
1194 1543 1225 1563 v.
1243 1533 1316 1563 225.
1351 1531 1404 1561 ubi
1420 1532 1601 1561 Am'enz'colae

950 1582 1057 1611 Catilli
1073 1592 1111 1612 ex
1126 1580 1250 1621 Virgilii
1266 1585 1297 1610 et
1312 1579 1424 1611 veteris
1441 1579 1512 1610 libri
1527 1590 1600 1610 auc-

948 1631 1069 1661 toritate
1081 1636 1127 1661 est
1142 1629 1364 1671 reponendum.
1399 1628 1461 1660 Sed
1474 1639 1602 1660 manum

948 1680 987 1711 de
1000 1680 1118 1711 tabula.
1161 1680 1279 1710 mes.

994 1729 1065 1759 144.
1084 1729 1188 1759 Virum
1203 1730 1310 1758 tunicae
1325 1729 1387 1758 labe
1396 1729 1495 1766 perire
1508 1725 1602 1766 mett-J

952 1777 1028 1808 Tabe
1054 1783 1136 1808 recte
1165 1776 1298 1807 restituit
1326 1775 1484 1807 Heinsius
1520 1775 1604 1806 idem

950 1827 1070 1857 Seneca
1083 1826 1177 1857 Herc.
1192 1826 1284 1856 OEtae.
1298 1826 1372 1856 520.

997 1877 1158 1916 Tabemqae
1177 1876 1308 1916 fluentis
1335 1876 1467 1905 vulneris
1502 1875 1606 1904 deatra

1036 1927 1155 1965 excipit.

951 1976 992 2006 Et
1009 1975 1054 2006 ita
1064 1975 1178 2017 passim
1193 1975 1309 2005 Poe'tae.

998 2026 1068 2055 145.
1087 2025 1152 2058 Quo
1167 2022 1338 2064 mefaroru]
1363 2021 1483 2063 Regius
1497 2019 1607 2055 codex,

953 2075 1018 2114 qais
1044 2085 1088 2104 me
1102 2074 1209 2115 furor,
1239 2071 1413 2112 elegantius
1441 2070 1550 2106 multo,
1575 2074 1610 2101 ut

954 2128 1039 2164 puto.
1085 2121 1248 2152 Petronius
1262 2131 1331 2161 cap.
1347 2120 1418 2150 108.

1000 2171 1188 2212 Qaisfaror,
1203 2171 1357 2205 eoectamat,
1370 2179 1472 2208 pacem
1491 2177 1609 2197 conver—

1042 2221 1079 2249 tit
1095 2221 1127 2249 in
1144 2219 1250 2249 amna?

957 2270 1068 2300 Noster
1083 2279 1114 2299 v.
1130 2268 1209 2298 Met.
1229 2268 1278 2297 13.

1044 2318 1116 2352 (211OE
1134 2323 1170 2353 te,
1183 2315 1502 2358 germane,farensem

1003 2367 1088 2397 Mens
1104 2368 1166 2407 agit
1182 2365 1373 2407 insanimus?

959 2416 1021 2448 Ubi
1044 2416 1124 2446 male
1147 2420 1178 2445 et
1203 2414 1307 2445 invitis
1329 2410 1515 2444 membranis
1537 2411 1613 2450 quod

958 2466 1035 2507 legit
1062 2464 1220 2496 Heinsius.
1286 2464 1315 2494 V
1318 2462 1398 2504 irgil.
1428 2462 1469 2492 iv.
1498 2460 1613 2499 Georg.

960 2516 1033 2546 495.

1089 2563 1163 2597 Quis
1178 2559 1402 2602 tantusfaror?

962 2614 1052 2645 Vers.
1064 2613 1137 2643 670.

1091 2659 1266 2702 Qttisjiewrm·
1280 2660 1332 2689 z's‘te
1347 2656 1456 2687 novus?

963 2712 1002 2742 Et
1014 2710 1058 2742 ita
1071 2710 1136 2742 alii.
1180 2710 1294 2739 ssunm.
