1849 3198
499 197 687 239 ARTIS
719 196 1076 239 AMATORIAE
1109 198 1229 240 LIB.
1263 199 1300 240 Ι.
1519 203 1605 245 463

215 310 405 357 Fortior
429 312 478 358 in
504 312 664 368 nobis,
693 327 784 359 nec
810 319 912 358 tam
936 311 1120 359 furiosa
1142 314 1312 361 libido.

279 386 580 451 Legitimum
605 389 754 435 finem
778 389 979 435 flamma
1002 390 1152 436 virilis
1178 390 1346 438 habet.

214 463 433 527 Byblida
457 466 578 527 quid
604 465 827 520 referam,
854 466 1007 512 vetito
1033 482 1143 528 quae
1168 466 1330 514 fratris
1357 485 1523 517 amore

279 540 444 598 Arsit3,
461 570 463 573 v
479 549 529 588 et
552 549 629 588 est
652 542 832 605 laqueo
857 541 1046 589 fortiter
1071 544 1175 590 ulta
1198 545 1366 592 nefas?

214 616 423 680 Myrrha
447 625 655 681 patrem,
683 619 772 666 sed
798 635 895 665 non
922 635 1022 681 quo
1048 619 1150 666 filia
1173 621 1340 677 debet,
1367 625 1573 670 amavit:

280 693 346 740 Et
370 710 500 741 nunc
526 695 743 742 obducto
768 695 953 742 cortice
978 711 1152 758 pressa
1174 697 1313 745 latet.
1506 705 1603 748 286

215 770 353 817 Illius
379 779 430 819 et
452 772 683 828 lacrimis,
712 788 839 836 quas
865 773 1038 820 arbore
1063 772 1225 821 fundit
1249 775 1419 831 odora,

280 847 584 910 Unguimur;
624 855 674 895 et
698 849 910 895 dominae
935 849 1136 896 nomina
1161 858 1302 911 gutta
1325 859 1478 900 tenet.

214 924 360 971 Forte
386 926 478 971 sub
504 925 749 972 umbrosis
776 941 1048 971 nemorosae
1073 926 1283 973 vallibus
1311 927 1415 975 Idae

281 1001 556 1058 Candidus,
579 1002 785 1049 armenti
813 1003 983 1064 gloria,
1011 1009 1180 1049 taurus
1207 1011 1334 1061 erat;
1507 1011 1605 1055 290

216 1078 452 1140 Signatus
477 1080 613 1126 tenui
639 1080 805 1126 media
829 1080 956 1127 inter
980 1096 1164 1127 cornua
1189 1081 1346 1143 nigro.

282 1155 398 1202 Una
421 1155 512 1203 fuit
535 1157 698 1210 labes;
739 1164 906 1204 cetera
929 1158 1072 1204 lactis
1098 1167 1254 1206 erant.

214 1232 362 1279 Illum
390 1233 771 1297 Gnosiadesque
799 1235 1158 1298 Cydoneaeque
1177 1237 1404 1298 juvencae

282 1308 534 1373 Optarunt
557 1318 696 1373 tergo
723 1311 1018 1358 sustinuisse
1044 1328 1148 1358 suo.

218 1386 466 1450 Pasiphae
486 1388 590 1435 fieri
617 1389 868 1450 gaudebat
892 1389 1117 1435 adultera
1140 1390 1290 1437 tauri:
1508 1396 1604 1440 295

283 1463 458 1511 Invida
480 1464 719 1511 formosas
746 1465 920 1512 oderat
944 1465 1026 1512 illa
1046 1466 1215 1513 boves.

216 1540 350 1588 Nota
373 1557 515 1588 cano.
544 1558 642 1588 non
663 1542 773 1596 hoe,
802 1548 1004 1588 centum
1030 1557 1142 1604 quae
1169 1543 1380 1590 sustinet
1404 1545 1569 1602 urbes,

282 1618 520 1672 Quamvis
547 1619 610 1666 sit
634 1619 868 1675 mendax,
898 1619 1053 1666 Creta
1077 1635 1258 1682 negare
1280 1628 1461 1683 potest.

216 1695 334 1759 Ipsa
358 1712 508 1743 novas
533 1695 748 1750 frondea
776 1703 826 1742 et
850 1703 993 1759 prata
1015 1697 1296 1753 tenerrima,
1324 1705 1463 1745 tauro

281 1772 459 1819 Fertur
484 1773 746 1819 inadsueta
774 1773 1091 1820 subsecuisse
1116 1789 1281 1820 manu.
1507 1780 1604 1822 300

216 1849 263 1896 It
287 1865 453 1896 comes
480 1850 737 1905 armentis3
778 1866 869 1896 nec
895 1850 1073 1897 ituram
1100 1866 1218 1896 cura
1242 1859 1459 1898 moratur

284 1927 525 1989 Conjugis
540 1931 574 1975 vs
590 1935 640 1974 et
665 1926 831 1974 Minos
858 1943 887 1974 a
911 1928 1034 1974 bove
1059 1927 1219 1973 victus
1244 1935 1364 1974 erat.

217 2005 329 2059 Quo
353 2004 460 2059 tibi,
489 2003 753 2068 Pasiphae,
782 2005 1023 2068 pretiosas
1050 2020 1243 2051 sumere
1267 2006 1458 2051 vestes?

283 2082 386 2128 Iste
410 2089 525 2129 tuus
551 2083 710 2129 nullas
737 2082 887 2129 sentit
913 2082 1106 2129 adulter
1131 2097 1269 2144 opes.

216 2159 348 2213 Quid
374 2159 464 2206 tibi
490 2176 602 2206 cum
629 2160 833 2223 speculo
859 2167 1093 2206 montana
1117 2166 1338 2205 armenta
1363 2159 1582 2221 petenti?

283 2235 415 2289 Quid
440 2236 586 2283 toties
611 2237 798 2300 positas
823 2236 984 2298 fingis,
1012 2236 1196 2298 inepta,
1223 2236 1420 2282 eomas?
1506 2239 1602 2283 306

217 2313 379 2360 Crede
396 2321 563 2360 tamen
580 2314 798 2377 speculo,
818 2314 950 2376 quod
967 2320 1016 2360 te
1032 2320 1181 2374 negat
1197 2313 1600 2375 essejuvencam.

285 2389 448 2444 Quam
474 2406 683 2454 cuperes
709 2390 854 2436 fronti
880 2406 1064 2436 cornua
1089 2396 1205 2436 nata
1227 2389 1346 2435 tuae!

261 2505 335 2534 284.
372 2505 475 2540 Arsi1‚·
510 2511 536 2534 et
563 2511 602 2535 est
627 2505 727 2544 laqueo
748 2503 878 2545 jbrtiter
947 2510 1026 2534 tasa
1042 2503 1162 2533 Graecis
1178 2509 1311 2543 sumpta,
1325 2501 1407 2543 apud
1431 2512 1508 2542 quos
1529 2502 1605 2532 'l'ra-

217 2555 285 2584 ulta
316 2554 399 2596 rufus
412 2554 441 2594 7]
482 2554 572 2584 Hanc
598 2554 735 2584 fabulam
766 2559 879 2584 tractat
947 2552 1019 2593 mci,
1036 2558 1069 2582 ut
1089 2553 1239 2592 cujusque
1264 2556 1444 2591 argumento
1467 2562 1603 2581 commo-

218 2603 300 2633 idem
331 2603 434 2644 poi—ita,
465 2603 521 2633 lib.
562 2603 602 2633 ix.
638 2603 771 2633 Metam.
818 2602 877 2632 Sed
948 2601 1084 2635 (lissima,
1125 2600 1181 2630 hoc
1226 2607 1279 2630 ant
1322 2599 1399 2629 illud
1443 2600 1604 2640 affingunt.

218 2652 288 2683 vide
318 2652 528 2683 diversitatem
559 2652 774 2682 traditionum:
814 2651 876 2681 illit·
948 2651 1072 2679 Mww„

218 2700 382 2731 ‹lelicnisse
400 2700 561 2731 insontem
585 2701 740 2736 dici1,}=ic
766 2701 877 2741 laqueo
989 2700 1064 2728 2923.
1107 2699 1279 2732 (itu-siurim,
1333 2698 1602 2737 fjnluniadesqnmj

219 2750 319 2780 {inisse
338 2749 431 2780 vitam
459 2749 626 2790 Byblidcn.
674 2752 752 2786 Qua·
780 2748 875 2779 varie-
951 2748 990 2777 Ex
1009 2747 1128 2777 duabus
1146 2746 1245 2776 (Helm
1264 2746 1400 2776 urbibus
1450 2746 1539 2776 Γιυι.
