1849 3198
630 199 972 243 HEROIDES.
1006 200 1098 242 ΕΡ.
1133 200 1269 243 XVI.

1557 203 1642 243 205

258 318 456 366 Interea
480 317 668 381 (credo,
693 316 847 364 versis
874 316 936 363 ad
960 332 1200 380 prospera
1222 315 1359 379 fatis)

324 395 513 458 Regius
539 409 781 457 agnoscor
804 409 894 456 per
917 400 1023 440 rata
1047 393 1189 455 signa
1212 409 1351 456 puer.
1578 397 1642 441 90

260 472 396 519 Laeta
419 473 610 527 domus,
639 478 753 518 nato
772 487 860 535 per
885 478 1109 535 tempora
1133 472 1281 533 longa
1304 479 1522 535 receptO,

324 549 478 596 Addit
503 556 553 596 et
577 548 639 595 ad
664 547 817 595 festos
843 549 973 595 hunc
1001 563 1203 611 quoque
1228 547 1377 611 Troja
1400 549 1548 595 diem.

262 625 431 689 thue
456 642 549 689 ego
573 632 622 672 te
648 625 811 688 cupio,
839 625 910 672 sie
935 641 1015 672 me
1040 624 1241 688 cupiere
1266 626 1472 688 puellae3

325 702 598 750 Multarum
622 709 791 749 votum
817 703 922 749 sola
945 709 1114 750 tenere
1139 709 1300 766 potes,

260 778 306 825 N
313 796 368 827 ec
393 786 585 827 tantum
611 795 783 841 regum
809 787 937 826 natae
963 780 1151 844 petiere
1176 780 1478 842 ducumque,
1579 783 1641 827 95

328 856 428 903 Sed
456 856 705 920 Nymphis
732 856 881 904 etiam
907 873 1127 920 curaque
1152 873 1390 920 amorque
1414 856 1501 903 fui.

261 932 327 981 At
351 934 471 980 mihi
497 942 787 981 cunctarum
813 936 1030 982 subeunt
1053 934 1265 991 fastidia,
1293 941 1560 998 postquam

328 1011 562 1074 Conjugii
588 1028 702 1076 spes
729 1020 821 1068 est,
848 1013 1084 1076 Tyndari,
1111 1012 1243 1060 facta
1266 1012 1354 1059 tui.

259 1088 330 1136 Te
354 1089 561 1151 vigilans
588 1091 760 1146 oculis,
789 1091 951 1138 animo
976 1098 1026 1138 te
1051 1098 1197 1138 nocte
1221 1091 1478 1147 videba1n3

327 1165 536 1213 Lumina
560 1183 674 1213 cum
700 1168 897 1231 placido
922 1168 1053 1214 victa
1078 1183 1255 1230 sopore
1275 1169 1462 1230 jacent.

1554 1170 1644 1214 100

261 1242 394 1297 Quid
419 1244 570 1291 facies
596 1261 834 1308 praesens,
863 1261 973 1308 quae
1001 1245 1221 1291 nondum
1244 1245 1349 1291 visa
1373 1245 1606 1308 placebas
1627 1245 1644 1291 ἶ)

327 1321 595 1377 Ardebam,
625 1322 850 1384 quamvis
876 1322 989 1368 hine
1016 1322 1187 1385 procul
1213 1321 1340 1383 ignis
1366 1329 1487 1368 erat.

263 1398 370 1447 Nec
397 1400 537 1463 potui
562 1400 745 1448 debere
771 1400 890 1447 mihi
917 1416 1057 1464 spem
1083 1399 1278 1462 longius
1305 1399 1466 1454 istam,

329 1477 556 1525 Caerulea
582 1485 803 1541 peterem
830 1478 951 1541 quin
977 1495 1087 1526 mea
1110 1485 1223 1524 vota
1246 1477 1339 1524 vizi.

302 1616 354 1646 91.
380 1615 441 1645 Per
456 1622 585 1656 tempora
607 1617 725 1658 longa]
758 1617 828 1653 Pro,
852 1623 919 1658 post

258 1670 399 1706 tempora
414 1665 519 1707 longa.
568 1666 638 1702 Per,
654 1677 708 1708 pro
724 1671 803 1707 post,
819 1666 920 1707 posita

259 1714 401 1745 abusive.
426 1715 616 1747 Micx’LLvs.
662 1717 756 1757 Lege,
771 1722 833 1755 post
849 1722 920 1746 tem-

257 1774 331 1803 pora
361 1765 450 1805 longa
478 1771 604 1805 recepto.
643 1765 817 1796 Hfflxsms.
870 1766 920 1797 Ita

259 1819 291 1843 et
317 1813 427 1844 Douza
450 1819 481 1844 et
502 1814 671 1845 Francius:
695 1814 750 1845 sed
773 1826 827 1854 per
850 1821 920 1845 tem-

259 1873 331 1901 pora
354 1868 450 1894 recte.
476 1863 540 1894 vid.
566 1864 605 1894 ad
630 1863 780 1905 Append.
808 1864 920 1895 Fabul.

262 1911 385 1942 Phaedr.
404 1913 455 1942 17.
480 1923 550 1953 quae
567 1913 754 1943 notavimus.
802 1914 920 1944 Duum.

304 1961 359 1991 92.
385 1962 481 1991 Addit
503 1967 531 1991 et
556 1964 595 1992 ad
609 1961 736 2003 festos]
770 1961 838 1992 Hoc
863 1968 921 1999 est,

261 2020 395 2051 eumque
409 2009 492 2040 diem
509 2021 569 2051 quo
585 2010 708 2051 agnitus
724 2009 778 2046 fui,
793 2021 847 2051 pro
863 2010 921 2041 fes-

262 2066 293 2090 to
308 2060 480 2091 celebrant.
506 2061 696 2091 Mch'LLt's.
743 2061 869 2091 Addidit
884 2064 923 2092 ad

263 2120 368 2151 margo
383 2110 510 2151 Micyll.
527 2116 558 2140 et
580 2111 700 2141 Bersm.
714 2110 814 2151 festas
829 2110 922 2141 Pala-

262 2158 319 2190 tin.
348 2165 380 2189 et
407 2164 482 2189 tunc
511 2160 586 2189 hanc
623 2159 789 2200 legendum
827 2165 921 2190 esset.

263 2208 401 2249 Elegans
416 2218 488 2238 vero
498 2208 613 2239 locutio
624 2210 733 2239 addere
744 2210 794 2244 ad,
813 2219 876 2250 qua
891 2214 923 2239 et

263 2267 337 2288 usus
360 2257 488 2287 Sueton.
511 2257 594 2287 Coes.
621 2258 676 2288 24.
710 2258 757 2287 Ad
786 2258 921 2299 legiones,

262 2317 334 2347 quas
350 2319 368 2337 a
385 2306 501 2346 Repub.
518 2313 683 2347 acceperat,
698 2308 773 2336 alias
793 2308 925 2338 addidit.

264 2355 370 2396 Calig.
386 2356 441 2386 40.
465 2356 668 2396 Additamque
680 2358 719 2386 ad
735 2362 822 2395 capul
838 2358 920 2397 Iegis.

265 2403 317 2435 ubi
335 2404 446 2435 frustra
459 2403 606 2436 Heinsius
620 2405 756 2440 volebat,
770 2406 923 2435 additum-

264 2465 319 2494 que
334 2454 365 2484 id
377 2455 480 2493 capiti.
508 2454 614 2484 Plaut.
632 2453 740 2485 Cistel.
757 2453 790 2484 ii.
809 2453 854 2484 iii.
872 2454 924 2484 45.

266 2502 342 2533 Suus
356 2504 396 2532 ad
410 2513 487 2533 meas
501 2504 630 2533 miserias
646 2505 745 2534 addet.
761 2508 792 2534 et
807 2502 851 2534 ita
867 2502 924 2533 fre-

266 2556 398 2593 quenter
420 2550 515 2582 etiam
529 2551 634 2583 Julius
648 2552 766 2583 Caesar.
783 2551 848 2582 vid.
865 2551 922 2581 lib.

266 2599 311 2630 iii.
327 2599 366 2631 de
382 2600 466 2631 Bell.
483 2599 579 2631 Civil.
601 2602 656 2632 49.
680 2607 712 2632 et
734 2601 787 2632 54.
813 2606 845 2631 et
869 2601 922 2630 72.

266 2655 297 2680 et
313 2649 398 2681 alibi.
444 2650 562 2681 Bunm.

309 2700 362 2730 96.
395 2699 453 2730 Sed
487 2700 633 2740 Nymphis
669 2702 758 2730 etiam
795 2711 925 2739 curaque

268 2748 495 2789 arum-questa]
515 2748 599 2779 Nam
614 2748 652 2779 ab
668 2748 788 2781 OEnone
804 2753 925 2779 amatus

988 1623 1044 1653 est,
1061 1617 1135 1647 dum
1149 1617 1180 1647 in
1193 1617 1287 1658 sylvis
1303 1622 1334 1646 et
1349 1615 1429 1646 inter
1442 1621 1579 1657 pastores
1591 1615 1646 1646 ad-

987 1667 1048 1698 hue
1064 1666 1203 1708 degeret.
1248 1665 1337 1696 Facit
1360 1672 1464 1696 autem
1487 1675 1649 1706 procorum

988 1727 1082 1752 more,
1099 1715 1152 1757 qui
1165 1715 1238 1746 dum
1249 1714 1391 1746 ambiunt
1402 1715 1534 1756 puellas,
1544 1714 1648 1745 omnia

988 1776 1044 1796 sua
1064 1765 1237 1808 praedicant
1260 1770 1290 1795 et
1314 1764 1481 1795 extollunt.
1528 1764 1578 1795 Ita
1597 1764 1647 1795 hic

990 1826 1113 1856 quoque
1128 1814 1290 1856 pluraliter
1312 1820 1398 1844 natas
1421 1816 1531 1843 ducum
1550 1820 1578 1844 et
1602 1825 1648 1844 re.

987 1875 1071 1905 gum,
1094 1869 1124 1893 et
1151 1864 1294 1903 nymphas
1316 1862 1469 1898 nominat,
1494 1873 1512 1893 a
1535 1862 1650 1903 quibus

990 1912 1146 1954 expetitus
1171 1911 1283 1942 fuerit:
1310 1922 1381 1941 cum
1411 1911 1489 1942 alias
1515 1912 1553 1942 de
1583 1912 1649 1943 sola

990 1962 1110 1991 OEnone
1127 1972 1164 1991 ex
1181 1960 1337 2002 nymphis,
1353 1965 1385 1991 et
1400 1960 1438 1990 de
1449 1960 1563 1991 Arisba
1578 1961 1649 1992 Me-

990 2010 1072 2052 ropis
1094 2010 1158 2041 filia
1181 2009 1304 2046 Lesbia,
1325 2010 1363 2040 de
1388 2020 1451 2051 qua
1473 2010 1651 2052 Stephanus

990 2060 1141 2096 meminit,
1156 2060 1289 2101 legatur.
1335 2060 1462 2090 Mrem..

1036 2111 1109 2140 102.
1136 2110 1296 2145 Ardebant,
1328 2111 1459 2149 quamvis
1484 2109 1554 2138 hinc
1580 2120 1649 2149 pro-

990 2159 1070 2200 cuI.]
1096 2159 1246 2196 Quamvis
1270 2158 1360 2200 ignis,
1379 2158 1435 2189 hoc
1456 2164 1503 2189 est
1528 2163 1560 2188 tu
1585 2158 1650 2189 Ile-

990 2208 1072 2244 lena,
1089 2219 1158 2249 quae
1183 2218 1231 2238 me
1247 2213 1396 2248 tanquam
1415 2206 1495 2248 ignis
1510 2206 1652 2238 incendis

991 2263 1085 2299 atque
1101 2257 1173 2293 uris,
1188 2257 1295 2299 procul
1311 2256 1383 2287 hinc
1401 2267 1419 2287 a
1434 2256 1571 2298 Phrygia
1592 2257 1648 2287 ab-

990 2312 1081 2343 esset,
1097 2312 1203 2337 tamen
1227 2306 1386 2341 ardebam,
1409 2305 1441 2335 id
1464 2310 1523 2340 est,
1547 2314 1650 2336 amore

992 2355 1034 2386 tui
1072 2356 1269 2397 flagrabram.
1315 2355 1505 2385 chrLLUS.
1570 2354 1651 2385 Puto

991 2406 1060 2435 hinc
1082 2407 1200 2444 procul,
1222 2405 1280 2435 hoe
1303 2410 1360 2440 est,
1376 2404 1482 2446 procul
1499 2414 1517 2434 a
1532 2414 1594 2434 me.
1619 2408 1651 2434 et

992 2464 1075 2490 eras,·
1100 2458 1135 2484 ut
1149 2464 1203 2494 per
1220 2453 1324 2494 ignem
1348 2453 1515 2489 Helenam,
1531 2463 1650 2483 amores

992 2513 1073 2540 suos,
1089 2502 1258 2544 intelligat.
1293 2502 1444 2544 Virgilius
1459 2502 1503 2534 iii.
1540 2502 1651 2543 Eclog.

1036 2601 1076 2631 At
1101 2602 1172 2630 mihi
1187 2611 1244 2631 sese
1257 2600 1344 2642 offert
1367 2601 1452 2631 ultro
1474 2611 1554 2630 meus
1572 2601 1652 2641 ignis

1079 2650 1236 2690 Amyntas.
1486 2649 1607 2679 Ilmxs.

1039 2699 1110 2730 103.
1148 2699 1212 2730 Nec
1237 2700 1321 2739 potui
1345 2699 1448 2729 debere
1475 2699 1548 2728 mihi
1574 2708 1651 2738 spem

995 2748 1112 2789 langius
1126 2748 1243 2790 istam]
1263 2748 1330 2780 Nec
1346 2747 1431 2790 potui
1445 2757 1533 2790 spem
1549 2747 1651 2782 istam,
