1849 3198
194 175 279 217 350

589 177 639 217 P.
664 175 879 217 OVIDII
914 177 1196 220 NASONIS

200 291 254 338 Si
280 291 428 339 faciet
452 292 609 347 tarde,
638 308 700 339 ne
725 299 774 339 te
799 308 937 339 mora
961 293 1111 356 longa
1134 292 1325 356 fatiget,

266 369 510 433 Imposita
533 370 722 432 gremio
749 378 955 418 stertere
981 370 1139 418 fronte
1164 379 1325 435 potes.

199 446 307 493 Nec
333 454 403 502 tu,
431 447 688 509 linigeram
709 447 814 494 fieri
841 447 960 509 quid
986 448 1145 511 possit
1169 448 1232 494 ad
1259 448 1379 504 Isin,

1529 453 1592 497 ἑξί

265 523 561 577 Quaesieris:
602 540 693 571 nec
719 532 773 571 tu
798 540 948 571 curva
972 525 1167 572 theatra
1190 526 1326 572 time.

199 602 447 648 Conscius
475 602 709 648 adsiduos
736 602 990 648 commissi
1015 603 1156 649 tollet
1181 603 1409 650 honores,

266 678 390 733 Quis
417 679 576 726 minor
601 687 678 726 est
698 686 881 735 autem,
910 696 1062 742 quam
1088 681 1321 735 tacuisse,
1350 680 1488 727 labor
1506 680 1523 726 ¹?

197 754 288 802 Ille
314 756 496 818 placet,
524 762 790 819 versatque
816 757 1037 812 domum,
1067 773 1232 819 neque
1251 757 1458 803 verbera
1482 772 1592 803 sen-

263 832 355 880 Ille
382 841 582 897 potens:
624 834 721 890 alii,
751 835 950 881 sordida
974 835 1135 889 turba,
1158 835 1345 897 jacent.

1483 834 1566 894 [tit
1578 850 1587 880 :

197 908 345 966 Huic,
367 927 494 957 verae
520 918 576 957 ut
594 911 782 958 lateant
802 927 1008 967 caussae,
1031 911 1284 973 finguntur
1310 910 1504 957 inanes:
1528 912 1587 956 31

262 986 432 1049 Atque
458 988 604 1034 ambo
629 988 832 1043 domini,
862 989 996 1051 quod
1022 989 1336 1052 probatuma,
1360 987 1589 1050 probant.

196 1063 327 1110 Cum
352 1065 481 1111 bene
506 1065 577 1110 vir
601 1065 753 1111 traxit
774 1065 981 1120 vultum,
1010 1080 1259 1127 rugasque
1285 1064 1462 1126 coegit,

263 1141 409 1195 Quod
433 1142 588 1188 voluit
611 1142 717 1188 fieri
743 1142 926 1189 blanda
950 1143 1135 1205 puella,
1163 1142 1297 1188 facit.

198 1218 301 1265 Sed
325 1226 492 1266 tamen
518 1219 766 1266 interdum
791 1227 958 1267 tecum
984 1235 1186 1282 quoque
1206 1218 1372 1281 jurgia
1397 1224 1587 1273 nectat;

265 1295 329 1343 Et
355 1297 555 1344 simulet
578 1298 823 1353 lacrimas,
852 1298 1239 1360 carnificemque
1263 1302 1424 1342 vocet.
1527 1297 1589 1341 36

196 1499 427 1539 nino‚jndiciis,
440 1501 505 1532 sine
521 1502 699 1543 copulativa
711 1503 859 1544 conjunc-

195 1549 278 1580 tione
306 1557 343 1585 εἴ,
360 1556 395 1581 ut
420 1557 466 1581 est
491 1551 522 1581 in
538 1551 669 1581 vetustis
689 1552 860 1582 codicibus.

195 1599 225 1629 id
251 1605 297 1630 est
319 1601 418 1641 fingas
443 1607 472 1631 te
500 1601 677 1632 existimare
703 1602 859 1633 dominam

195 1659 262 1679 esse
279 1655 440 1687 aegrotam.
486 1651 640 1681 Munus.

238 1700 290 1728 23.
308 1699 444 1740 Sifacz'et
455 1700 569 1740 tarda]
593 1701 652 1730 Pro
667 1700 861 1731 Sacrificabit

195 1748 375 1789 explicabat
383 1749 495 1779 Douza
510 1754 540 1779 et
556 1750 776 1785 Bersmannus,
788 1758 860 1780 nota

194 1797 280 1827 verbi
292 1798 530 1839 significatione.
548 1799 670 1834 melius,
679 1809 774 1840 quam
786 1799 857 1829 Ma-

194 1846 256 1877 rius
271 1852 302 1877 et
318 1847 490 1889 alii,faciet
505 1850 551 1878 sui
567 1849 677 1887 copiam
696 1849 759 1877 tibi.
775 1847 857 1888 quod

194 1902 347 1937 ineptum.

237 1946 291 1975 25.
316 1945 523 1987 Linigerum]
550 1946 635 1982 Quia
660 1946 727 1986 ejus
751 1946 857 1976 Sacer-

193 1994 281 2025 dotes
310 1994 401 2025 lineis
422 1994 561 2026 vestibus
590 1994 689 2025 induti
720 1995 856 2025 celebra-

192 2043 280 2074 bant.
326 2044 478 2075 llhmvs.

237 2093 289 2123 27.
313 2094 483 2134 Assiduos]
511 2093 623 2129 Recte,
650 2093 724 2123 licet
748 2092 856 2134 priscae

192 2141 354 2178 editiones,
371 2144 525 2173 assiduus:
549 2141 692 2173 conscius
710 2142 855 2171 commis-

192 2190 228 2225 si,
245 2190 277 2220 id
298 2196 344 2221 est
359 2193 505 2227 criminis,
523 2191 614 2221 tollet
637 2190 776 2221 assiduos
799 2189 854 2220 ho-

194 2250 293 2270 nores.
317 2245 364 2270 est
377 2251 448 2271 vero
468 2240 584 2271 locutio
605 2250 668 2270 non
682 2239 784 2272 obvia.
801 2240 856 2269 tol-

194 2290 254 2319 lere
283 2290 413 2325 honmes,
442 2300 497 2331 pro
527 2300 649 2330 capere,
674 2289 773 2323 ferre3
801 2288 854 2318 de-

193 2343 295 2368 sumta
312 2348 330 2368 a
347 2338 498 2379 frugibus,
515 2348 592 2379 quas
615 2348 653 2368 ex
678 2337 759 2377 agris
774 2336 855 2366 tolli-

192 2397 273 2417 mus.
299 2387 338 2417 de
356 2397 419 2428 qua
441 2387 480 2418 ad
502 2387 560 2417 lib.
576 2399 608 2417 v.
629 2387 762 2416 Metam.
783 2387 854 2416 131.

192 2445 333 2476 agemuS,
346 2436 428 2466 tollet
438 2447 548 2466 amores
558 2435 674 2466 Moreti
685 2440 715 2465 et
727 2434 856 2475 quidam

191 2485 255 2516 alii.
302 2485 418 2515 Banu.

235 2535 288 2564 29.
319 2534 475 2574 Versatque
505 2533 649 2573 domum]
677 2533 768 2568 Puto,
796 2544 855 2563 ser—

192 2591 310 2624 vatque.
356 2583 408 2613 Illi
425 2593 499 2614 cura
514 2582 624 2613 domas
637 2582 852 2613 committitur.

194 2633 250 2663 nisi
267 2633 531 2672 malis,servc1tque
547 2634 632 2662 donzi.
649 2637 683 2662 ut
699 2631 781 2673 apud
795 2632 856 2662 Co-

194 2682 321 2717 micum,
360 2682 445 2712 Solus
482 2682 595 2711 Sannio
631 2687 726 2711 serrat
770 2683 857 2710 domi.

196 2733 365 2762 liris-sus.
411 2731 470 2761 sed
499 2736 644 2761 mutusne
669 2730 721 2759 ille
749 2730 854 2762 honor,

931 1509 962 1534 ut
985 1503 1079 1538 solus,
1095 1508 1254 1543 tamquam
1278 1500 1403 1536 Sannio,
1421 1504 1523 1530 servet
1538 1499 1593 1530 do-

928 1552 981 1588 mi,
999 1552 1081 1593 quod
1098 1551 1246 1582 vilissimo
1270 1550 1395 1591 cuique,
1412 1556 1443 1580 et
1465 1549 1505 1579 ad
1531 1548 1593 1580 alia

929 1601 1031 1631 officia
1054 1602 1161 1642 inepto
1186 1610 1274 1630 servo
1292 1599 1445 1630 committi
1466 1600 1593 1639 potest?

929 1650 1027 1681 multo
1053 1656 1137 1680 certe
1160 1648 1333 1690 elegantior
1354 1648 1461 1683 lectio,
1482 1654 1592 1678 versat-

929 1711 983 1739 que
998 1702 1129 1734 domum,
1147 1698 1179 1728 id
1196 1704 1243 1729 est
1266 1709 1320 1739 pro
1337 1697 1463 1728 arbitrio
1482 1696 1514 1727 in
1529 1703 1594 1727 tota

929 1748 1048 1778 familia
1068 1752 1190 1788 regnat,
1207 1747 1305 1788 agitat
1326 1746 1462 1787 reliquos
1477 1757 1591 1782 servos,

928 1803 959 1828 et
973 1797 1010 1827 iis
1025 1796 1167 1838 imperat.
1212 1796 1328 1826 Bonis.

971 1848 1023 1877 30.
1048 1846 1106 1875 Ille
1120 1846 1219 1885 placet
1237 1846 1370 1880 dominoe,
1386 1845 1505 1874 sordida
1524 1849 1591 1873 tur-

927 1895 1116 1935 bajucwnt]
1144 1894 1337 1929 Puteaneus,
1365 1893 1590 1927 Mentelianus,

927 1950 958 1974 et
974 1943 1206 1974 Arondelianus
1219 1955 1225 1972 :

972 1993 1031 2023 Ille
1046 2000 1157 2033 potem,
1173 1993 1229 2022 alii
1243 1993 1363 2022 sordida
1375 1993 1590 2031 turbajucent.

927 2043 1021 2080 Quod
1037 2053 1158 2084 sequor.
1182 2052 1255 2072 nam
1267 2042 1365 2080 placet
1376 2041 1443 2082 jam
1457 2051 1589 2082 praeces-

925 2099 1017 2124 serat.
1061 2093 1180 2123 mes.

969 2143 1021 2172 32.
1041 2142 1129 2171 Ambo
1141 2139 1280 2179 domini]
1300 2138 1390 2169 Nihil
1406 2137 1456 2168 hic
1469 2138 1590 2169 variant

924 2190 1058 2221 codices.
1105 2189 1226 2219 Marius
1255 2187 1402 2229 explicat,
1428 2187 1535 2228 puella
1558 2194 1589 2217 et

924 2247 1028 2269 custos
1042 2239 1195 2270 conscius.
1220 2237 1274 2268 sed
1301 2247 1363 2278 qua
1385 2236 1503 2267 ratione
1524 2237 1588 2267 Eu-

924 2288 1045 2319 nuchus
1070 2287 1172 2323 titulo,
1191 2288 1314 2322 (lamini,
1333 2286 1490 2316 communi
1516 2295 1587 2315 cum

925 2337 1025 2368 amica
1045 2336 1152 2367 Ovidii
1176 2335 1316 2376 insigniri
1342 2335 1438 2376 possit
1461 2345 1521 2364 non
1543 2335 1586 2364 vi-

924 2387 995 2417 deo.
1043 2387 1146 2427 Lego:

969 2437 1066 2475 Atque
1078 2436 1161 2464 umbo
1170 2435 1297 2468 domim),
1309 2435 1384 2473 quod
1393 2434 1499 2472 probat
1512 2443 1584 2467 nna,

1008 2485 1147 2524 probunt.

925 2534 1102 2575 Conjuncta
1115 2542 1208 2573 opera
1233 2538 1264 2562 et
1280 2542 1317 2562 ex
1339 2536 1502 2571 compacto
1518 2540 1583 2560 ma-

923 2582 980 2614 rito
1002 2593 1078 2613 uxor
1100 2581 1243 2611 adultera
1267 2586 1297 2611 et
1321 2578 1463 2610 conscius
1477 2579 1585 2609 Eunu-

925 2632 1002 2662 chus
1028 2630 1226 2672 persuadent,
1242 2629 1289 2670 id,¹
1301 2629 1384 2670 quod
1408 2628 1516 2670 puella
1534 2638 1585 2658 vo-

926 2680 1027 2710 luerit.
1064 2680 1196 2709 Probare
1209 2680 1302 2709 alieni
1315 2678 1443 2718 elegans
1458 2676 1584 2707 locutio.

927 2729 988 2759 vid.
1004 2728 1105 2759 Cicer.
1125 2729 1145 2758 i.
1163 2728 1282 2758 Verrin.
1295 2728 1325 2757 G.
1371 2727 1488 2757 Brnm.
