1849 3198
588 214 885 257 AMORUM.
942 214 1061 256 LIB.
1095 215 1160 256 ΙΙ.
1191 216 1232 257 8.

1529 216 1614 257 :365

221 329 285 376 Et
309 330 428 376 mihi
446 330 670 393 jucundo
695 346 791 376 non
818 330 1002 377 rustica
1025 331 1226 392 cognita
1248 330 1400 388 furt03

284 406 418 470 Apta
441 407 645 469 quidem
670 406 899 461 dominae,
927 407 1015 453 sed
1041 406 1198 469 magis
1225 414 1343 470 apta
1367 407 1485 454 mihi
1506 426 1515 461 ;

218 483 341 537 Quis
366 483 460 530 fuit
482 484 608 529 inter
632 499 721 530 nos
748 483 921 529 sociati
947 483 1166 546 corporis
1193 483 1374 531 index?
1579 489 1607 532 5

287 560 456 607 Sensit
478 560 772 607 concubitus
798 561 930 607 unde
958 560 1179 607 Corinna
1201 561 1345 607 tuos?

219 637 352 683 Num
376 644 544 684 tamen
564 637 754 692 erubui,
782 652 916 692 num,
943 637 1094 684 verbo
1120 637 1289 700 lapsus
1316 637 1365 683 in
1389 638 1506 693 ullo,

284 713 496 760 Furtivae
521 713 729 760 Veneris
755 713 956 760 conscia
981 713 1123 775 signa
1147 713 1296 759 dedi?

216 790 379 845 Quid?
417 792 552 854 quod
577 791 625 837 in
652 791 832 838 ancilla
860 791 899 837 si
926 791 1039 854 quis
1065 791 1356 853 delinquere
1378 799 1563 854 posset,

283 868 430 915 Illum
456 885 549 931 ego
575 868 807 915 contendi
832 874 999 914 mente
1025 883 1194 914 carere
1218 867 1383 914 bona?
1553 872 1610 915 10

215 946 486 993 Thessalus
512 945 702 991 ancillae
727 944 852 991 facie
881 943 1135 991 Briseidos
1163 944 1310 992 arsit:

284 1022 438 1069 Serva
462 1021 726 1085 Mycenaeo
753 1021 971 1068 Phoebas
998 1029 1163 1068 amata
1187 1021 1318 1067 duci.

217 1099 331 1146 Non
357 1116 449 1162 ego
475 1099 735 1146 Tantalide
761 1100 932 1162 major,
960 1113 1051 1145 nec
1077 1099 1235 1160 major
1260 1097 1473 1145 Achille.

282 1176 430 1231 Quod
454 1177 624 1224 decuit
650 1176 835 1238 RegeS,
862 1192 950 1223 cur
975 1176 1094 1222 mihi
1120 1183 1263 1239 turpe
1289 1176 1496 1239 putem?

218 1253 289 1300 Ut
312 1261 479 1301 tamen
500 1254 650 1302 iratos
676 1254 725 1300 in
751 1261 800 1300 te
825 1252 1001 1299 defixit
1025 1253 1238 1310 ocellos;
1552 1256 1608 1299 15

281 1330 397 1378 Vidi
422 1340 471 1379 te
496 1332 613 1379 totis
639 1330 898 1378 erubuisse
923 1330 1080 1392 genis.

219 1407 284 1455 At
308 1416 511 1471 quantO,
539 1410 579 1456 si
605 1409 729 1456 forte
755 1408 922 1463 refers,
950 1408 1242 1471 praesentior
1268 1407 1391 1471 ipse,

282 1485 381 1533 Per
404 1486 613 1534 Veneris
637 1486 731 1533 feci
757 1485 961 1531 numina
985 1500 1167 1546 magna
1190 1484 1367 1531 fidem!

215 1562 292 1609 Tu
319 1563 444 1620 Dea,
471 1571 525 1611 tu
545 1564 726 1627 jubeas
752 1562 901 1609 animi
927 1561 1145 1625 perjuria
1169 1560 1279 1624 puri

284 1640 610 1705 Carpathium
636 1641 832 1704 tepidos
854 1656 942 1703 per
967 1655 1100 1686 mare
1126 1638 1252 1686 ferre
1280 1637 1460 1685 Notos.
1545 1641 1608 1683 20

215 1828 318 1869 epulis
332 1829 485 1870 praefectae
502 1835 584 1864 sunt,
601 1839 679 1870 quas
694 1838 809 1869 coquas
822 1838 876 1869 ap-

214 1877 353 1919 pellant;
383 1878 452 1908 aliae
482 1877 604 1919 pensi83
644 1877 800 1908 nonnullae
831 1887 878 1906 or-

215 1925 327 1956 nandis
364 1926 497 1957 dominae
535 1926 667 1968 capillis.
727 1926 880 1965 Pmficem

213 1974 398 2012 enim,unde
413 1977 581 2018 pravfectus,
596 1982 642 2006 est
657 1975 749 2006 alicui
766 1975 808 2006 rei
824 1976 877 2006 ad—

214 2025 426 2056 ministrandae
442 2036 633 2068 praeponere.
662 2026 746 2056 Naso
764 2025 795 2055 in
820 2024 878 2055 Ar-

214 2073 312 2105 tibus:

260 2124 311 2155 Me
336 2125 432 2155 Venus
453 2124 597 2164 artificem
624 2131 722 2155 tenero
742 2124 877 2165 profecit

301 2176 408 2204 amori.

216 2222 329 2254 Melior
348 2228 454 2253 tamen
474 2222 597 2253 videtur
620 2222 750 2263 antiqua
771 2221 876 2257 lectio,

215 2282 286 2313 quae
298 2277 355 2308 est,
372 2272 523 2313 Perfecta.
546 2272 695 2302 MAmus.

261 2321 310 2351 11.
329 2320 482 2351 Thessalus
497 2320 643 2361 mmmm]
675 2319 832 2351 Achillem
846 2327 878 2350 et

215 2369 392 2401 Briseidem
405 2370 569 2411 significat.
598 2370 693 2401 Cion.

261 2420 309 2450 12.
326 2420 476 2460 Mycenoeo
490 2420 591 2460 duci]
638 2417 878 2460 Agamemnoni.

215 2470 292 2499 forte
318 2468 489 2510 respexisse
513 2468 589 2498 mihi
612 2468 734 2498 videtur
760 2467 799 2498 ad
825 2467 879 2498 illa

218 2517 390 2548 Horatiana
404 2516 460 2547 lib.
475 2517 507 2547 ii.
523 2527 617 2548 carm.
634 2517 704 2547 Ode
721 2516 764 2546 iii.

259 2567 342 2596 Arsit
358 2567 479 2596 Atrides
490 2568 582 2597 medio
597 2568 629 2596 in
643 2566 792 2606 triumpho

263 2615 386 2657 Virgine
402 2622 501 2655 rapta.
742 2614 833 2645 Cior.

260 2664 351 2696 Serra
382 2665 529 2705 Phorbas]
580 2664 713 2706 Captiva
743 2664 875 2695 Cassan-

215 2714 280 2748 dra.
294 2725 363 2755 quae
379 2714 539 2745 divinandi
556 2721 652 2744 artem
667 2724 685 2744 a
699 2714 818 2743 l‘hoebo
830 2713 875 2742 di-

215 2762 342 2793 11109131.
388 2762 479 2793 (lior.

995 1827 1044 1856 14.
1073 1826 1172 1865 Turpe
1193 1825 1323 1865 putem]
1354 1823 1608 1858 Barberinianus,

946 1877 1014 1907 vile.
1038 1887 1099 1906 non
1114 1876 1209 1906 male.
1234 1874 1312 1905 nihil
1334 1880 1438 1904 tamen
1461 1878 1560 1903 muto.
1576 1873 1610 1903 ii.

947 1926 1018 1956 Art.
1034 1926 1110 1955 215.

992 1975 1055 2005 Nec
1089 1975 1143 2003 tibi

1075 2030 1174 2063 turpe,
1188 2023 1328 2062 placebit,

1033 2072 1173 2115 Ingenua
1188 2073 1339 2112 speculum
1360 2072 1534 2102 sustinuisse
1548 2082 1610 2100 ma-

1074 2134 1130 2153 nu.
1450 2121 1567 2151 Bwnm.

993 2172 1042 2202 17.
1068 2172 1195 2213 Sisorte
1207 2170 1318 2212 resera]
1336 2170 1383 2200 Ex
1399 2169 1459 2200 hac
1476 2169 1609 2201 lectione

945 2220 1015 2262 quis
1027 2231 1182 2262 congruus
1197 2229 1306 2250 sensus
1322 2218 1393 2249 elici
1408 2218 1506 2260 possit
1521 2218 1608 2249 vide-

945 2270 1006 2300 rint
1031 2269 1104 2300 alii:
1130 2279 1188 2310 ego
1204 2267 1329 2298 omnino
1353 2267 1522 2309 legendum
1544 2277 1611 2298 esse

945 2319 1075 2349 arbitror
1091 2318 1210 2359 Refert,
1229 2317 1261 2347 in
1286 2317 1380 2348 tertia
1405 2327 1551 2358 persona:
1577 2322 1611 2348 ut

946 2367 978 2398 in
994 2368 1131 2410 quodam
1146 2367 1254 2398 codice
1270 2367 1419 2409 scriptum
1435 2365 1510 2397 vidi.
1534 2367 1609 2397 Sen-

946 2428 997 2447 sus
1013 2422 1117 2447 autem
1134 2416 1205 2446 talis
1220 2415 1297 2446 erit:
1323 2415 1355 2445 Si
1370 2416 1447 2445 sorte
1460 2413 1527 2456 ipsa
1545 2416 1607 2446 Co-

945 2465 1035 2497 rinna
1049 2465 1106 2496 tibi
1122 2465 1225 2502 refert,
1241 2465 1272 2495 id
1295 2470 1343 2496 est
1361 2463 1456 2496 dicit:
1481 2475 1610 2505 cognos-

945 2526 1008 2552 ceS,
1025 2520 1141 2557 quanto
1162 2514 1340 2556 praesentior
1362 2525 1419 2556 ego
1443 2514 1609 2544 conflatum

945 2564 1063 2595 crimen
1096 2563 1225 2594 eluerim
1256 2563 1362 2594 addito
1392 2562 1608 2604 jurejurando.

946 2613 1154 2655 Intelligimus
1179 2612 1274 2649 enim,
1302 2611 1457 2655 Cypassin
1479 2622 1539 2641 non
1563 2611 1609 2641 in-

945 2664 1098 2699 terfuisse,
1111 2663 1185 2693 dum
1202 2662 1285 2704 apud
1297 2661 1464 2693 Corinnam
1477 2671 1509 2691 se
1522 2661 1609 2691 Naso

945 2719 1140 2755 expurgaret.
1178 2713 1328 2742 Maurus.
1362 2711 1393 2740 Si
1410 2716 1504 2740 mente
1517 2709 1610 2750 refers

947 2762 1094 2793 Francius
1110 2761 1244 2792 volebat.
1267 2761 1319 2791 sed
1334 2766 1367 2791 ut
1382 2759 1528 2790 Heinsius
1543 2768 1609 2788 coi·-

1183 1979 1269 2012 turpe
1296 1978 1383 2012 puta.
1417 1973 1548 2012 quamvis
1574 1973 1611 2002 sit
