1849 3198
215 176 301 218 210

607 175 657 216 Ρ.
690 172 902 215 OVIDII
938 172 1217 216 NASONIS

221 291 367 346 Quod
386 289 564 354 rapuit,
581 290 752 338 laudo:
780 290 943 345 miror,
962 290 1096 353 quod
1114 289 1328 338 reddidit
1346 306 1602 354 umquam.

287 368 410 415 Tam
434 369 567 416 bona
590 375 874 416 constanter
898 369 1065 432 praeda
1089 369 1306 415 tenenda
1329 368 1436 416 fuit.

220 446 351 493 Ante
376 446 667 493 recessisset
692 453 843 509 caput
867 447 961 493 hoc
987 447 1178 494 cervice
1204 454 1425 502 cruenta,

289 523 452 577 Quam
476 531 530 570 tu
556 524 618 571 de
643 525 872 571 thalamis
896 525 1237 572 abstraherere
1263 525 1402 572 meis.

220 600 357 648 Tene
372 617 546 648 manus
566 618 802 665 umquam
818 609 997 649 nostrae
1013 603 1261 650 dimittere
1275 602 1486 650 vellent?
1514 604 1607 649 155

288 678 424 726 Tene
448 695 559 726 meo
583 686 779 742 paterer
802 679 940 726 vivus
967 679 1103 726 abire
1128 679 1272 726 sinu?

223 755 277 802 Si
302 756 556 803 reddenda
579 755 723 812 fores,
751 756 938 819 aliquid
963 763 1130 804 tamen
1156 763 1270 804 ante
1294 756 1549 804 tulissem:

289 833 335 879 N
342 849 398 880 ec
423 833 594 881 Venus
620 849 683 880 ex
707 840 813 880 toto
839 841 1007 880 nostra
1030 833 1205 880 fuisset
1230 834 1376 880 iners.

221 909 314 957 Vel
339 910 458 957 mihi
482 910 735 972 virginitas
761 917 895 957 esset
919 911 1098 968 libata3
1137 911 1214 957 vel
1240 910 1376 965 illud,

290 987 436 1041 Quod
462 995 659 1051 poterat
681 989 817 1035 salva
833 989 1113 1051 virginitate
1139 988 1260 1052 rapi.

1517 990 1611 1034 160

223 1065 303 1112 Da
326 1066 473 1112 modo
500 1073 577 1122 te;
620 1082 732 1129 quae
759 1067 823 1114 sit
847 1066 1017 1114 Paridi
1043 1066 1338 1121 constantia,
1366 1082 1562 1112 nosces.

290 1142 516 1190 Flamma
538 1144 644 1206 rogi
669 1144 894 1192 flammas
919 1145 1058 1193 finiet
1082 1161 1180 1191 una
1204 1160 1357 1191 meas.

221 1219 479 1284 Praeposui
504 1220 669 1283 regnis
696 1237 788 1283 ego
813 1228 890 1279 te;
932 1238 1044 1285 quae
1070 1221 1288 1268 maxima
1312 1220 1566 1283 quondam

288 1296 519 1345 Pollicita
544 1306 621 1346 est
645 1299 787 1347 nobis
813 1307 969 1363 nupta
994 1315 1233 1362 sororque
1257 1297 1288 1345 J
1293 1298 1412 1345 ovis.

222 1374 459 1438 Dumque
474 1382 559 1422 tuo
575 1392 775 1440 possem
791 1377 1099 1424 circumdare
1118 1376 1322 1424 brachia
1340 1375 1484 1431 co110‚
1517 1377 1609 1422 165

290 1452 559 1501 Contemta
583 1461 660 1501 est
682 1455 853 1511 virtus,
883 1454 1090 1502 Pallade
1115 1455 1281 1510 dante,
1309 1453 1445 1499 mihi.

223 1528 332 1577 Nec
358 1530 524 1594 piget3
566 1539 654 1578 aut
678 1548 918 1595 umquam
944 1532 1094 1579 stulte
1118 1532 1301 1594 legisse
1325 1531 1556 1578 videbor:

289 1607 559 1656 Permanet
583 1609 632 1656 in
656 1617 769 1657 voto
795 1626 935 1657 mens
960 1625 1073 1656 mea
1096 1609 1237 1655 firma
1262 1624 1368 1654 suo.

219 1788 260 1818 Et
275 1795 429 1830 unguento
444 1791 549 1825 nitere,
567 1790 677 1822 Cicero
696 1791 730 1822 ii.
748 1792 879 1823 Catilin.

220 1837 252 1868 3.
278 1842 313 1868 ut
336 1840 428 1869 nitidi
450 1841 566 1878 capilli,
582 1840 667 1881 apud
694 1841 806 1872 Horat.
823 1842 882 1883 Ep.

220 1886 284 1917 xiv.
295 1887 349 1917 32.
364 1893 395 1917 et
411 1889 550 1919 nitentes.
576 1888 608 1918 ii.
622 1888 686 1919 Od.
700 1889 754 1920 vii.
771 1890 802 1920 6.
844 1891 882 1920 Et

220 1935 264 1966 ita
301 1936 405 1966 Graeci
442 1937 588 1979 λιπαρὸν
624 1945 786 1980 usurpant.
816 1939 881 1970 vid.

220 1985 337 2026 Spanh.
367 1985 407 2016 ad
435 1986 519 2017 Call.
551 1987 649 2028 Hym.
686 1986 796 2030 Apoll.
827 1989 881 2020 39.

220 2033 339 2065 Bumr.

267 2084 341 2114 153.
364 2083 566 2125 Recessisset]
586 2085 799 2117 Imitationem
815 2096 882 2117 esse

220 2131 305 2163 illius
318 2132 525 2174 Properfiani,
544 2133 578 2164 ii.
596 2133 639 2164 vi.
658 2135 691 2165 7.

265 2181 346 2212 Nam
361 2183 451 2212 citius
463 2189 583 2222 paterer
598 2190 690 2223 caput
716 2184 768 2214 hoc
791 2185 882 2214 disce-

307 2231 376 2260 dere
393 2231 476 2266 collo,

221 2278 340 2309 notavit
355 2279 476 2310 Douza.

267 2328 341 2359 157.
366 2329 445 2359 Ante
458 2329 616 2370 tulissem]
638 2329 713 2360 Imle
725 2330 883 2361 Oxonien—

221 2376 275 2407 sis.
300 2382 444 2409 venuste.
469 2383 504 2409 ut
519 2378 620 2420 Epist.
637 2389 705 2420 seq.
721 2380 776 2411 25.

267 2426 338 2457 Non
353 2434 451 2458 tamen
465 2428 727 2470 eflzctofruccum
744 2429 816 2459 tulit
830 2429 883 2459 ille

305 2479 448 2515 petitum.
721 2478 839 2509 BvRM.

270 2526 342 2555 164.
368 2526 511 2556 Pollicita
532 2533 572 2556 est
595 2527 706 2567 nobis]
735 2527 883 2557 Pollicitae

221 2575 312 2605 nobis.
335 2575 527 2607 Puteaneus.
562 2576 738 2607 HmNsms.
784 2577 880 2607 Fran-

223 2624 290 2654 cius
319 2623 408 2660 illud,
440 2625 520 2654 nobis
549 2632 656 2664 nupta,
693 2625 883 2667 κακόφων(ν

196 2677 199 2683 ·
223 2673 384 2708 censebat,
407 2678 439 2703 et
460 2673 531 2704 ideo
555 2674 754 2717 conjiciebat,
780 2676 882 2716 magni

225 2729 315 2761 nuptu
333 2734 467 2763 sororque
482 2723 575 2754 Jovt‘S.

995 1791 1067 1822 166.
1094 1791 1196 1821 Dante
1210 1789 1315 1830 mihi]
1341 1789 1379 1819 In
1399 1787 1507 1820 codice
1524 1789 1612 1822 Dou-

950 1850 992 1870 zae
1009 1840 1198 1881 sequebatur
1214 1838 1368 1869 distichon
1383 1838 1460 1868 hoc:

995 1889 1158 1929 Primaque
1182 1899 1249 1918 cum
1273 1899 1413 1930 regnum,
1439 1888 1508 1917 belli
1527 1889 1613 1918 daret

1078 1939 1177 1968 altera
1191 1938 1320 1971 laudem,

1040 1987 1156 2023 Tertia,
1170 1988 1305 2028 conjugii
1319 1985 1544 2028 laudefrueris,
1557 1988 1614 2018 ait.

998 2037 1070 2067 167.
1097 2037 1196 2067 Stulte
1226 2037 1343 2077 elegisse
1371 2036 1520 2076 videbam]
1552 2036 1611 2066 Le-

948 2088 1024 2128 gisse
1039 2086 1219 2117 Puteaneus
1238 2091 1269 2116 et
1285 2085 1423 2126 quinque
1439 2085 1505 2116 alii.
1530 2085 1613 2126 quod

951 2145 1074 2166 versum
1089 2135 1196 2176 utique
1211 2133 1383 2165 molliorem
1394 2140 1531 2176 praestat.
1555 2134 1612 2165 Le-

950 2195 1031 2225 gere,
1054 2194 1107 2226 pro
1132 2182 1261 2225 eligere.
1284 2183 1411 2224 fatebor
1434 2183 1530 2214 etiam
1551 2189 1613 2214 tres

951 2232 1075 2263 codices
1090 2245 1097 2262 ε

997 2282 1073 2312 Cum
1094 2281 1201 2317 Venus,
1224 2287 1251 2311 et
1273 2280 1368 2317 Juno,
1394 2280 1555 2322 Pallasque
1579 2284 1611 2313 in

1079 2332 1208 2361 vallibus
1224 2329 1286 2361 Idae

1040 2379 1298 2419 Cin-porajudicio
1311 2390 1487 2419 supposuere
1497 2390 1569 2411 meo.

951 2428 1020 2459 Hoc
1049 2427 1205 2458 distichon
1236 2438 1255 2459 a
1286 2428 1449 2459 Puteaneo
1478 2427 1610 2469 aliisque

951 2476 1131 2507 melioribus
1146 2478 1248 2508 abest.
1272 2477 1310 2507 In
1326 2477 1519 2519 quorundam
1531 2487 1611 2508 mar-

951 2526 1022 2567 gine
1043 2537 1137 2557 manu
1162 2526 1326 2557 recentiori
1352 2526 1543 2568 adscriptum
1565 2527 1611 2558 le-

950 2577 1046 2617 gitur.
1076 2575 1139 2606 Sed
1155 2575 1328 2606 tollendum
1344 2582 1403 2606 est.
1430 2575 1511 2606 Cum
1526 2575 1610 2606 enim

946 2624 1100 2667 judicium
1141 2636 1231 2657 suum
1268 2624 1436 2656 luculentis
1471 2624 1612 2656 versibus

949 2675 1044 2717 paulo
1059 2680 1131 2706 ante
1156 2675 1281 2717 copiose
1303 2674 1505 2710 recensuerit,
1533 2674 1610 2716 quid

949 2734 1026 2765 opus
1047 2723 1186 2765 ejusdem
1208 2724 1251 2756 rei
1281 2723 1384 2756 denuo
1408 2725 1610 2756 meminisse?
