1849 3198
174 215 259 256 168

567 216 618 257 P.
652 215 865 257 OVIDII
898 215 1179 258 NASONIS

182 329 394 385 Quando
419 331 525 387 erit,
548 338 603 378 ut
626 332 755 379 lecto
781 349 977 380 mecum
1002 333 1130 380 bene
1148 334 1352 397 junctus
1377 334 1427 380 in
1451 351 1551 382 uno

247 408 441 455 Militiae
468 408 650 456 referas
677 411 938 474 splendida
962 411 1091 458 sacta
1115 418 1212 457 tuae
1233 412 1251 457 2

182 484 306 539 Quae
332 486 451 533 mihi
476 487 595 533 dum
621 488 818 544 referes,
847 490 1071 552 quamvis
1099 490 1268 536 audire
1287 490 1497 552 juvabit,

248 562 413 611 Multa
436 570 603 612 tamen
629 566 796 630 capies
822 567 1009 623 oscula,
1036 567 1193 613 multa
1216 567 1374 614 dabis.

1476 570 1567 614 120

183 639 393 704 Semper
418 642 467 688 in
492 642 568 689 his
594 650 709 706 apte
735 644 984 690 narrantia
1006 645 1158 691 verba
1181 644 1433 691 resistunt.

248 717 496 766 Promtior
522 727 599 767 est
623 721 756 767 dulci
782 721 952 783 lingua
975 728 1167 768 retenta
1190 738 1342 768 mora.

184 794 285 842 Sed
305 812 419 843 eum
439 796 588 860 Troja
606 798 755 854 subit,
774 799 991 845 subeunt
1007 799 1242 861 ventique
1262 798 1567 861 fretumque3

251 872 378 936 Spes
403 874 534 921 bona
559 875 770 922 sollicito
795 875 924 921 victa
954 875 1128 922 timore
1154 876 1303 922 cadit.

184 948 294 996 Hoc
320 967 542 1014 quoque,
570 953 704 1015 quod
730 953 862 999 venti
889 953 1154 1015 prohibent
1179 953 1313 1000 exire
1340 953 1546 1005 carinas,

251 1027 337 1075 Me
363 1037 554 1077 movet:
594 1030 758 1077 invitis
784 1031 852 1077 ire
877 1031 1061 1094 paratis
1089 1030 1247 1093 aquis.

1480 1033 1573 1077 126

185 1103 309 1158 Quis
333 1106 451 1153 velit
475 1107 524 1152 in
550 1107 759 1170 patriam
783 1114 930 1154 vento
955 1108 1248 1171 prohibente
1274 1108 1483 1155 reverti?

250 1182 294 1228 A
320 1184 480 1246 patria
503 1186 679 1247 pelago
705 1186 815 1233 vela
837 1192 1035 1232 vetante
1061 1185 1206 1231 datis.

184 1258 301 1322 Ipse
328 1276 467 1308 suam
493 1278 591 1308 non
615 1264 806 1326 praebet
829 1263 921 1310 iter
948 1262 1214 1326 Neptunus
1241 1263 1303 1309 ad
1330 1263 1518 1310 urbem.

254 1337 365 1391 Quo
390 1339 563 1386 ruitis?
600 1348 789 1388 vestras
816 1341 1031 1403 quisque
1057 1340 1214 1387 redite
1239 1341 1429 1388 domos.
1482 1344 1576 1387 130

186 1413 297 1468 Quo
324 1416 478 1473 ruitis,
508 1417 699 1465 Danai?
736 1425 907 1466 ventos
941 1417 1107 1465 audite
1131 1424 1372 1464 vetantes.

252 1488 369 1540 Non
395 1496 545 1542 subiti
571 1512 732 1552 casus,
761 1496 974 1543 numinis
1000 1495 1096 1542 ista
1120 1511 1258 1542 mora
1282 1502 1373 1542 est.

187 1568 319 1623 Quid
344 1572 529 1634 petitur
553 1580 707 1629 tanto,
735 1574 829 1620 nisi
853 1573 1010 1636 turpis
1037 1573 1275 1628 adultera,
1303 1573 1470 1620 bello?

253 1646 386 1694 Dum
412 1649 543 1705 licet,
575 1649 791 1697 Inachiae
816 1650 990 1698 vertite
1014 1650 1124 1696 vela
1147 1656 1292 1697 rates.

191 1723 292 1772 Sed
312 1726 433 1788 quid
454 1743 545 1789 ego
566 1743 741 1775 revoco
760 1729 897 1775 haee?
924 1744 1069 1775 omen
1090 1728 1364 1775 revocantis
1385 1729 1575 1784 abest0‚

259 1802 554 1866 Blandaque
573 1806 873 1868 compositas
891 1822 1009 1853 aura
1024 1806 1264 1853 secundet
1279 1821 1451 1868 aquas.
1485 1809 1576 1853 136

186 1924 269 1966 apud
282 1925 442 1962 Nostrum,
458 1925 544 1957 Artis
559 1926 740 1963 Amatoria),
756 1928 813 1959 lib.
826 1929 847 1959 i.

187 1975 262 2005 361.
300 1975 475 2006 HEINsms.
522 1976 623 2008 Recte
648 1977 761 2008 dicitur
790 1978 847 2009 ali-

186 2023 266 2064 quis,
295 2031 330 2054 ut
361 2026 516 2066 languore,
546 2026 590 2057 sic
622 2028 727 2057 laetitia
756 2027 846 2059 solvi.

188 2073 281 2103 Conf.
320 2073 493 2105 Burmann.
524 2075 564 2105 ad
593 2076 785 2112 Petronium,
817 2087 848 2107 c.

190 2124 248 2152 131
263 2134 271 2161 3
294 2123 348 2153 ubi
372 2124 471 2164 magis
492 2130 539 2155 est
553 2125 738 2161 audiendus,
755 2137 849 2168 quam

185 2171 219 2202 in
235 2172 391 2202 adnotatis
407 2172 446 2203 ad
463 2173 545 2205 1111110
561 2175 677 2205 locum.
703 2176 850 2207 LENNEP.

236 2222 309 2252 120.
349 2222 452 2252 Multa
488 2229 586 2254 tamen
615 2226 712 2263 rapies
740 2226 850 2258 oscula.

190 2272 286 2301 multa
315 2271 428 2310 dubim]
462 2271 547 2302 Libri
573 2278 694 2314 septem
719 2280 851 2310 veteres,

190 2322 297 2359 capies.
323 2320 450 2362 optime,
461 2320 520 2351 hoc
536 2327 593 2358 est,
606 2323 751 2364 accipieS,
768 2323 851 2364 quod

190 2368 355 2411 respondet
367 2370 414 2410 τῷ
428 2371 521 2405 dabis,
534 2370 675 2412 Epistola
690 2372 850 2413 Sapphus:

237 2418 347 2449 Oscula
371 2429 520 2459 cognosco,
541 2431 604 2459 quae
621 2426 653 2450 ίιι
674 2422 853 2451 conmittere

322 2468 442 2507 [ἕης-1116,

278 2518 415 2555 Aptaque
440 2528 595 2547 consueras
615 2520 758 2557 accipere,
783 2526 853 2559 apta

320 2568 405 2595 clare.

194 2614 313 2645 Oscula
327 2625 388 2644 non
410 2614 583 2656 rapiuntur,
598 2615 657 2646 11151
681 2617 719 2647 ab
736 2617 852 2648 invitis.

194 2664 262 2695 Art.
276 2664 351 2694 Am.
368 2663 389 2694 i.
405 2665 477 2695 667.

240 2715 368 2744 Tantum
401 2726 437 2744 me
474 2722 598 2745 noceant
636 2718 742 2747 teneris
778 2717 854 2747 male

324 2770 409 2802 raptu
425 2765 549 2799 labellis,

1004 1928 1085 1958 Neve
1100 1930 1184 1968 queri
1195 1930 1284 1968 possit
1297 1929 1377 1959 dura
1382 1928 1483 1969 fuisse
1496 1940 1580 1961 cave.

1412 1977 1533 2009 Hssms.

963 2027 1035 2057 133.
1062 2026 1157 2057 Tanto
1180 2027 1279 2067 bella]
1304 2027 1444 2069 Ideoque
1466 2028 1578 2071 Eurip0

917 2075 1053 2117 Cyclops
1067 2075 1148 2106 illud
1163 2081 1255 2106 vocat

961 2124 1111 2167 Αἰσχρὸν
1127 2123 1315 2167 στράτευμα
1319 2147 1408 2156 .....
1416 2136 1444 2156 ν.
1460 2127 1535 2157 282.

918 2175 958 2204 Et
973 2184 1051 2204 vers.
1067 2174 1144 2205 279.

960 2221 999 2254 ‘H
1024 2225 1084 2261 τῆς
1108 2221 1263 2261 κακίστης
1285 2221 1313 2252 οὶ
1336 2221 1506 2264 μετὴλθεθ’
1521 2221 1580 2265 ἁρ-

1005 2272 1118 2313 παγάς

961 2320 1108 2360 Ἑλένης.

966 2371 1074 2411 Turpis
1090 2371 1263 2410 adultera]
1291 2370 1423 2401 Famosa
1438 2371 1580 2403 Helena:

922 2420 1031 2459 Turpis
1043 2419 1126 2451 enim
1139 2420 1197 2450 hoc
1212 2420 1280 2450 loco
1293 2419 1333 2450 ad
1346 2430 1456 2456 mores,
1467 2431 1529 2451 non
1541 2422 1581 2453 ad

920 2468 1032 2499 faciem
1055 2470 1195 2505 refertur,
1212 2474 1246 2499 ut
1269 2469 1342 2499 alibi
1364 2479 1487 2510 quoque
1504 2470 1583 2502 dixi.

921 2518 1101 2549 Cxommss.
1146 2518 1246 2548 Recte
1275 2518 1436 2548 Ciofanus.
1466 2519 1506 2549 ad
1536 2519 1581 2550 fa—

922 2567 1001 2598 ciem
1018 2568 1190 2603 retulimus,
1206 2568 1305 2610 Epist.
1322 2568 1362 2598 iv.
1378 2568 1430 2598 34.

969 2618 1039 2647 134.
1068 2617 1208 2658 ls'ertite]
1238 2618 1374 2651 Flectite,
1391 2623 1425 2647 ut
1440 2617 1580 2659 superius

921 2666 1045 2697 locutus
1060 2673 1116 2698 est.
1147 2662 1328 2698 Con.-mvs.
1375 2666 1450 2697 Vid.
1468 2666 1507 2697 ad
1520 2667 1580 2709 Ep.

921 2727 953 2747 x.
975 2717 1044 2747 149.

967 2766 1040 2797 135.
1058 2765 1114 2796 Sed
1125 2767 1196 2806 quid
1210 2778 1261 2806 ego
1271 2776 1371 2796 revoco
1381 2765 1470 2806 hasa]
1487 2765 1578 2796 Hanc
