1849 3198
298 181 338 211 14
695 177 902 208 BENTLEII
925 177 1049 208 EMEN
1056 177 1227 208 DATION
1233 179 1291 208 ES.

318 268 360 297 84
385 266 504 297 Fortior
519 265 552 296 in
567 274 703 295 summas

298 320 359 350 119
381 319 412 349 Si
428 329 490 360 qua
505 318 593 353 fides,
609 319 709 348 videor
724 316 851 348 veniens
865 319 904 347 ud
921 323 949 348 te
963 326 1031 347 esse
1045 322 1183 355 natat0r3

298 374 353 404 121
383 373 451 403 Hoc
464 382 587 413 quoque
603 371 643 401 mi
660 369 789 408 credas3

300 427 360 457 125
383 426 445 456 Hei
463 425 554 456 mihi!
581 435 636 456 cur
650 425 759 454 animis
770 424 873 465 juncti

300 480 360 510 135
661 476 720 508 nisi
737 476 781 507 sic
796 478 938 512 iterante,
953 476 1122 517 querebar:
1140 476 1269 517 (iterare
1285 474 1379 505 MSS.
1397 472 1483 503 Dun.
1497 468 1591 509 Rel.)

300 533 360 563 142
662 533 780 561 nomine
795 531 907 561 crimen
921 530 1027 561 habet.

301 586 361 615 144
705 590 822 625 tergore
836 582 921 613 vexit
936 581 1012 613 ovis.

300 639 358 670 147
384 638 479 668 Parte
493 647 598 678 queror
612 636 719 667 nu1131:
738 636 829 677 (Am.
845 635 876 666 ii.
894 636 943 666 12.
962 635 1012 666 14.
1056 635 1151 666 MSS.
1167 634 1257 665 Dun.
1273 632 1345 664 Rel.
1361 637 1395 662 ut
1409 628 1516 671 vulg.)

298 693 358 724 149
382 692 450 722 Nec
465 701 567 730 sequor
585 690 673 730 [MS.
689 689 795 729 Dun.]

297 746 358 775 152
381 746 496 782 Quaeve
511 742 578 783 (vel
593 752 713 783 quaque
731 741 802 771 MS.
820 741 882 780 D.)
897 740 992 771 micat

299 798 359 830 153
382 798 428 828 At
443 795 529 831 mihi,
545 806 634 835 quam
649 794 783 825 Perseus
797 801 852 825 aut
866 804 938 825 cum
952 794 1030 824 Jove

533 860 605 888 quas
618 848 751 878 Perseus
766 853 799 878 et
813 857 884 878 cum

300 904 360 935 156
383 903 456 933 Non
471 908 553 932 errat
569 901 600 931 in
616 900 751 932 tenebris

298 957 360 988 160
384 956 549 996 Morsaque
566 964 659 996 quem
674 956 805 984 subitum
822 953 923 993 [Met.
940 952 1007 984 xiii.
1023 953 1119 993 943.]

299 1010 357 1040 171
383 1009 445 1040 Hic
460 1019 503 1044 es,
515 1014 548 1038 at
563 1007 707 1048 exiguum
722 1005 832 1036 misero

385 1062 470 1092 Huic
484 1067 535 1096 est,
551 1061 627 1100 quod
641 1070 711 1090 raro
726 1058 837 1089 misero
853 1059 962 1099 [MSS.
977 1059 1050 1090 Rel.
1066 1058 1170 1097 Dun.]

300 1115 360 1145 174
383 1114 476 1145 Nunc
492 1113 594 1143 minus
609 1114 669 1142 Izaec
688 1112 769 1154 [xix.
790 1112 880 1152 142]

299 1169 360 1199 177
384 1168 455 1204 Quo
469 1169 587 1207 propior
603 1176 686 1196 nunc
703 1176 747 1201 es,

300 1221 362 1252 186
386 1221 426 1251 Et
445 1221 533 1260 [MS.
549 1218 654 1259 Dun.]
672 1218 773 1249 ventis
787 1223 819 1249 et
834 1219 917 1259 aquit
931 1228 1002 1260 spes
1019 1218 1093 1248 mihi

298 1275 358 1306 187
382 1275 491 1305 EEstus
506 1272 608 1304 adhuc
625 1278 729 1303 tamt-n
743 1278 800 1303 est.
816 1273 887 1312 quid
902 1274 960 1302 erit
976 1283 1044 1303 cum
1060 1271 1173 1302 laeserit
1192 1271 1279 1312 [MS.
1295 1270 1405 1311 Dun.]

299 1329 359 1359 197
383 1328 508 1369 Optabo
523 1333 653 1362 tantum,
668 1332 703 1358 ut
718 1331 823 1367 partes
838 1327 964 1356 eztollar
978 1325 1010 1356 in
1025 1325 1115 1364 illas3
1141 1325 1229 1365 [MS.
1246 1324 1350 1364 Dun.]

297 1382 360 1413 203
383 1381 522 1419 Desino3
546 1390 638 1422 parce
655 1379 765 1421 quaeri.
783 1379 837 1410 sed
854 1385 889 1409 ut
904 1379 981 1409 hanc
997 1389 1082 1409 mare
1096 1379 1213 1409 desinat
1228 1377 1317 1413 iram,
1336 1376 1446 1417 [MSS.
1462 1375 1550 1407 Dun.
1566 1375 1660 1416 Bel]

297 1436 358 1466 ‘211
695 1433 826 1473 flatibus
841 1432 919 1463 ulla:
945 1432 1014 1473 [vii.
1031 1432 1103 1472 40.]

295 1489 358 1519 213
702 1488 854 1527 vestrique
868 1486 1005 1524 lacert03
1023 1486 1113 1526 (MS.
1130 1485 1205 1516 Rel.
1221 1484 1347 1526 pariter,
1364 1491 1398 1515 ut
1413 1483 1497 1524 vulg.
1512 1484 1583 1514 MS.
1598 1483 1689 1514 Dun.

426 1539 601 1582 tenerique)

382 1593 611 1635 Abjudicentur
627 1604 679 1623 vv.
698 1593 727 1628 l,
746 1593 778 1623 2.

824 1710 1001 1748 EPIST.
1031 1710 1149 1747 XIX.

321 1808 357 1836 11
534 1810 588 1835 aut
602 1808 704 1834 unctae
720 1814 805 1833 mane
820 1804 971 1844 palaestrae
984 1815 991 1834 ε

322 1860 359 1889 18
383 1858 460 1889 Plus
474 1867 608 1898 quoque,
624 1867 717 1898 quam
734 1858 816 1886 credi

318 1912 357 1941 21
384 1911 543 1952 Autsreta
559 1908 759 1951 prospiciens,

317 1965 358 1995 29
382 1964 461 1994 Utve
477 1964 566 2004 (MS.
583 1962 669 1992 Dun.
690 1961 786 2001 Usque
801 1961 873 1992 MS.
888 1960 980 2001 Rel.)
996 1971 1099 2002 rogem

318 2018 359 2047 32
383 2016 638 2055 Hellespontiacas
652 2014 740 2056 ponis
755 2014 853 2044 iturus
867 2015 979 2053 aquas?
1003 2014 1089 2054 [MS.
1109 2014 1199 2054 Reh]

318 2070 360 2100 35
704 2066 821 2097 lumina
838 2069 918 2097 turri
934 2067 1000 2108 (vel
1016 2074 1095 2098 tacto
1107 2069 1178 2098 MS.
1196 2068 1285 2108 Reh]

319 2123 361 2152 36
618 2121 742 2150 assiduae
756 2119 845 2160 signa
860 2126 964 2150 notata
981 2120 1047 2152 viae.

318 2175 356 2204 41
381 2175 401 2205 J
405 2184 453 2204 am
468 2179 558 2215 putes
571 2175 676 2212 cepisse

321 2228 362 2257 42
386 2227 437 2257 An
452 2227 586 2267 vigilant
602 2227 750 2256 homines?

319 2281 360 2311 49
618 2280 705 2308 tactis
720 2278 835 2319 perfeci
852 2279 989 2310 stamina
1005 2286 1098 2315 terra,
1113 2279 1200 2319 [MS.
1215 2279 1317 2319 Dun.]

319 2333 360 2362 70
616 2331 698 2361 lente
715 2337 854 2366 mot-ator,
871 2332 968 2362 abes!

320 2386 357 2415 71
386 2386 439 2415 Est
455 2395 537 2414 mare
555 2383 737 2425 (confiteor)
754 2395 813 2413 non
829 2396 912 2414 nunc

320 2439 359 2468 77
617 2439 717 2476 pacati
734 2437 830 2467 forma
846 2437 988 2478 profundi
1003 2451 1008 2467 :

321 2492 357 2521 81
706 2489 791 2519 lenta
806 2496 951 2526 sonantes,

320 2545 361 2573 82
662 2543 748 2572 Stare
762 2553 903 2583 precarer
918 2553 1026 2584 aquas.

321 2597 361 2626 89
618 2605 713 2635 quove
728 2595 782 2625 illa
799 2595 931 2626 audacia
946 2596 1050 2637 fugit?

319 2650 361 2678 92
618 2657 671 2687 per
687 2658 768 2678 mare
783 2654 890 2678 cautus
905 2648 972 2679 iter.
992 2648 1094 2688 [xviii.
1115 2650 1184 2678 110.
1202 2646 1292 2688 290]

304 2702 362 2730 100
621 2700 752 2731 Thressa
767 2700 872 2741 puella
887 2704 960 2731 viro.
976 2702 1064 2741 (MS.
1081 2702 1124 2732 D.
1143 2708 1206 2732 toro
1222 2703 1294 2733 MS.
1314 2702 1385 2733 Rel.
1402 2709 1435 2734 ut
1450 2704 1552 2746 vulg.)
