1849 3198
222 224 279 266 30
615 222 666 263 Ρ.
690 221 903 264 OVIDII
935 221 1214 265 NASONIS

224 339 364 387 Neve
388 340 524 386 meos
549 353 715 385 coram
739 338 895 386 scindi
921 338 1107 402 patiare
1131 338 1363 402 capillos:

290 416 356 463 Et
378 415 549 463 leviter
573 415 737 462 dicas:
767 414 891 462 Haec
917 431 1118 478 quoque
1142 422 1311 462 nostra
1333 414 1440 462 fuit.
1546 420 1608 464 80

222 492 315 541 Vel
338 492 526 556 patiare
550 492 693 549 licet;
723 493 841 539 dum
866 509 928 540 ne
953 501 1205 541 contemta
1228 494 1492 557 relinquar.

292 569 388 616 Hic
415 570 533 616 mihi
557 587 629 616 vae
654 570 845 617 miserae
871 570 1090 617 concutit
1114 587 1227 617 ossa
1250 579 1428 619 metus.

225 646 360 701 Quid
375 653 541 693 tamen
560 647 856 710 exspectas?
886 646 1262 709 Agamemnona
1279 650 1486 712 poenitet
1510 649 1608 705 irae,

291 723 356 770 Et
374 725 509 786 jacet
534 730 646 770 ante
671 730 783 770 tuos
811 723 1006 770 Graecia
1029 731 1207 771 moesta
1229 726 1400 789 pedes.

223 801 381 848 Vince
407 802 612 857 animos,
641 801 864 864 iramque
887 800 1040 857 tuam,
1067 802 1152 865 qui
1178 809 1344 849 cetera
1367 803 1609 850 vincis.85

291 878 423 932 Quid
447 880 633 925 lacerat
653 878 852 926 Danaas
878 879 1087 943 impiger
1112 878 1301 927 Hector
1325 881 1480 943 opes?

223 955 376 1003 Arma
398 972 536 1019 cape,
565 955 785 1010 AEacida,
814 956 901 1003 sed
926 972 1007 1003 me
1034 964 1200 1004 tamen
1226 964 1340 1004 ante
1365 962 1593 1022 recepta:

291 1033 357 1080 Et
379 1049 548 1097 preme
572 1034 812 1089 turbatos,
843 1033 1006 1080 Marte
1031 1033 1241 1089 favente,
1266 1034 1412 1081 viros.

225 1109 437 1173 Propter
461 1126 540 1156 me
565 1116 700 1156 mota
723 1116 813 1164 est,
840 1117 1042 1173 propter
1065 1126 1145 1157 me
1170 1111 1364 1158 desinat
1388 1111 1486 1159 ira:

293 1187 501 1250 Simque
527 1203 619 1249 ego
643 1187 852 1234 tristitiae
878 1203 1056 1235 caussa
1079 1188 1355 1250 modusque
1379 1196 1493 1235 tuae.
1549 1191 1613 1235 90

226 1264 274 1312 N
280 1281 334 1312 ec
359 1265 449 1312 tibi
473 1271 616 1328 turpe
641 1272 763 1329 puta
786 1266 1017 1329 precibus
1043 1266 1366 1312 succumbere
1391 1266 1598 1313 nostris:

293 1342 531 1405 Conjugis
558 1342 765 1390 OEnides
790 1359 959 1390 versus
984 1343 1033 1389 in
1059 1358 1195 1389 arma
1218 1358 1366 1405 prece
1392 1349 1483 1389 est.

227 1418 329 1466 Res
355 1419 523 1466 audita
547 1419 683 1475 mihi,
711 1426 828 1466 nota
851 1426 927 1466 est
951 1419 1058 1466 tibi.
1097 1418 1328 1466 fratribus
1354 1420 1474 1466 orba

301 1495 510 1542 Devovit
535 1496 636 1543 nati
661 1512 901 1560 spemque
926 1503 1175 1560 caputque
1198 1512 1394 1561 parens,

270 1645 323 1674 80.
351 1644 389 1674 Et
402 1645 534 1686 levitem]
562 1645 600 1675 In
613 1644 809 1676 Gronoviano
821 1651 886 1676 erat

227 1695 333 1723 leniter
355 1699 382 1723 et
405 1696 499 1724 dicus.
544 1694 647 1724 Editio
670 1701 758 1724 vetus
781 1700 888 1725 eontra

227 1748 359 1773 metrum
375 1749 402 1773 et
417 1744 533 1780 leniter,
550 1743 632 1785 quod
648 1749 806 1785 exponunt
822 1743 887 1774 sine

225 1791 281 1827 ira,
298 1797 329 1822 et
352 1791 538 1823 turbatione.
554 1792 608 1823 sed
631 1798 714 1823 recte
737 1804 769 1823 se
792 1793 889 1823 habet

226 1842 388 1882 vulgatus:
415 1843 517 1872 leviter
545 1852 617 1873 vero
641 1843 736 1872 dicere
760 1848 806 1873 est
828 1853 889 1873 non

227 1889 436 1926 vehementer,
461 1901 522 1921 non
536 1901 612 1922 voce
636 1901 751 1932 magna
764 1897 795 1922 et
817 1893 888 1922 sub-

226 1937 300 1975 lata,
318 1945 351 1969 ut
373 1939 568 1980 increpantes
591 1940 701 1976 solent,
725 1940 780 1971 sed
802 1941 890 1982 quasi

227 1998 391 2029 suppressa
406 2000 413 2026 3
438 1988 543 2025 nolim,
556 1988 633 2019 dicit
649 1989 775 2025 Briseis,
787 1994 817 2020 te
833 2000 889 2021 ux-

227 2047 322 2073 orem,
338 2048 388 2067 me
412 2037 632 2078 exagitantem,
649 2038 809 2080 increpare
831 2038 890 2070 ira-

229 2086 340 2122 cunde,
361 2086 416 2116 sed
440 2097 514 2117 voce
538 2086 690 2117 submissa
712 2087 808 2123 dicas,
832 2089 891 2119 Izaec

228 2145 337 2174 quoque
350 2141 446 2164 noser-a
453 2134 535 2176 ficit.
546 2135 590 2166 ita
599 2135 621 2165 i.
635 2135 744 2166 Amor.
756 2135 801 2166 iii.
814 2137 868 2168 30.

275 2182 321 2213 Tu
347 2184 455 2213 lenitur
481 2195 609 2224 puerum
634 2197 717 2225 posce
739 2188 811 2227 quid
833 2189 891 2227 ipse

315 2233 397 2262 velis.

228 2279 251 2311 i.
269 2279 343 2310 Am.
357 2281 389 2311 6.

277 2329 317 2358 Et
333 2330 512 2371 leviter,fies
526 2337 559 2362 tu
573 2331 794 2374 quoqrtefin·tis‚
810 2335 866 2363 ait.

230 2377 277 2407 Ex
301 2378 413 2419 quibus
435 2386 564 2420 apparet
584 2379 663 2411 viros
686 2381 791 2411 doctos
814 2381 890 2419 falli,

231 2426 286 2467 qui
302 2427 384 2468 apud
400 2427 582 2458 Ciceronem
595 2440 649 2471 pro
670 2429 757 2460 Sulla
771 2440 840 2471 cap.
858 2442 891 2462 x,

231 2485 376 2516 reponere
398 2476 505 2507 volunt
523 2478 631 2507 leniter
653 2480 759 2514 dicere,
774 2489 827 2520 pro
849 2480 890 2509 le—

230 2530 317 2558 viter,
334 2534 404 2554 cum
428 2526 629 2566 praecesserit‚
653 2538 802 2566 suppressa
827 2539 893 2559 voce

231 2574 339 2602 dicere.
365 2579 396 2603 et
420 2574 530 2605 frustra
553 2586 676 2617 quoque
703 2576 782 2607 hanc
806 2576 892 2608 locu-

234 2621 349 2651 tionem
374 2623 475 2653 Ieviter
490 2625 587 2654 dicere
602 2625 778 2666 improbari.
796 2625 839 2656 sic
863 2632 894 2657 et

233 2670 337 2699 leviter
351 2672 457 2701 audire
476 2671 689 2708 Quinctiliano
704 2674 894 2706 reddidimus

232 2717 327 2748 Decl.
343 2718 407 2748 xix.
424 2725 455 2749 et
478 2720 521 2750 ita
544 2721 646 2752 Leviter
664 2724 810 2758 accedere,
825 2733 891 2753 sus-

233 2775 328 2807 penso
339 2766 429 2808 pede,
439 2768 569 2806 Quinct.
580 2769 602 2800 i.
612 2770 706 2801 Decl.
719 2771 752 2801 3.
774 2771 890 2803 Bunm.

999 1645 1052 1676 87.
1067 1645 1159 1675 Arma
1175 1656 1244 1684 cape
1253 1645 1404 1686 AEacide.]
1424 1646 1551 1677 AEurz'da
1567 1657 1616 1677 co-

957 1694 1017 1725 dex
1033 1694 1110 1725 alter
1126 1694 1257 1735 Regius,
1272 1701 1307 1725 ut
1321 1694 1414 1725 Silius
1429 1695 1466 1726 de
1483 1696 1617 1726 Homero

955 1743 995 1774 ad
1010 1743 1168 1774 Achillem
1182 1756 1188 1773 z

1000 1793 1084 1823 Felix
1098 1793 1237 1828 zFacida,
1247 1794 1295 1823 cni
1310 1794 1365 1823 tali
1380 1794 1505 1834 contigit
1521 1804 1569 1823 ore

1003 1842 1146 1872 Gentibus
1160 1843 1284 1872 ostendi.

957 1891 1072 1922 Noster
1086 1891 1143 1921 lib.
1156 1891 1211 1922 vii.
1227 1892 1308 1922 Met.
1322 1903 1353 1922 v.
1367 1893 1442 1922 800.

1088 1940 1182 1971 Juvat
1197 1953 1212 1971 0
1226 1943 1386 1971 meminisse
1400 1943 1476 1972 beati

1003 1989 1148 2030 Temporis
1162 1991 1302 2021 AEacida.

958 2039 1121 2075 Quomodo
1143 2039 1267 2081 optimae
1296 2040 1495 2070 membranae.
1518 2038 1562 2070 sic
1588 2045 1620 2070 et

958 2087 1016 2117 lib.
1034 2087 1077 2117 xi.

1001 2137 1138 2172 [Ειισίιίιῃ
1154 2137 1239 2172 dixit,
1254 2139 1326 2166 votis
1339 2137 1447 2176 potiere
1459 2138 1570 2176 petitis,

960 2186 1078 2216 Notum
1092 2184 1172 2215 illud
1186 2185 1302 2216 oraculi
1315 2198 1321 2215 :

1001 2235 1057 2273 Ajo
1070 2240 1097 2264 te
1107 2234 1233 2264 AEacz'da
1245 2234 1389 2265 Romanos
1403 2236 1518 2265 ‘vincere
1531 2245 1620 2274 posse.

958 2283 1008 2314 Ita
1035 2284 1096 2324 Ep.
1115 2283 1157 2314 vi.
1180 2284 1252 2314 169.
1278 2284 1396 2314 Mobilis
1411 2284 1566 2315 AEsonida.
1596 2284 1617 2315 i.

959 2332 1028 2362 Art.
1040 2332 1114 2362 Am.
1132 2333 1207 2363 691.

1046 2381 1216 2423 Quid-facis
1232 2381 1371 2412 AEacida.

959 2429 993 2460 ii.
1007 2430 1180 2461 Fast.120.

1008 2478 1117 2509 Vellem
1134 2479 1282 2509 Maeonz'da
1294 2485 1396 2519 pectus
1409 2480 1498 2509 inesse
1521 2485 1618 2510 tuum.

1459 2528 1576 2558 Hmrs.

1004 2575 1058 2605 91.
1086 2574 1149 2605 Nec
1163 2576 1311 2615 til>itzrrpe
1322 2575 1428 2615 puta]
1447 2575 1621 2617 Argumen-

960 2629 1027 2654 tum
1038 2634 1055 2654 a
1066 2624 1304 2666 comparatione,
1315 2630 1373 2655 eta
1386 2624 1508 2655 minori.
1525 2625 1619 2657 CIOF.

1002 2673 1058 2703 93.
1073 2664 1344 2715 o›·z›afmtrz1›1is.]
1359 2673 1496 2704 Toxeum
1507 2680 1538 2705 et
1549 2674 1620 2705 Pie-

960 2721 1088 2763 xippum
1103 2722 1262 2764 intelligit,
1280 2733 1357 2764 quos
1372 2722 1424 2754 alii
1448 2723 1574 2754 Protum
1591 2729 1624 2754 et

961 2770 1121 2801 Cometem
1131 2771 1290 2813 appellant
1302 2783 1309 2801 :
1334 2771 1388 2803 hos
1399 2771 1560 2814 Meleager
1574 2771 1620 2803 in-
