1849 3198
231 187 317 228 :386

625 187 676 228 P.
710 187 925 228 OVIDII
959 189 1239 231 NASONIS

235 302 301 349 At
325 317 428 357 vos,
456 302 557 364 qua
585 302 762 359 veniet,
789 304 965 351 tumidi
991 305 1235 353 subsidite
1259 313 1476 354 montes:

303 377 368 424 Et
392 378 561 426 faciles
587 380 748 425 curvis
775 380 983 427 vallibus
1009 389 1115 429 este
1139 383 1245 429 viae.

674 678 972 725 ELEGIA
1019 679 1190 726 XVII.

236 791 289 837 Si
316 791 428 854 quis
455 792 562 847 erit,
590 791 675 854 qui
701 797 845 854 turpe
871 796 1013 854 putet
1038 790 1218 837 servire
1245 790 1445 853 puellae3

299 867 392 915 Illo
418 868 682 915 convincar
700 867 871 930 judice
894 867 1052 930 turpis
1079 883 1189 929 ego.

235 945 340 992 Sim
364 945 483 992 licet
506 943 725 1001 infamis3
765 944 884 990 dum
909 959 988 990 me
1014 944 1315 991 moderatius
1341 950 1466 1000 urat,

300 1021 424 1076 Quae
451 1021 680 1085 Paphon,
699 1027 758 1090 (et
781 1021 935 1067 fluctu
962 1021 1107 1084 pulsa
1132 1021 1355 1084 Cythera
1379 1027 1532 1068 tenet.

231 1097 399 1161 Atque
424 1099 613 1145 utinam
629 1098 841 1145 dominae
862 1098 969 1145 miti
989 1115 1189 1162 quoque
1206 1099 1375 1162 praeda
1391 1098 1619 1153 fuissem;

297 1175 547 1222 Formosae
576 1175 812 1239 quoniam
837 1176 1007 1239 praeda
1030 1175 1222 1223 futurus
1248 1192 1397 1223 eram.
1594 1178 1623 1221 6

232 1251 333 1299 Dat
357 1251 507 1300 facies
534 1253 740 1299 animos.
780 1252 905 1299 facie
930 1252 1145 1299 violenta
1171 1252 1390 1300 Corinna
1414 1259 1511 1308 est;

297 1329 408 1391 (Me
434 1329 690 1377 miserum!
729 1346 816 1377 cur
840 1336 917 1377 est
940 1337 1042 1377 tam
1067 1331 1196 1378 bene
1220 1337 1338 1377 nota
1362 1329 1509 1389 sibi?)

232 1406 437 1454 Scilicet
461 1423 490 1453 a
514 1407 704 1470 speculi
730 1413 991 1453 sumuntur
1015 1407 1230 1470 imagine
1255 1407 1434 1463 fastus;

297 1483 406 1531 Nec
433 1484 525 1530 nisi
551 1484 881 1548 compositam
907 1501 960 1532 se
986 1485 1122 1548 prius
1148 1485 1232 1531 illa
1255 1485 1405 1531 videt.
1564 1487 1621 1531 10

229 1558 343 1606 Non
367 1560 458 1607 tibi
484 1561 523 1607 si
549 1560 701 1608 facies
727 1562 932 1608 nimium
958 1562 1044 1609 dat
1069 1563 1117 1609 in
1143 1562 1308 1609 onmia
1332 1562 1493 1624 regni3

295 1636 364 1698 (O
391 1636 542 1684 facies
569 1638 738 1684 oculos
764 1644 881 1685 nata
904 1645 1073 1686 tenere
1099 1656 1235 1686 meos
1253 1638 1288 1698 ἱ)

229 1712 480 1760 Collatum
505 1714 690 1761 idcirco
715 1714 804 1761 tibi
830 1731 908 1761 me
934 1722 1250 1763 contemnere
1277 1716 1449 1763 debes.

290 1789 466 1853 Aptari
492 1790 684 1853 magnis
710 1790 938 1837 inferiora
961 1791 1093 1838 licet.

267 1924 318 1954 51.
336 1924 377 1953 At
393 1934 450 1960 vos,
467 1936 523 1964 qua
540 1926 647 1959 reniet,
671 1926 780 1954 tumidi
795 1926 886 1955 subsi-

223 1975 284 2002 dite
297 1980 418 2009 montes,
444 1973 484 2003 Et
499 1974 614 2015 filcile&
636 1976 736 2004 curvis
759 1975 888 2005 vallibus

221 2028 279 2051 esce
315 2022 399 2062 viam]
459 2022 699 2064 Prosopopoeia.
740 2022 887 2054 describit

222 2075 327 2100 autem
351 2070 467 2111 optime
490 2071 689 2112 Pelignorum
713 2071 817 2108 situm,
845 2072 885 2103 ad

222 2130 300 2159 quos
313 2130 351 2149 ex
369 2120 454 2150 Urbe
470 2120 713 2156 discedentibus,
727 2121 786 2152 nisi
798 2132 884 2152 mon-

221 2167 315 2203 tibus,
332 2179 367 2199 ac
385 2169 519 2200 vallibus
533 2170 717 2211 peragratis,
734 2171 884 2202 accedere

221 2227 282 2246 non
297 2217 384 2247 licet.
431 2217 611 2249 Cxomsus.

263 2315 295 2345 3.
323 2314 383 2345 Sim
401 2316 467 2346 lieet
482 2316 636 2357 infamia]
672 2315 740 2346 Hoc
754 2316 883 2346 verbum

219 2363 342 2405 infamis
358 2374 429 2395 cum
442 2364 538 2395 altero
554 2366 662 2404 turpis,
678 2364 762 2405 quod
784 2370 830 2395 est
852 2365 883 2395 iu

218 2411 366 2454 superiori
383 2414 531 2449 carmine,
547 2413 630 2444 idem
645 2419 729 2444 sunt.
763 2414 881 2444 Omm-

220 2472 295 2491 Nus.
333 2461 474 2503 Infamis.
500 2463 725 2504 Interpretatur
750 2462 882 2495 Robert.

218 2509 466 2551 Stephan.quasi
482 2513 656 2553 sinefnma:
680 2512 882 2548 rectius,me0

218 2558 345 2599 quidem
357 2558 488 2600 judicic,
503 2559 529 2590 si
545 2559 807 2601 quemadmodum
822 2561 879 2601 fa-

217 2619 295 2638 mam
311 2609 451 2649 afando,
469 2609 513 2639 sic
528 2610 567 2640 ab
584 2610 710 2651 infando
731 2609 879 2640 infamem

216 2655 389 2687 derivatum
405 2657 544 2689 dixisset.
590 2658 661 2688 Non
678 2658 759 2688 enim
784 2658 808 2688 is
833 2661 876 2689 ιἰι-

205 2705 313 2744 samis,
339 2705 377 2736 de
402 2717 463 2746 quo
485 2717 586 2738 rumor
608 2707 731 2738 omniuo
756 2707 873 2741 nullus;

954 1925 1009 1955 sed
1034 1924 1086 1956 ille
1114 1925 1167 1966 qui
1195 1936 1253 1956 nec
1277 1924 1451 1956 nominatur
1480 1926 1618 1966 quidem,

954 1984 1017 2015 prae
1033 1974 1163 2016 pudore.
1209 1974 1328 2004 Ama.

997 2023 1029 2053 4.
1050 2023 1121 2057 Quae
1148 2023 1300 2063 Paphon]
1339 2023 1530 2065 Periphrasis
1556 2025 1617 2054 Ve-

954 2071 1047 2102 neris.
1078 2072 1173 2103 Cror.

999 2121 1094 2151 Pulsa
1125 2121 1288 2161 Cythera]
1336 2121 1468 2162 Cythera
1505 2121 1616 2163 plurali

953 2179 1080 2200 numero
1096 2170 1210 2201 dixisse
1229 2169 1321 2200 docet
1335 2171 1459 2200 Servius
1472 2170 1511 2201 ad
1527 2170 1582 2202 lib.
1598 2170 1619 2200 i.

952 2219 1082 2249 AEneid.
1099 2220 1172 2250 680.
1189 2226 1219 2250 et
1236 2231 1266 2250 x.
1281 2220 1334 2250 51.
1366 2220 1484 2250 Bunm.

994 2269 1024 2298 9.
1034 2268 1155 2299 Scilicet
1164 2282 1180 2299 ιι
1190 2270 1310 2309 speculi,
1320 2268 1396 2308 δια]
1410 2269 1459 2299 De
1469 2269 1615 2310 speculis,

952 2327 1118 2358 eorumque
1139 2318 1317 2358 generibus,
1335 2328 1393 2348 usu
1416 2323 1447 2347 et
1470 2318 1613 2353 materia,

950 2365 1134 2397 consulend.
1150 2367 1263 2397 Sextus
1277 2367 1394 2408 Empir.
1410 2366 1494 2397 Plin.
1509 2367 1616 2398 xxxvi.

950 2416 1004 2445 26.
1033 2422 1064 2445 et
1092 2416 1205 2447 Senec.
1238 2416 1360 2453 Quaest.
1396 2416 1472 2447 Nat.
1503 2416 1525 2447 ἰ.
1560 2418 1610 2447 17.

950 2465 1069 2497 Amn.

997 2516 1044 2545 10.
1070 2515 1162 2545 Prius
1177 2515 1392 2555 compositam]
1422 2514 1511 2545 Prius
1523 2525 1611 2546 orna-

949 2568 1023 2594 tam.
1052 2564 1102 2594 Sic
1118 2564 1242 2594 omnino
1257 2575 1294 2595 ex
1319 2564 1537 2605 manuscriptis
1560 2576 1609 2596 co-

947 2611 1069 2643 dicibus
1081 2613 1246 2653 legendum
1262 2618 1309 2643 est
1324 2613 1381 2643 hoc
1397 2623 1538 2643 carmen:

994 2661 1055 2692 Nec
1068 2663 1311 2701 nisic11771p0.s·il‹rn1
1324 2663 1444 2701 seprius
1454 2662 1508 2691 illa
1521 2663 1609 2693 videt.

1418 2710 1565 2741 Mmuvs.
