1849 3198
615 247 957 290 HEROIDES.
994 249 1083 291 ΕΡ.
1117 250 1252 293 VIII.
1569 255 1626 295 99

241 356 375 412 Quid
400 363 610 423 gravius,
638 372 785 427 capta
817 363 1190 423 Lacedaemone,
1219 381 1359 416 serva
1381 369 1623 426 tulissem,

309 437 362 484 Si
389 447 582 502 raperet
608 439 784 503 Grajas
810 441 1020 488 barbara
1042 443 1188 490 turba
1211 445 1397 492 nurus?

240 513 446 563 Parcius
472 516 856 566 Andromachen
880 520 1078 567 vexavit
1101 520 1292 568 Achaia
1315 523 1506 578 victrix,

307 592 437 640 Cum
464 594 667 642 Danaus
694 596 942 660 Phrygias
968 605 1131 644 ureret
1154 598 1281 660 ignis
1307 615 1444 662 opes.

238 668 307 716 At
330 677 400 727 tu,
428 688 546 719 cura
569 674 666 721 mei
692 674 732 720 si
757 681 805 721 te
832 675 914 738 pia
936 676 1110 737 tangit,
1141 675 1335 731 Oreste,
1568 681 1624 724 15

307 746 463 810 Injice
482 766 580 796 non
605 750 803 798 timidas
829 752 878 798 in
902 758 988 798 tua
1005 753 1119 815 jura
1143 769 1335 800 manus.

238 822 334 880 An,
363 825 402 871 si
429 827 540 889 quis
566 828 725 891 rapiat
749 830 956 876 stabulis
983 838 1204 877 armenta
1227 830 1449 885 reclusiS‚

303 900 456 950 Arma
480 903 640 952 feras?
677 913 818 969 rapta
841 908 1053 970 conjuge
1078 908 1240 954 lentus
1266 908 1395 955 eris?

241 976 317 1024 Sit
341 995 482 1027 socer
505 983 753 1046 exemplo,
781 991 948 1047 nuptae
974 986 1211 1048 repetitor
1236 986 1474 1032 ademtae:

307 1055 403 1103 Cui
428 1059 511 1121 pia
533 1060 720 1108 militiae
746 1077 924 1108 caussa
947 1062 1113 1125 puella
1137 1061 1244 1109 fuit.

1561 1065 1625 1107 20

240 1130 294 1178 Si
319 1149 460 1182 socer
483 1136 688 1199 ignavus
713 1138 861 1185 vidua
885 1139 1096 1186 sedisset
1121 1139 1169 1185 in
1195 1139 1332 1195 aula3

306 1209 481 1276 Nupta
503 1213 629 1261 foret
654 1214 822 1262 Paridi
848 1222 1020 1272 mater,
1049 1224 1102 1263 ut
1127 1223 1240 1263 ante
1265 1215 1372 1263 fuit.

283 1360 333 1391 ll.
356 1360 437 1394 Quid
452 1364 576 1403 gravius
591 1370 675 1403 capta
690 1364 898 1394 Lacedaemone

237 1419 318 1439 serva
334 1411 490 1451 tulissem]
507 1411 557 1442 Sic
570 1423 664 1454 prope
679 1412 736 1443 lib.
753 1412 796 1443 iv,
810 1414 895 1444 Fast.

236 1457 275 1489 de
293 1459 424 1491 Cerere:

281 1508 364 1543 Quid
387 1513 512 1551 gravius
536 1513 646 1542 victore
669 1512 756 1554 Gyge
779 1515 897 1552 captiva

325 1560 476 1590 tulissem?
759 1562 854 1594 Cror.

235 1607 274 1637 In
289 1608 394 1639 multis
409 1609 569 1640 codicibus
584 1615 630 1641 est
635 1610 775 1651 fuissem,
789 1622 828 1642 an
843 1623 897 1653 pro

237 1658 373 1689 luissem?
400 1659 547 1690 Francius
569 1670 623 1701 pro
647 1661 784 1696 barbara,
800 1662 897 1692 male-

235 1707 290 1738 bat
306 1708 469 1740 Dardana.
495 1708 560 1739 vid.
578 1710 679 1751 Epist.
696 1709 718 1740 i.
735 1711 789 1741 26.

282 1758 332 1788 13.
356 1758 505 1798 Achaim]
525 1758 555 1788 A
577 1765 664 1800 parte
687 1765 797 1795 totum,
814 1761 898 1791 κατὰ

238 1805 457 1849 συνεκδοχὴν.
481 1807 573 1839 sicin
596 1807 727 1850 epistola
746 1809 785 1839 ad
802 1809 896 1840 Hele-

237 1866 326 1887 nam:

282 1906 308 1936 Ο
321 1908 431 1946 quoties
443 1906 521 1937 dices
539 1918 627 1946 quam
646 1917 762 1946 pauper
778 1907 897 1936 Achaia

322 1962 423 1986 nostra
439 1962 491 1986 est.

237 2005 277 2035 Et
291 2005 348 2035 lib.
366 2005 430 2036 xiii.
452 2005 662 2048 Metamorph.

279 2061 394 2085 --——et
423 2056 571 2085 amilium
595 2057 747 2095 promittet
779 2055 896 2085 Acha'ia

326 2103 434 2144 Trqjae.
758 2104 851 2134 Cror.

283 2153 332 2184 15.
357 2153 389 2182 Si
406 2160 432 2183 te
444 2155 514 2193 jam
530 2153 658 2195 tangit]
684 2152 810 2192 Aliipia
829 2159 895 2182 taa-

234 2201 293 2243 ga,
322 2201 376 2233 alii
401 2213 494 2233 nanc.
531 2203 716 2233 EGNATIUS.
776 2201 896 2232 Dubito

235 2259 341 2283 tamen
353 2263 392 2283 an
408 2262 496 2293 aeque
511 2257 594 2283 recte
610 2264 683 2283 cura
697 2254 747 2292 pia
764 2252 895 2285 dicatur,

236 2312 272 2332 ac
289 2313 362 2332 cura
384 2304 439 2341 piae
455 2303 572 2333 sororis.
597 2302 641 2332 ita
656 2307 738 2333 certe
761 2302 897 2343 loquitur

237 2351 336 2394 Epist.
352 2352 415 2382 xiv.
431 2352 503 2382 123.

281 2402 320 2431 At
345 2407 378 2431 tu
393 2403 417 2431 si
439 2412 497 2441 qua
513 2402 581 2441 pite,
598 2400 733 2442 Lyncea,
750 2403 802 2432 tihi
822 2412 897 2431 cara

322 2460 439 2480 sororis.

238 2502 343 2538 Quare
367 2506 396 2531 et
420 2500 469 2530 hic
491 2505 593 2542 posset
616 2500 688 2541 legi,
713 2502 751 2530 At
769 2506 806 2535 te,
821 2511 897 2529 cura

237 2554 291 2591 piae
303 2553 326 2581 si
345 2554 445 2591 tejam
457 2552 568 2590 tangit,
580 2550 693 2580 Oreste.
718 2549 771 2580 sed
788 2559 896 2590 parum

238 2603 336 2637 abest,
347 2600 422 2642 quin
439 2599 599 2642 praeferam
614 2599 796 2640 scripturam
812 2598 895 2628 codi-

238 2651 283 2681 cis
297 2649 513 2681 Balliolensis:
539 2650 579 2678 At
595 2654 622 2678 te
635 2660 736 2678 caussa
753 2649 806 2678 mei
822 2649 845 2677 si
867 2653 894 2677 te

236 2702 288 2739 pia
317 2701 426 2741 tangit.
474 2698 533 2728 Pia
558 2708 660 2728 caussa
685 2696 810 2738 passim,
840 2707 894 2738 pro

235 2751 331 2791 justa,
351 2758 453 2790 aequa.
478 2753 510 2778 ut
526 2758 595 2777 mox
612 2758 643 2776 ν.
661 2748 712 2776 20.
736 2746 787 2776 ubi
801 2745 894 2775 etiarn

239 2798 291 2830 alii
306 2798 430 2829 codices
441 2799 492 2837 pia
508 2808 595 2828 cura.
620 2803 650 2827 ct
667 2796 706 2826 vi.
724 2796 803 2826 Met.
819 2796 893 2826 496.

968 1364 1114 1399 Quoniam
1132 1367 1184 1404 pia
1207 1376 1310 1395 caussa
1328 1365 1436 1406 co'e'git.
1468 1363 1502 1394 ii.
1519 1363 1626 1394 Amor.

965 1414 1028 1445 xvi.
1043 1415 1096 1444 47.
1121 1420 1226 1445 tamen
1240 1414 1339 1445 dixit:
1365 1414 1397 1444 Si
1419 1425 1478 1453 qua
1500 1415 1556 1443 mei
1582 1420 1625 1443 ta-

964 1474 1029 1493 men
1046 1470 1088 1493 est
1111 1465 1142 1493 ἱη
1166 1470 1194 1494 te
1213 1465 1265 1503 pia
1289 1475 1363 1494 cura
1378 1464 1489 1493 vrelicti.
1513 1462 1557 1492 ita
1572 1473 1626 1503 pa-

964 1523 1032 1542 rum
1054 1518 1173 1543 certum
1195 1524 1232 1543 ex
1253 1523 1314 1543 uno
1338 1512 1406 1542 loco
1431 1512 1471 1542 ad
1492 1512 1625 1542 alterum

965 1567 1181 1602 argumentum
1203 1561 1337 1592 ducitur.
1372 1560 1534 1597 Francius,
1559 1563 1627 1591 site

965 1612 1058 1641 modo.
1102 1611 1220 1641 Eunu.

1011 1661 1061 1690 17.
1094 1661 1143 1690 An
1169 1662 1192 1690 si
1220 1659 1310 1700 quis]
1351 1659 1579 1701 Argumentum
1608 1670 1627 1690 a

965 1709 1085 1740 minori.
1131 1709 1226 1740 Cior.

1010 1759 1174 1799 Reclusis]
1200 1759 1274 1789 Non
1288 1768 1382 1799 grave
1398 1757 1473 1788 satis
1486 1757 1626 1793 verbum,

966 1819 1023 1839 nec
1048 1815 1155 1850 aptum
1183 1807 1308 1850 raptori,
1331 1806 1384 1848 qui
1408 1806 1438 1837 vi
1463 1805 1625 1847 effringere

967 1858 1046 1888 fores
1070 1857 1247 1898 fingendus.
1272 1856 1338 1887 vid.
1359 1856 1423 1886 xiv.
1447 1856 1530 1885 Met.
1550 1856 1624 1886 781.

964 1907 1017 1937 ubi
1038 1907 1076 1937 de
1101 1907 1215 1948 apertis
1237 1905 1405 1936 admodum
1427 1903 1539 1935 leniter
1554 1905 1625 1935 fori-

964 1956 1023 1986 bus
1035 1955 1212 1986 adhibetur.
1240 1956 1330 1986 Forte
1341 1953 1475 1995 scripsit,
1490 1956 1625 1991 revulsis,

966 2005 1014 2035 vel
1031 2006 1182 2047 refractis.
1206 2010 1241 2035 ut
1257 2004 1296 2035 vi.
1312 2004 1446 2034 Metam.
1462 2003 1538 2034 597.

1182 2055 1345 2094 Portasqne
1362 2053 1518 2095 rfffritlgl‘t,

1009 2104 1247 2144 Germanamque
1261 2104 1353 2142 rapit.
1461 2102 1580 2132 Bumr.

1007 2154 1060 2184 20.
1088 2153 1146 2183 Cui
1168 2153 1249 2193 pia]
1275 2153 1369 2183 Hune
1389 2157 1420 2182 et
1443 2159 1624 2193 sequentem

967 2213 1086 2233 versum
1113 2202 1254 2244 plerique
1281 2201 1405 2232 codices
1431 2211 1492 2231 non
1514 2212 1624 2243 agnos-

964 2257 1049 2287 cunt,
1072 2252 1126 2282 sed
1152 2252 1245 2282 male.
1267 2261 1322 2293 pro
1347 2262 1443 2282 vacua
1468 2252 1540 2281 aula
1565 2257 1626 2282 tres

964 2300 1033 2331 libri
1052 2303 1152 2332 vidua.
1197 2301 1316 2332 Hems.

1007 2351 1061 2381 21.
1086 2352 1265 2392 Stertisset]
1293 2350 1391 2381 Miror
1406 2360 1513 2380 omnes
1525 2350 1624 2381 Inter-

964 2406 1066 2441 pretes
1078 2405 1141 2431 tam
1153 2411 1259 2431 secure
1273 2400 1330 2430 hoc
1343 2399 1471 2430 verbum
1483 2399 1624 2436 transire,

964 2460 1035 2480 cum
1065 2455 1148 2480 certe
1177 2450 1343 2480 barbarum
1372 2448 1428 2479 sit:
1455 2448 1624 2480 dicendum

964 2500 1047 2530 enim
1069 2501 1244 2530 ster-tuisset.
1275 2499 1330 2530 sed
1351 2498 1409 2529 hoc
1431 2498 1547 2540 respuit
1574 2499 1623 2529 lex

963 2548 1121 2579 carminis.
1139 2560 1168 2579 v.
1198 2549 1344 2579 Vossium
1360 2547 1400 2578 de
1415 2547 1552 2588 Analog.
1569 2548 1624 2578 lib.

964 2597 1009 2628 iii.
1026 2608 1056 2628 c.
1073 2599 1126 2628 31.
1160 2598 1320 2629 Editiones
1340 2598 1471 2628 Venetae
1493 2602 1524 2628 et
1542 2598 1623 2639 Gry-

961 2647 1025 2689 phii
1055 2658 1126 2678 cum
1163 2647 1306 2678 Palatino
1343 2647 1451 2678 codice
1488 2648 1623 2677 stetisset.

962 2696 1046 2737 quod
1070 2707 1158 2738 aeque
1182 2696 1338 2733 vitiosum,
1360 2705 1418 2727 nec
1443 2706 1549 2726 versus
1567 2695 1622 2725 ad-

963 2745 1069 2775 mittit.
1101 2757 1206 2785 margo
1232 2746 1356 2787 Micylli
1382 2751 1413 2775 et
1438 2743 1621 2775 Bersmanni

962 2796 1088 2830 sedisset,
1119 2797 1202 2836 quod
1233 2795 1327 2836 recipi
1352 2800 1476 2836 posset:
1517 2793 1622 2824 Sedere

1003 2849 1033 2878 11
1058 2850 1076 2878 2
