1849 3198
622 236 966 278 HEROIDES.
1000 236 1092 277 ΕΡ.
1126 237 1245 278 XII.
1552 241 1635 282 157

247 353 463 401 Deseror
487 353 704 416 (amissis
730 368 898 414 regno,
926 352 1203 416 patriaque,
1230 354 1502 418 domoque)

314 431 571 495 Conjuge:
611 430 697 494 qui
723 431 866 477 nobis
892 430 1057 477 omnia
1081 430 1214 477 solus
1240 438 1361 478 erat.

247 508 518 572 Serpentes
543 508 692 570 igitur
717 507 872 571 potui,
899 514 1169 570 taurosque
1194 507 1441 566 furentes;

315 585 483 632 Unum
509 601 605 632 non
631 585 769 649 potui
794 585 1136 649 perdomuisse
1162 585 1354 633 virum?

248 661 476 726 Quaeque
491 662 620 710 feros
645 661 813 726 pepuli
835 662 994 708 doctis
1014 662 1345 710 medicatibus
1365 663 1520 726 igneS,
1547 668 1637 713 165

315 739 430 787 Non
455 740 594 787 valeo
619 740 845 786 flammas
872 740 1089 801 effugere
1114 740 1225 803 ipsa
1248 741 1418 787 meas?

248 816 353 881 Ipsi
379 834 459 865 me
484 824 676 874 cantus,
704 818 991 880 herbaeque,
1020 824 1270 880 artesque,
1298 818 1617 882 relinquunt?

317 894 402 942 Nil
429 895 553 951 Dea,
580 896 648 942 nil
675 894 895 943 Hecates
922 911 1064 942 sacra
1085 896 1303 959 potentis
1330 897 1511 958 agunt?

252 971 366 1019 Non
391 972 511 1019 mihi
537 979 677 1035 grata
701 973 836 1020 dies:
877 979 1049 1020 noctes
1074 972 1339 1035 vigilantur
1364 990 1542 1021 amarae
1563 992 1572 1022 :

319 1050 427 1098 Nec
452 1058 592 1099 tener
617 1052 667 1098 in
692 1052 873 1098 misero
898 1057 1101 1115 pectore
1127 1067 1329 1097 somnus
1356 1051 1515 1099 adest.
1550 1055 1643 1099 170

252 1127 376 1182 Quae
403 1145 481 1176 me
507 1145 606 1176 non
630 1145 852 1193 possum,
879 1128 1019 1192 potui
1046 1128 1207 1192 sopire
1233 1129 1517 1177 draconem.

320 1205 502 1253 Utilior
526 1206 697 1262 cuiviS‚
726 1222 877 1270 quam
902 1206 1039 1263 mihi,
1067 1222 1187 1254 cura
1210 1223 1323 1254 mea
1347 1214 1442 1254 est.

300 1362 370 1392 162.
409 1362 575 1403 Conjuge]
621 1363 710 1394 Male
747 1363 805 1394 hoc
842 1375 914 1395 cum

253 1413 366 1442 amissis
394 1412 600 1453 conjungunt.
634 1414 750 1444 deseror
779 1415 916 1455 conjuge.

254 1467 289 1491 ut
315 1461 414 1503 Epist.
430 1473 461 1492 v.
485 1462 538 1492 75.
588 1462 769 1503 Desertaqne
791 1466 917 1505 conjuge

252 1512 363 1550 ploret.
390 1511 455 1542 vid.
482 1510 586 1542 Schef.
611 1512 651 1542 ad
666 1512 792 1544 Phaedr.
818 1513 838 1544 i.
861 1515 916 1544 21.

255 1561 372 1591 Bonna.

302 1611 375 1641 164.
410 1610 512 1640 Unum
535 1622 595 1641 non
616 1612 702 1650 potui
722 1613 919 1651 perdomuisse

256 1659 386 1700 virumn]
412 1659 565 1690 Alludere
583 1659 707 1691 videtur
723 1660 856 1691 Ovidius
879 1661 919 1691 ad

256 1720 382 1740 carmen
407 1708 486 1740 illud
512 1708 674 1751 optimum,
700 1709 783 1752 quod
809 1710 841 1741 in
864 1721 921 1741 sua

256 1759 374 1789 Medea
389 1758 562 1789 cecinerat:

301 1808 427 1838 Servare
438 1809 537 1848 potui,
552 1809 677 1848 perdere
697 1821 736 1839 an
754 1810 859 1848 possim
873 1820 920 1839 ro-

341 1858 418 1898 gas?
784 1858 809 1888 C
813 1869 878 1889 rof.

304 1907 378 1937 168.
405 1906 461 1935 Nil
477 1905 574 1945 Dea.]
601 1906 670 1937 Hoc
690 1913 747 1942 est,
764 1907 852 1943 nihil,
869 1918 922 1938 ne-

259 1966 320 1997 que
335 1954 403 1997 ipsa
422 1955 494 1985 Dea
508 1954 642 1990 Hecate,
658 1966 759 1996 neque
786 1956 853 1997 ejus
875 1967 923 1987 sa—

260 2015 313 2035 cra
327 2010 436 2045 agunt,
454 2004 518 2035 sive
535 2004 685 2035 efficiunt.
711 2005 840 2036 vaL.

308 2055 380 2085 170.
418 2054 481 2084 Nec
510 2060 593 2084 tener
621 2056 651 2084 in
679 2056 783 2085 misero
809 2062 926 2095 pectore

259 2115 375 2134 somnus
409 2104 521 2144 adest]
560 2103 624 2134 Nec
654 2111 787 2134 teneram
823 2107 927 2136 misero

259 2161 375 2195 pectore
390 2165 507 2183 somnus
522 2154 618 2189 habet,
634 2154 812 2185 Puteaneus
828 2161 859 2185 et
874 2166 925 2185 ce-

262 2204 319 2235 teri
329 2201 543 2244 castigatlores
557 2214 671 2244 magno
681 2214 820 2235 numero.
836 2204 926 2246 quin·

263 2264 324 2295 que
339 2266 345 2283 :

310 2303 372 2333 Nec
388 2309 488 2333 tenero
503 2305 639 2333 miseram
652 2309 783 2342 pectore.

263 2352 357 2389 Quod
373 2351 481 2383 eodem
497 2351 619 2382 recidit.
665 2352 790 2382 Scribe:

310 2401 372 2431 Nec
390 2408 472 2431 tener
487 2402 525 2430 ah
544 2403 652 2431 miserm
674 2408 794 2440 pectora
811 2412 928 2431 somnus

353 2451 451 2480 habet.

269 2499 364 2529 Tener
387 2510 515 2535 somnus,
536 2504 571 2530 ut
593 2498 670 2529 Arte
686 2498 849 2529 Amatoria
870 2499 926 2529 lib.

265 2547 301 2579 ii.
319 2549 394 2579 546.

314 2598 388 2628 Cum
403 2604 486 2628 tener
497 2599 536 2627 ad
548 2605 648 2638 partes
664 2604 697 2628 ta
713 2608 824 2638 quoqne
836 2608 931 2627 somne

354 2648 447 2677 venis.

268 2696 348 2726 Stat.
364 2695 384 2726 i.
399 2696 500 2727 Theb.
518 2697 593 2727 389.

316 2744 430 2775 Inrimt
448 2753 560 2777 teneros
581 2748 620 2776 ad
640 2748 717 2776 dura
734 2746 844 2776 cubilia
859 2757 930 2775 som-

360 2806 420 2825 7108-

982 1363 1034 1394 Sic
1049 1363 1125 1394 citat
1141 1363 1317 1394 Gronovius
1332 1363 1364 1394 in
1380 1363 1460 1395 notis
1476 1363 1515 1395 ad
1531 1364 1606 1397 Silv.
1622 1364 1645 1396 i.

984 1424 1013 1443 v.
1026 1413 1077 1443 41.
1101 1412 1156 1443 sed
1172 1413 1205 1443 in
1220 1418 1308 1443 textu
1325 1419 1372 1443 est
1389 1419 1501 1444 tenues.
1525 1414 1649 1445 Somnus

984 1463 1071 1492 habet
1083 1469 1214 1501 pectora,
1230 1468 1265 1493 ut
1280 1462 1337 1492 lib.
1354 1462 1422 1494 viii.
1439 1464 1519 1494 Met.
1536 1465 1590 1495 83.

1029 1512 1134 1541 Prima
1150 1514 1230 1552 quies
1249 1514 1367 1548 aderrat,
1389 1525 1447 1553 qua
1470 1516 1552 1544 curis
1564 1515 1649 1556 fessa

1071 1561 1192 1590 diurnis

1031 1608 1158 1640 Pectora
1174 1620 1291 1640 somnus
1305 1611 1402 1641 habet.

987 1658 1104 1689 Statius
1117 1670 1124 1688 z

1132 1707 1211 1738 Nam
1229 1708 1331 1748 Tydea
1347 1710 1452 1750 largus
1467 1710 1590 1740 habebat

1034 1757 1199 1800 Petsnsnm
1231 1769 1343 1799 magna
1371 1760 1492 1789 virtutis
1527 1761 1654 1801 imagine

1076 1818 1204 1837 Somnus.

990 1854 1104 1896 virgil.
1120 1855 1176 1886 lib.
1194 1854 1241 1885 iii.
1261 1855 1333 1886 147.
1369 1857 1524 1888 Animalia
1539 1869 1655 1889 somnus

990 1905 1122 1935 habebat.
1147 1910 1178 1935 et
1192 1905 1249 1935 lib.
1266 1905 1333 1936 viii.
1350 1907 1403 1937 27.

1036 1955 1175 1984 Alituum
1208 1957 1413 1996 pecudumque
1443 1966 1537 1997 genus
1573 1967 1656 1996 sapor

1078 2004 1160 2033 altus
1175 2004 1310 2034 habebat.

994 2052 1142 2083 Ceterum
1164 2052 1222 2083 hoc
1245 2053 1325 2089 loco,
1344 2052 1382 2084 de
1401 2064 1462 2095 quo
1485 2064 1568 2084 nunc
1592 2054 1657 2095 agi-

993 2112 1072 2138 mus,
1090 2108 1179 2133 vetus
1194 2102 1289 2133 editio
1304 2108 1335 2133 et
1351 2103 1412 2134 duo
1427 2103 1549 2145 scripti:

1038 2152 1102 2182 Nec
1131 2154 1254 2183 tacitam
1279 2154 1381 2184 misero
1403 2159 1520 2193 pectore
1542 2164 1659 2183 somnus

1081 2203 1179 2232 habet.

1036 2251 1124 2287 Tres,
1143 2252 1234 2281 tacito
1250 2253 1397 2281 miseram.
1488 2251 1609 2282 Hiems.

996 2300 1113 2330 Omnes
1129 2300 1176 2330 hae
1197 2300 1347 2331 lectiones
1362 2300 1551 2341 elegantiam
1571 2311 1658 2331 suam

994 2349 1122 2385 habent,
1138 2350 1193 2380 sed
1216 2349 1352 2380 reddunt
1367 2350 1497 2380 lectores
1520 2350 1660 2381 incertis-

995 2398 1098 2434 simus,
1116 2409 1211 2440 quare
1236 2409 1291 2429 nos
1313 2398 1473 2440 sequimur
1488 2398 1660 2439 vulgatam,

996 2458 1065 2488 quae
1092 2448 1187 2478 etiam
1216 2454 1260 2478 est
1277 2447 1446 2478 Ovidiana.
1472 2459 1554 2489 saepe
1578 2448 1659 2479 enirn

996 2499 1094 2527 adesse
1106 2508 1177 2528 cum
1191 2499 1220 2527 in
1234 2498 1349 2528 Noster
1364 2498 1443 2528 solet
1458 2508 1582 2540 ponere.
1599 2498 1661 2529 vid.

997 2546 1020 2576 i.
1038 2547 1123 2577 Fast.
1141 2548 1173 2577 6.
1198 2548 1317 2577 Banu.

1045 2596 1115 2626 171.
1142 2596 1214 2630 Qua·
1241 2608 1284 2626 me
1311 2607 1368 2626 non
1390 2606 1517 2635 possum,
1542 2596 1657 2636 po!ni.]

999 2644 1072 2675 Duo
1099 2644 1180 2679 libri,
1199 2645 1272 2679 Qua‘
1296 2657 1340 2675 me
1365 2656 1422 2675 non
1446 2646 1541 2683 potui,
1566 2647 1661 2683 potui,

999 2694 1042 2725 sic
1058 2695 1200 2735 sequenti
1217 2695 1373 2736 Epistola:

1049 2744 1087 2774 Ul
1105 2750 1132 2773 te
1151 2756 1208 2774 non
1224 2751 1366 2784 poteram,
1383 2750 1512 2783 poteram
1529 2749 1579 2771 {aa
1598 2743 1660 2772 vela

1088 2795 1197 2823 videre.
1502 2791 1618 2821 mes.
