1849 3198
648 239 991 282 HEROIDES.
1024 240 1118 283 ΕΡ.
1150 241 1233 283 VI.

1579 245 1636 287 65

246 352 393 410 Nam,
421 370 482 402 ne
507 362 654 419 pacta
677 355 766 402 tibi
791 363 971 420 praeter
995 372 1106 404 mea
1130 373 1282 420 regna
1305 357 1510 416 redires,
1601 364 1630 407 5

313 431 442 478 Cum
468 448 705 495 cuperes;
745 439 917 479 ventos
944 449 1040 480 non
1066 433 1299 482 habuisse
1325 442 1485 498 poteS.

244 507 531 562 Quamlibet
555 509 759 556 adverso
784 509 1006 571 signetur
1030 510 1242 573 epistola
1262 520 1439 570 vento;

311 584 595 650 Hypsipyle
619 586 771 633 missa
795 586 946 649 digna
970 587 1128 634 salute
1153 587 1239 634 fui.

245 664 348 711 Cur
372 665 491 711 mihi
515 665 647 712 fama
669 665 815 728 prior,
844 681 995 728 quam
1020 665 1193 712 nuntia
1215 665 1372 721 litera,
1399 667 1550 723 venit,

309 741 416 789 Isse
442 758 607 789 sacros
634 741 784 789 Marti
810 742 901 788 sub
921 743 1045 805 juga
1068 743 1233 806 panda
1256 743 1441 791 boves?
1570 748 1628 791 lO

245 819 528 866 Seminibus
548 820 696 883 jactis
723 826 919 882 segetes
946 820 1168 867 adolesse
1192 820 1422 876 virorum,

312 896 471 960 Inque
497 913 672 945 necem
697 897 875 944 dextra
898 913 996 944 non
1021 897 1218 959 eguisse
1242 898 1360 944 tua?

243 973 541 1036 Pervigilem
567 974 779 1038 spolium
805 974 1012 1037 pecudis
1039 989 1261 1021 servasse
1286 974 1570 1031 draconem,

311 1050 477 1115 Rapta
499 1058 667 1117 tamen
691 1050 802 1098 forti
826 1051 1008 1097 vellera
1031 1050 1164 1098 fulva
1187 1052 1371 1099 manu?

243 1128 367 1176 Haec
393 1146 485 1192 ego
511 1129 551 1176 si
576 1145 775 1193 possem
800 1128 972 1175 timide
997 1128 1332 1185 credentibus,
1361 1128 1467 1177 Ista
1573 1133 1629 1177 15

309 1207 426 1271 Ipse
451 1208 570 1254 mihi
597 1207 811 1271 scripsit,
838 1206 1020 1262 dicere,
1049 1212 1237 1269 quanta
1259 1205 1440 1253 sorem!

243 1283 376 1339 Quid
402 1302 581 1349 queror
605 1286 817 1332 officium
842 1285 963 1332 lenti
989 1300 1214 1332 cessasse
1239 1284 1422 1331 mariti!

311 1362 641 1426 Obsequium,
668 1378 844 1410 maneo
870 1361 910 1408 si
934 1368 1034 1418 tua,
1063 1362 1248 1424 grande
1272 1362 1378 1408 tuli.

239 1541 295 1571 bat
323 1541 445 1571 Douza.
480 1547 583 1583 posset
608 1547 639 1572 et
663 1543 722 1581 ipso
748 1542 817 1584 capi
846 1552 900 1583 per

239 1590 372 1632 ellipsin,
389 1601 443 1632 pro
459 1590 497 1621 de
514 1590 571 1621 hoc
587 1591 665 1633 ipso.

283 1643 315 1671 5.
342 1640 488 1681 Partem]
516 1640 554 1670 Id
570 1647 615 1672 est
626 1652 726 1681 prope,
743 1639 814 1670 vide
830 1650 898 1681 quae

239 1690 303 1721 dixi
329 1689 360 1720 in
382 1690 646 1721 observationibus
671 1691 703 1721 in
727 1691 899 1720 Metamor-

238 1740 371 1781 phosim.
418 1740 511 1771 C10F.
536 1740 662 1771 mallem
680 1747 810 1780 propter,
828 1739 899 1770 vide

239 1789 305 1819 viii.
331 1790 465 1820 Metam.
482 1790 557 1820 258.
582 1789 637 1821 sed
657 1797 762 1821 tamen
783 1789 900 1820 Statius

237 1839 338 1869 Theb.
356 1838 400 1869 ix.

281 1889 406 1929 Jamque
418 1888 491 1930 fere
512 1891 641 1920 medium
657 1889 787 1920 Parnasi
800 1888 897 1930 fron-

324 1939 377 1968 dea
391 1945 500 1978 praeter

284 1986 367 2016 Colla
384 1987 500 2017 tenebat
516 1987 584 2017 iter.

239 2035 309 2065 Nisi
334 2041 365 2065 et
389 2035 454 2065 illic
476 2042 597 2075 propter
618 2034 716 2076 legas.
742 2041 846 2076 posset
869 2041 900 2066 et

236 2096 359 2124 propere
386 2086 417 2115 in
445 2096 506 2115 mea
534 2096 649 2126 regna,-
683 2091 718 2115 ut
747 2085 807 2126 Ep.
832 2083 897 2116 xix.

243 2135 314 2165 157.
362 2134 399 2164 In
417 2141 469 2164 tua
486 2141 585 2164 casira
602 2136 677 2165 redi.
722 2134 841 2165 mes.

286 2184 335 2214 10.
362 2184 474 2213 Martis
499 2183 609 2224 boves]
635 2183 714 2214 Dios
739 2189 843 2214 tauros
868 2189 900 2214 et

239 2233 328 2268 feros,
344 2239 374 2264 et
390 2233 473 2264 mirae
492 2232 714 2274 magnitudinis
728 2232 898 2274 Apollodo-

239 2293 288 2313 rus
304 2282 360 2313 lib.
377 2282 399 2312 i.
416 2282 634 2312 Bibliothecae.
670 2282 763 2313 Cror.
800 2282 899 2312 Marti

238 2332 358 2363 malim.
383 2331 438 2362 sed
453 2333 575 2362 obstant
590 2332 790 2363 membranae.
819 2331 900 2362 Scri-

239 2382 313 2413 verii
330 2381 427 2412 codex
442 2381 577 2412 habebat
594 2382 702 2418 Marti,
717 2381 771 2411 sed
787 2381 900 2412 sciolus

239 2431 365 2472 quidam
403 2430 608 2473 adscripscrat
634 2442 659 2462 s.
705 2431 824 2462 Hssrxs.
854 2432 897 2462 iv.

240 2481 325 2511 Fast.
342 2480 418 2510 286.

286 2529 391 2559 Veneri
405 2540 490 2559 sacra
504 2529 633 2570 Cythera
648 2531 735 2569 petit.

282 2577 408 2609 Reduxi
432 2585 567 2609 veterem
587 2578 768 2621 scriptorum
792 2583 823 2608 et
846 2588 900 2608 ex-

239 2638 380 2659 cusorum
404 2628 581 2664 lectionem,
605 2627 658 2669 qui
682 2638 743 2658 non
769 2627 900 2663 variant,

239 2677 296 2708 nisi
318 2678 401 2719 quod
427 2677 553 2719 quidam
580 2678 716 2709 habeant
739 2678 801 2713 hoc,
817 2677 900 2718 quod

238 2725 348 2757 eodem
384 2726 476 2758 redit.
514 2726 656 2768 quamvis
690 2726 747 2757 hacc
778 2731 901 2768 propter

283 2779 384 2811 VOL.
400 2779 430 2810 Ι.

968 1543 1035 1577 ista,
1053 1541 1135 1582 quod
1153 1541 1302 1582 sequitur,
1317 1540 1518 1583 praetulerim.
1544 1539 1630 1581 inge-

969 1591 1055 1620 niosa
1079 1590 1206 1631 quidem
1228 1589 1351 1620 Heinsii
1372 1589 1560 1631 conjectura,
1576 1589 1630 1620 sed

969 1639 1057 1670 nobis
1093 1647 1214 1670 tantum
1250 1650 1311 1670 non
1348 1638 1566 1681 permittimus,
1597 1645 1631 1669 ut

969 1687 1001 1718 in
1037 1695 1157 1719 textum
1199 1688 1384 1730 recipiamus
1425 1687 1629 1729 conjecturas,

969 1748 1038 1778 quae
1061 1736 1158 1768 nihilo
1173 1737 1333 1768 meliorem
1356 1746 1480 1768 sensum
1501 1735 1630 1773 faciunt,

968 1797 1026 1817 nec
1042 1787 1102 1817 fide
1117 1787 1260 1817 codicum
1283 1787 1436 1817 nituntur.
1483 1786 1631 1817 Ceterum

966 1836 1089 1877 egregie
1113 1836 1173 1867 huc
1194 1836 1269 1867 facit
1290 1836 1378 1866 locus
1401 1834 1560 1866 Ciceronis
1583 1835 1629 1866 iii.

967 1885 1007 1915 ad
1035 1885 1123 1915 Fam.
1141 1886 1174 1916 3.
1222 1886 1269 1916 De
1291 1897 1349 1925 qua
1373 1886 1426 1915 etsi
1445 1885 1630 1924 permultum

966 1940 1055 1964 antea
1070 1936 1180 1964 certior
1200 1945 1281 1964 eram
1292 1933 1404 1975 jactus
1429 1934 1533 1969 literis,
1549 1945 1629 1963 nun-

967 1985 1026 2019 tiis,
1041 1983 1133 2025 fama
1155 1985 1281 2024 denique
1308 1984 1381 2023 ipsa,
1412 1989 1510 2013 tamen
1531 1984 1631 2014 eadem

967 2034 1081 2063 laetiora
1093 2033 1241 2075 fecerunt
1264 2033 1336 2063 mihi
1360 2039 1418 2062 tua:
1444 2033 1547 2063 literae.
1571 2044 1630 2063 non

965 2083 1059 2113 solum
1074 2085 1144 2123 quia
1157 2083 1276 2122 plenius
1289 2083 1494 2122 loquebantur,
1510 2087 1536 2112 et
1560 2083 1630 2112 ube-

966 2134 1041 2168 rius,
1056 2143 1144 2173 quam
1158 2133 1243 2173 vulgi
1254 2143 1367 2168 serm0‚·
1391 2133 1440 2161 sed
1455 2133 1544 2161 etiam
1558 2133 1630 2171 quia

966 2183 1086 2213 videbar
1102 2184 1195 2224 magis
1210 2183 1264 2212 tibi
1285 2182 1452 2224 gratulari,
1467 2192 1535 2211 cum
1551 2182 1587 2211 de
1603 2188 1630 2212 te

966 2243 999 2262 er
1016 2238 1042 2262 te
1062 2233 1122 2272 ipso
1137 2233 1304 2262 audiebam.
1349 2231 1439 2261 Forte
1454 2229 1548 2261 etiam
1563 2241 1628 2261 ma-

966 2281 1013 2322 gis
1028 2292 1136 2312 sensus
1156 2281 1248 2323 hujus
1263 2281 1322 2312 loci
1342 2279 1520 2321 erigeretur,
1536 2278 1561 2310 si
1584 2279 1628 2310 le-

967 2337 1108 2372 geretur:

1012 2380 1085 2410 Hoec
1097 2391 1149 2421 ego
1159 2380 1184 2409 si
1194 2389 1302 2418 possem
1313 2378 1416 2408 timide
1430 2377 1628 2413 credentibus,

1095 2428 1171 2468 Ipse,

1053 2478 1119 2518 Ipse
1141 2479 1215 2508 mihi
1233 2478 1362 2517 scripsit,
1386 2477 1494 2512 dicere,
1515 2481 1629 2516 quanta

1085 2528 1208 2570 forem!

967 2577 1006 2608 In
1030 2576 1092 2608 illis
1113 2576 1349 2620 repetitionibus
1363 2575 1410 2607 vis
1433 2580 1466 2606 et
1483 2579 1629 2606 venustas

967 2632 1024 2657 est.
1060 2625 1104 2657 ita
1131 2637 1201 2658 mox
1229 2625 1292 2657 duo
1321 2624 1444 2656 codices
1473 2628 1628 2665 repetunt,

966 2674 1096 2715 officium
1127 2687 1240 2712 maneo,
1263 2677 1289 2706 si
1315 2682 1390 2713 tua,·
1413 2674 1529 2716 grande
1555 2672 1626 2702 tuli.

968 2724 1086 2756 Burm-

1013 2777 1038 2807 F
