1849 3198
607 240 951 282 HEROIDES.
984 242 1076 283 ΕΡ.
1108 242 1217 284 VII.
1554 237 1610 289 91

236 355 378 403 Bella
400 362 619 403 tument:
658 354 801 402 bellis
825 356 1086 418 peregrina
1109 364 1160 404 et
1182 357 1364 407 femina
1385 366 1575 410 tentor:

299 431 500 495 Vixque
525 432 672 478 rudes
697 438 864 494 portas
889 432 1040 488 urbiS,
1068 440 1118 480 et
1142 449 1292 490 arma,
1319 452 1454 499 paro.

237 507 378 556 Mille
402 509 562 572 procis
588 508 779 571 placui:
821 508 906 570 qui
930 525 1009 556 me
1035 511 1211 566 coiere,
1241 521 1520 574 querenteS,

303 584 487 632 Nescio
512 601 661 647 quem
686 584 914 631 thalamis
939 587 1268 649 praeposuisse
1294 590 1411 637 suis.

238 661 370 716 Quid
395 662 591 709 dubitas
616 661 830 708 vinctam
857 662 1054 710 Gaetulo
1078 664 1271 712 tradere
1297 665 1490 715 I'arbae?
1528 672 1618 717 125

303 739 607 786 Praebuerim
633 740 806 786 sceleri
831 740 1033 787 brachia
1056 748 1223 789 nostra
1244 749 1346 790 tuo.

240 815 333 862 Est
355 815 503 863 etiam
528 815 702 873 frater;
743 817 884 879 cujus
910 833 1084 865 manus
1109 818 1262 882 impia
1285 821 1445 883 possit

306 892 550 957 Respergi
574 900 757 950 nostro,
786 910 958 957 sparsa
981 911 1151 943 cruore
1175 896 1280 944 viri.

242 1059 306 1090 Od.
321 1058 340 1089 i.
355 1059 522 1099 sedjacere
533 1061 639 1090 moem'a
654 1070 716 1089 non
730 1059 852 1101 placet;
876 1059 901 1090 si

240 1110 338 1138 struii
361 1107 393 1137 in
408 1109 499 1138 MSS.
522 1114 604 1139 esset
627 1108 843 1150 amplecterer.
868 1113 903 1139 ut

242 1157 303 1198 Ep.
320 1156 385 1187 xvi.
405 1158 477 1188 180.

287 1207 401 1238 Moenia
419 1207 547 1238 Phoebeae
563 1213 679 1238 structa
696 1218 802 1238 canore
817 1208 902 1247 [ἕνα.

245 1255 309 1286 Ubi
321 1262 352 1286 et
367 1256 489 1287 codices
504 1256 632 1297 quidam
643 1256 747 1298 flictu,
763 1267 858 1298 quare
874 1262 905 1287 et

245 1305 303 1336 hoc
333 1306 461 1336 verbum
498 1304 549 1335 hie
577 1306 718 1347 praefero.
756 1311 907 1347 praeterea

245 1354 350 1385 nescio
365 1364 405 1384 an
430 1365 490 1385 non
506 1355 619 1385 rectius
634 1366 705 1385 cum
727 1365 789 1385 uno
806 1354 906 1396 Regio

245 1403 378 1444 legatur,
395 1404 508 1443 lateque
522 1405 667 1443 potentia.
692 1403 730 1434 de
747 1414 807 1445 quo
822 1415 850 1434 v.
868 1403 906 1434 ad

247 1452 374 1482 Petron.
392 1452 503 1482 lxxxii.
549 1453 667 1482 Burin.

295 1502 366 1532 121.
390 1501 477 1532 Bella
494 1502 637 1541 tamenn]
663 1501 803 1542 Vulgata
825 1507 908 1532 recte

250 1561 283 1581 se
317 1551 421 1581 habet.
483 1550 649 1582 claudian.
679 1550 711 1580 ii.
739 1550 779 1581 de
807 1550 908 1581 Laud.

249 1599 348 1630 stilic.
366 1601 418 1631 95.

437 1648 579 1683 Quamvis
593 1650 754 1679 certamine
767 1655 866 1688 partes

293 1699 361 1729 Jam
379 1704 525 1728 tumeant.

252 1748 316 1779 Ubi
332 1747 401 1778 vide
422 1747 531 1778 Barth.
546 1752 578 1778 et
597 1747 725 1788 quidam
747 1746 811 1777 illic
827 1746 912 1776 codi-

251 1808 303 1828 ces
326 1799 489 1827 certamina
512 1799 607 1836 partis
621 1799 689 1836 jam
716 1797 851 1826 timeant.
882 1801 913 1826 et

251 1846 296 1876 ita
319 1852 430 1876 tumere
453 1856 560 1877 omnes
586 1845 743 1881 dicuntur,
767 1845 821 1886 qui
844 1856 913 1886 gra-

253 1894 329 1925 viori
362 1894 457 1925 animi
494 1902 580 1925 motu
609 1895 816 1925 concitantur.
846 1894 911 1925 vid.

254 1943 366 1974 Heins.
392 1942 431 1973 ad
458 1943 574 1974 Claud.
603 1943 686 1973 Bell.
718 1943 807 1974 Gild.
837 1944 912 1974 330.

254 1993 298 2023 sic
324 1999 437 2023 tumere
454 1993 578 2033 negotia
599 1991 672 2027 dici,
688 2002 759 2022 cum
781 1992 914 2022 maxime

256 2042 423 2082 agitantur,
436 2047 521 2071 notat
535 2041 644 2082 Ampl.
657 2040 775 2082 Cuper.
791 2041 825 2070 ii.
839 2041 916 2071 Obs.

258 2092 290 2121 4.
307 2097 338 2122 et
353 2090 384 2120 in
400 2091 447 2121 his
473 2090 680 2121 locutionibus
702 2090 916 2131 metaphoram

257 2150 324 2170 esse
340 2150 359 2170 a
383 2139 459 2170 mari
479 2138 634 2169 concitato
656 2144 742 2180 put0,
759 2139 842 2179 quod
865 2145 915 2169 tu-

257 2201 335 2220 mere
350 2190 463 2219 Noster
486 2189 519 2219 ii.
537 2189 629 2218 Pont.
648 2188 694 2218 iii.
711 2189 765 2218 27.
781 2188 871 2225 dixit,
887 2194 918 2218 et

260 2240 407 2268 tumidum
421 2237 535 2279 passim
552 2238 666 2267 Noster
680 2243 711 2267 et
727 2236 780 2267 alii
797 2243 918 2268 vocant.

259 2287 367 2318 similis
393 2287 470 2317 ratio
485 2287 516 2317 in
542 2289 658 2322 arder-e,
674 2292 708 2317 ut
729 2286 812 2316 enim
835 2297 919 2317 mare

260 2338 354 2367 ventis
366 2338 481 2371 ardere,
498 2336 541 2367 sic
557 2338 632 2366 lwllu
648 2338 764 2371 ardere,
780 2342 811 2366 et
825 2338 920 2377 regio-

262 2397 311 2416 nes
333 2388 438 2416 ardere
452 2387 533 2415 bellis
554 2385 662 2415 dicunt
683 2384 858 2427 scriptores.
882 2385 920 2415 de

262 2434 375 2476 quibus
389 2434 475 2465 alibi.
524 2435 639 2465 Burin.

311 2485 381 2514 122.
417 2484 526 2523 Virque
554 2484 668 2523 rudes]
706 2483 805 2513 Portae
838 2489 921 2513 recte

264 2535 352 2563 rudes
377 2538 503 2573 possent
528 2532 672 2573 intelligi,
697 2532 834 2561 nondum
859 2537 922 2562 arte

265 2581 366 2611 fabrili
392 2581 536 2622 perfectae
563 2587 593 2611 et
621 2581 746 2622 politae3
776 2587 807 2611 ut
838 2583 924 2610 rudes

265 2631 339 2660 remi
365 2629 479 2661 Claud.
503 2630 594 2661 Praef.
620 2629 651 2660 in
673 2630 769 2671 Rapt.
796 2636 826 2660 et
853 2632 926 2660 rude

265 2680 381 2709 solium.
408 2678 473 2709 vid.
498 2679 652 2710 Rittersh.
678 2679 717 2709 ad
740 2679 870 2716 Querol.
892 2691 924 2720 p.

269 2727 322 2758 82.
347 2727 402 2758 sed
415 2738 485 2759 cum
501 2728 533 2759 in
546 2728 696 2760 l'uteanei
712 2728 865 2770 excerptis
875 2729 925 2764 sit,

969 1062 1072 1101 virque
1101 1063 1207 1099 rudis;
1240 1062 1274 1092 in
1298 1062 1442 1094 Leidensi
1467 1066 1505 1095 ad
1528 1076 1626 1096 arma.

970 1121 1027 1151 ego
1043 1121 1080 1140 ex
1096 1110 1234 1152 vestigiis
1250 1122 1354 1142 eorum
1370 1112 1473 1153 legere
1485 1113 1625 1144 mallem:

1019 1159 1127 1199 Virque
1151 1162 1237 1191 ¹rudis
1257 1168 1359 1200 portas
1379 1163 1463 1192 urbis
1484 1165 1523 1193 ad
1544 1176 1627 1194 arma

1054 1219 1142 1247 paro.

974 1257 1018 1288 Ut
1040 1257 1079 1288 sit
1100 1269 1226 1295 sensus;
1250 1269 1307 1300 ego
1335 1259 1460 1296 femina,
1484 1261 1568 1292 rudis
1590 1262 1630 1293 ad

974 1317 1070 1343 arma,
1107 1308 1157 1338 vix
1188 1319 1262 1350 paro
1298 1315 1401 1350 portas
1437 1310 1534 1341 urbis.
1580 1311 1630 1342 vel

973 1356 1078 1393 etiam,
1094 1358 1145 1388 vix
1161 1368 1235 1398 paro
1257 1365 1360 1399 portas
1383 1358 1466 1390 urbis
1489 1359 1574 1391 rudis
1590 1361 1631 1391 ad

975 1416 1071 1437 arma.
1095 1405 1139 1437 sic
1163 1406 1234 1438 infr.
1259 1408 1320 1449 Ep.
1347 1407 1390 1438 xi.
1408 1410 1460 1439 48.
1486 1411 1570 1440 rudis
1592 1412 1632 1440 ad

972 1461 1091 1494 partus.
1116 1458 1200 1486 rudis
1214 1458 1253 1486 ad
1273 1456 1538 1499 Vene1-isf111·tmn.
1554 1459 1630 1489 xvii.

976 1504 1036 1545 Ep.
1056 1505 1129 1534 141.
1153 1510 1184 1534 et
1197 1505 1314 1536 Justin.
1331 1505 1353 1535 i.
1373 1507 1402 1536 1.
1426 1508 1513 1537 rudes
1532 1510 1571 1538 ad
1588 1519 1632 1538 re-

976 1554 1137 1583 sistendum
1170 1555 1304 1593 populos.
1342 1561 1498 1595 portarum
1530 1562 1634 1587 autem

977 1607 1059 1633 recte
1075 1603 1201 1639 mentio,
1213 1603 1326 1644 quibus
1341 1602 1481 1635 incursus
1492 1605 1635 1636 sustineri

978 1649 1147 1681 vicinorum
1168 1658 1282 1693 posset,
1300 1652 1366 1683 sine
1386 1653 1499 1693 quibus
1520 1654 1637 1685 moenia

979 1699 1055 1729 nihil
1070 1700 1262 1741 prodessent.
1308 1702 1425 1731 Bmm.

1026 1750 1098 1780 123.
1138 1750 1198 1784 Qui
1234 1762 1278 1781 me
1314 1752 1437 1793 coiere]
1484 1751 1550 1782 Alii
1585 1763 1636 1783 co-

979 1797 1076 1833 dices,
1113 1810 1157 1829 me
1190 1801 1308 1839 cupiere
1338 1799 1387 1830 vel
1422 1802 1544 1839 petiere.
1583 1801 1637 1831 sed

981 1858 1053 1878 vera
1075 1847 1167 1878 lectio
1191 1853 1237 1878 est
1259 1848 1397 1889 vulgata,
1413 1849 1437 1879 si
1460 1850 1504 1880 Τὸ
1523 1851 1555 1879 in
1579 1851 1638 1880 tol-

981 1896 1027 1926 las
1051 1907 1088 1926 ex
1119 1896 1301 1928 aucton‘tate
1325 1898 1509 1939 optimorum
1534 1909 1638 1929 exem-

981 1944 1127 1986 plarium.
1174 1945 1270 1975 Refer
1299 1952 1402 1977 autem
1431 1958 1475 1977 me
1503 1947 1542 1977 ad
1570 1960 1640 1988 que-

985 2000 1089 2029 rentes,
1105 2004 1165 2024 non
1181 1994 1220 2024 ad
1236 1996 1344 2025 co'iere.
1392 1996 1476 2026 Coire
1499 2008 1552 2038 pro
1567 2007 1639 2028 con-

983 2042 1098 2073 venire.
1145 2044 1230 2074 Coire
1252 2054 1324 2074 cum
1346 2053 1455 2085 quarto
1477 2056 1551 2076 casu
1567 2046 1639 2088 jun-

983 2098 1061 2132 gunt
1082 2093 1300 2123 „Iurisconsulti
1324 2100 1452 2130 veteres,
1469 2095 1540 2126 hinc
1564 2098 1642 2128 coire

985 2142 1148 2171 societatem
1163 2142 1245 2183 apud
1261 2142 1331 2172 illos
1347 2143 1502 2184 frequens.
1536 2145 1640 2176 Ham-

986 2201 1067 2221 s1us.
1113 2191 1212 2221 Probo
1249 2191 1370 2222 Heinsii
1406 2193 1640 2234 expositionem.

986 2239 1119 2280 ejectum
1131 2246 1162 2270 et
1177 2240 1234 2270 hoc
1251 2242 1377 2271 verbum
1393 2242 1475 2283 apud
1488 2243 1598 2274 Senec.
1610 2243 1642 2274 ii.

987 2288 1024 2318 de
1044 2288 1089 2319 ira
1114 2291 1146 2319 8.
1198 2290 1337 2330 Undique
1366 2293 1445 2321 velut
1466 2294 1550 2333 signa
1575 2295 1645 2323 (luto

988 2339 1026 2367 ad
1039 2338 1096 2379 fus
1112 2338 1248 2379 nejf'afque
1268 2341 1448 2371 miscendum
1468 2343 1576 2371 co'iere.
1602 2342 1645 2372 ita

988 2387 1106 2428 scripti.
1132 2382 1224 2428 vulgo
1239 2390 1330 2419 cob'rti
1345 2397 1428 2419 sunt.
1475 2391 1592 2421 Brun.

1034 2437 1104 2466 126.
1138 2437 1350 2478 Proelmerim.]
1385 2439 1493 2468 Douza
1522 2439 1645 2480 legebat

985 2486 1178 2524 prcclnteram.

1036 2535 1107 2564 127.
1126 2535 1254 2575 Fascia]
1277 2536 1369 2566 Possit
1385 2541 1560 2567 constanter
1576 2537 1644 2567 libri

990 2589 1118 2619 veteres,
1147 2594 1223 2624 quos
1245 2596 1366 2625 sequor.
1399 2584 1455 2615 nisi
1480 2585 1645 2626 legendum

989 2639 1102 2671 poscat.
1119 2633 1161 2663 iv.
1177 2633 1269 2663 Trist.
1284 2634 1326 2664 iv.
1344 2635 1395 2664 59.

1036 2681 1113 2712 Sunt
1127 2684 1209 2712 circa
1222 2690 1335 2723 gentes,
1353 2695 1414 2723 (μυί
1430 2686 1560 2723 prinlum
1580 2694 1648 2713 san-

1079 2733 1171 2771 guine
1185 2738 1332 2772 quaeranl.
1486 2733 1604 2763 Hmss.
