1849 3198
218 170 260 200 736
617 169 826 201 BENTLEII
849 168 1221 201 EMENDATIONES.

246 258 288 288 29
315 258 432 294 Fallar,
447 269 487 287 {m
503 256 559 287 illa

224 311 286 342 106
309 313 396 349 Quos
411 310 519 341 Numa
534 312 678 341 maternis

229 366 287 397 107
310 363 501 407 Abjectique
516 365 618 405 probet

796 482 976 520 EPIST.
1006 482 1059 520 V.

248 578 285 607 41
312 576 475 608 Interdum
490 580 599 618 quarit
615 581 670 609 tua
684 587 772 608 mens
788 576 899 613 oblita,
918 579 984 617 quis
999 576 1066 607 abit

250 632 292 662 46
314 631 366 668 Et,
383 630 423 661 sit
437 631 556 671 petjuri

784 715 964 754 EPIST.
994 716 1069 754 VI.

246 803 287 833 33
311 802 369 838 At,
387 801 412 833 si
429 802 506 833 forte
522 803 629 842 quaeris
644 799 675 831 in
692 811 738 830 eos

245 856 286 886 34
313 856 396 890 Quin
414 866 460 892 se,

250 910 291 940 47
317 910 540 950 Consiliumque
554 910 636 940 novis
651 914 770 949 ceperat
784 919 868 939 omne
884 909 981 939 malis.

789 1025 969 1064 EPIST.
998 1025 1075 1064 IX.

245 1123 285 1153 21
311 1122 509 1154 Scribentem
523 1123 614 1166 juvat
627 1122 693 1164 ipse
710 1123 807 1159 labor,

243 1177 284 1207 23
587 1179 687 1207 minus
701 1176 811 1214 ardua,
827 1180 948 1218 quanto

247 1231 286 1261 31
636 1232 687 1271 qui
701 1230 853 1267 carmina,
869 1240 978 1267 sanus,

249 1285 291 1315 32
639 1285 780 1326 colligere
794 1283 850 1315 illa
865 1284 972 1316 Getis:
1003 1283 1097 1325 [53.J

247 1338 289 1368 44
636 1337 793 1380 rogandus
808 1339 896 1369 eras?

254 1392 294 1422 47
535 1403 603 1422 cum
618 1391 688 1433 quis
703 1391 762 1423 sibi
776 1392 899 1425 finxerit
913 1391 992 1435 ipse,

311 1444 542 1487 Abjudicentur
556 1457 606 1477 vv.
621 1447 677 1482 24,
695 1447 749 1477 25.

810 1571 1042 1578 ——-.—

513 1661 601 1702 EX
634 1660 857 1703 PONTO
890 1661 1069 1704 LIBRI
1101 1660 1353 1709 QUARTI

785 1787 965 1826 EPIST.
996 1787 1073 1826 IV.

252 1875 287 1905 11
314 1875 398 1906 Nam
413 1874 501 1912 mihi,
517 1877 589 1906 dum

797 1994 976 2033 EPIST.
1009 1995 1060 2033 V.

251 2087 290 2119 15
315 2087 414 2130 Copia
432 2097 490 2120 nec
509 2087 595 2120 vobis
611 2089 697 2119 nullo

787 2209 969 2248 EPIST.
1000 2209 1076 2248 V1,
1848 2245 1849 2264 χ

249 2301 287 2331 31
637 2313 775 2344 pugnare
790 2305 944 2341 videntur,

788 2423 966 2461 EPIST.
998 2424 1073 2461 IX,

312 2511 543 2554 Abjudicentur
560 2525 608 2545 vv.
624 2516 678 2553 25,
695 2517 750 2547 26.

801 2635 979 2674 EPIST.
1010 2636 1061 2673 X.

246 2729 286 2758 -23
310 2727 353 2758 At
371 2728 484 2764 Notus,
499 2740 599 2759 averet·
