<?xml version="1.0" encoding="UTF-8"?>
<!DOCTYPE html PUBLIC "-//W3C//DTD XHTML 1.0 Transitional//EN"
    "http://www.w3.org/TR/xhtml1/DTD/xhtml1-transitional.dtd">
<html xmlns="http://www.w3.org/1999/xhtml" xml:lang="en" lang="en">
 <head>
  <title>
</title>
<meta http-equiv="Content-Type" content="text/html;charset=utf-8" />
  <meta name='ocr-system' content='tesseract 3.04.00' />
  <meta name='ocr-capabilities' content='ocr_page ocr_carea ocr_par ocr_line ocrx_word'/>
</head>
<body>
  <div class='ocr_page' id='page_1' title='image "./povidiinasonisop01oviduoft_0198.png"; bbox 0 0 1849 3198; ppageno 0'>
   <div class='ocr_carea' id='block_1_1' title="bbox 257 225 341 266">
    <p class='ocr_par' dir='ltr' id='par_1_1' title="bbox 257 225 341 266">
     <span class='ocr_line' id='line_1_1' title="bbox 257 225 341 266; baseline 0 0"><span class='ocrx_word' id='word_1_1' title='bbox 257 225 341 266; x_wconf 86' lang='grc'>114</span> 
     </span>
    </p>
   </div>
   <div class='ocr_carea' id='block_1_2' title="bbox 642 224 1249 269">
    <p class='ocr_par' dir='ltr' id='par_1_2' title="bbox 642 224 1249 269">
     <span class='ocr_line' id='line_1_2' title="bbox 642 224 1249 269; baseline 0.005 -3"><span class='ocrx_word' id='word_1_2' title='bbox 642 225 693 267; x_wconf 90' lang='grc' dir='ltr'>Ρ.</span> <span class='ocrx_word' id='word_1_3' title='bbox 726 224 937 266; x_wconf 92' lang='lat' dir='ltr'>OVIDII</span> <span class='ocrx_word' id='word_1_4' title='bbox 971 225 1249 269; x_wconf 90' lang='lat' dir='ltr'><strong>NASONIS</strong></span> 
     </span>
    </p>
   </div>
   <div class='ocr_carea' id='block_1_3' title="bbox 253 339 1630 1254">
    <p class='ocr_par' dir='ltr' id='par_1_3' title="bbox 253 339 1630 1254">
     <span class='ocr_line' id='line_1_3' title="bbox 260 339 1365 399; baseline 0.001 -12"><span class='ocrx_word' id='word_1_5' title='bbox 260 340 501 388; x_wconf 80' lang='lat' dir='ltr'><strong>Detrahat</strong></span> <span class='ocrx_word' id='word_1_6' title='bbox 524 339 730 388; x_wconf 89' lang='lat' dir='ltr'>Antaeus</span> <span class='ocrx_word' id='word_1_7' title='bbox 754 341 877 388; x_wconf 92' lang='lat' dir='ltr'>duro</span> <span class='ocrx_word' id='word_1_8' title='bbox 902 341 1188 389; x_wconf 90' lang='lat' dir='ltr'>redimicula</span> <span class='ocrx_word' id='word_1_9' title='bbox 1211 341 1365 399; x_wconf 85' lang='lat' dir='ltr'>collo;</span> 
     </span>
     <span class='ocr_line' id='line_1_4' title="bbox 324 417 1235 482; baseline 0.002 -18"><span class='ocrx_word' id='word_1_10' title='bbox 324 417 403 466; x_wconf 94' lang='lat' dir='ltr'>Ne</span> <span class='ocrx_word' id='word_1_11' title='bbox 426 419 593 482; x_wconf 81' lang='lat' dir='ltr'>pigeat</span> <span class='ocrx_word' id='word_1_12' title='bbox 615 419 751 465; x_wconf 91' lang='lat' dir='ltr'>molli</span> <span class='ocrx_word' id='word_1_13' title='bbox 774 419 1094 466; x_wconf 81' lang='lat' dir='ltr'>succubuisse</span> <span class='ocrx_word' id='word_1_14' title='bbox 1118 418 1235 466; x_wconf 91' lang='lat' dir='ltr'>viro.</span> 
     </span>
     <span class='ocr_line' id='line_1_5' title="bbox 258 494 1370 559; baseline 0.001 -18"><span class='ocrx_word' id='word_1_15' title='bbox 258 494 393 542; x_wconf 90' lang='lat' dir='ltr'>Inter</span> <span class='ocrx_word' id='word_1_16' title='bbox 418 495 641 544; x_wconf 75' lang='lat' dir='ltr'>Ioniacas</span> <span class='ocrx_word' id='word_1_17' title='bbox 667 497 914 544; x_wconf 75' lang='lat' dir='ltr'>calathum</span> <span class='ocrx_word' id='word_1_18' title='bbox 939 496 1156 543; x_wconf 88' lang='lat' dir='ltr'>tenuisse</span> <span class='ocrx_word' id='word_1_19' title='bbox 1181 496 1370 559; x_wconf 85' lang='lat' dir='ltr'>puellas</span> 
     </span>
     <span class='ocr_line' id='line_1_6' title="bbox 325 572 1407 636; baseline 0.001 -18"><span class='ocrx_word' id='word_1_20' title='bbox 325 572 545 631; x_wconf 90' lang='lat' dir='ltr'>Diceris;</span> <span class='ocrx_word' id='word_1_21' title='bbox 585 582 635 622; x_wconf 89' lang='lat' dir='ltr'>et</span> <span class='ocrx_word' id='word_1_22' title='bbox 658 574 869 620; x_wconf 78' lang='lat' dir='ltr'>dominae</span> <span class='ocrx_word' id='word_1_23' title='bbox 895 572 1208 636; x_wconf 78' lang='lat' dir='ltr'>pertimuisse</span> <span class='ocrx_word' id='word_1_24' title='bbox 1233 573 1407 619; x_wconf 88' lang='lat' dir='ltr'>minas.</span> 
     </span>
     <span class='ocr_line' id='line_1_7' title="bbox 258 648 1630 712; baseline 0.001 -17"><span class='ocrx_word' id='word_1_25' title='bbox 258 648 372 695; x_wconf 90' lang='lat' dir='ltr'>Non</span> <span class='ocrx_word' id='word_1_26' title='bbox 397 649 540 712; x_wconf 81' lang='lat' dir='ltr'>fugis,</span> <span class='ocrx_word' id='word_1_27' title='bbox 567 649 759 706; x_wconf 90' lang='lat' dir='ltr'>Alcide,</span> <span class='ocrx_word' id='word_1_28' title='bbox 785 649 1038 696; x_wconf 88' lang='lat' dir='ltr'>victricem</span> <span class='ocrx_word' id='word_1_29' title='bbox 1063 649 1196 696; x_wconf 88' lang='lat' dir='ltr'>mille</span> <span class='ocrx_word' id='word_1_30' title='bbox 1221 650 1444 696; x_wconf 89' lang='lat' dir='ltr'>laborum</span> <span class='ocrx_word' id='word_1_31' title='bbox 1569 653 1630 697; x_wconf 90' lang='grc'>75</span> 
     </span>
     <span class='ocr_line' id='line_1_8' title="bbox 322 725 1387 789; baseline 0 -16"><span class='ocrx_word' id='word_1_32' title='bbox 322 725 575 774; x_wconf 82' lang='lat' dir='ltr'>Rasilibus</span> <span class='ocrx_word' id='word_1_33' title='bbox 601 726 807 774; x_wconf 79' lang='lat' dir='ltr'>calathis</span> <span class='ocrx_word' id='word_1_34' title='bbox 833 725 1129 789; x_wconf 85' lang='lat' dir='ltr'>imposuisse</span> <span class='ocrx_word' id='word_1_35' title='bbox 1154 727 1387 773; x_wconf 76' lang='lat' dir='ltr'>manum?</span> 
     </span>
     <span class='ocr_line' id='line_1_9' title="bbox 257 802 1320 868; baseline 0 -19"><span class='ocrx_word' id='word_1_36' title='bbox 257 802 539 868; x_wconf 79' lang='lat' dir='ltr'>Crassaque</span> <span class='ocrx_word' id='word_1_37' title='bbox 564 806 765 852; x_wconf 90' lang='lat' dir='ltr'>robusto</span> <span class='ocrx_word' id='word_1_38' title='bbox 790 803 994 851; x_wconf 89' lang='lat' dir='ltr'>deducis</span> <span class='ocrx_word' id='word_1_39' title='bbox 1020 803 1199 867; x_wconf 90' lang='lat' dir='ltr'>pollice</span> <span class='ocrx_word' id='word_1_40' title='bbox 1223 803 1320 859; x_wconf 84' lang='lat' dir='ltr'>fila,</span> 
     </span>
     <span class='ocr_line' id='line_1_10' title="bbox 318 880 1426 945; baseline 0 -18"><span class='ocrx_word' id='word_1_41' title='bbox 318 881 580 945; x_wconf 89' lang='lat' dir='ltr'>AEquaque</span> <span class='ocrx_word' id='word_1_42' title='bbox 605 881 803 929; x_wconf 84' lang='lat' dir='ltr'>famosae</span> <span class='ocrx_word' id='word_1_43' title='bbox 828 896 985 945; x_wconf 90' lang='lat' dir='ltr'>pensa</span> <span class='ocrx_word' id='word_1_44' title='bbox 1008 880 1236 945; x_wconf 87' lang='lat' dir='ltr'>rependis</span> <span class='ocrx_word' id='word_1_45' title='bbox 1261 880 1426 928; x_wconf 72' lang='lat' dir='ltr'>herae?</span> 
     </span>
     <span class='ocr_line' id='line_1_11' title="bbox 253 957 1543 1022; baseline -0.001 -18"><span class='ocrx_word' id='word_1_46' title='bbox 253 957 333 1004; x_wconf 94' lang='lat' dir='ltr'>Ah</span> <span class='ocrx_word' id='word_1_47' title='bbox 358 959 568 1022; x_wconf 88' lang='lat' dir='ltr'>quoties,</span> <span class='ocrx_word' id='word_1_48' title='bbox 596 958 761 1021; x_wconf 84' lang='lat' dir='ltr'>digitis</span> <span class='ocrx_word' id='word_1_49' title='bbox 787 959 905 1005; x_wconf 90' lang='lat' dir='ltr'>dum</span> <span class='ocrx_word' id='word_1_50' title='bbox 930 964 1132 1021; x_wconf 87' lang='lat' dir='ltr'>torques</span> <span class='ocrx_word' id='word_1_51' title='bbox 1158 958 1370 1005; x_wconf 85' lang='lat' dir='ltr'>stamina</span> <span class='ocrx_word' id='word_1_52' title='bbox 1393 957 1543 1013; x_wconf 89' lang='lat' dir='ltr'>duris,</span> 
     </span>
     <span class='ocr_line' id='line_1_12' title="bbox 318 1034 1627 1083; baseline -0.001 -1"><span class='ocrx_word' id='word_1_53' title='bbox 318 1034 605 1083; x_wconf 79' lang='lat' dir='ltr'>Praevalidae</span> <span class='ocrx_word' id='word_1_54' title='bbox 629 1035 762 1083; x_wconf 89' lang='lat' dir='ltr'>fusos</span> <span class='ocrx_word' id='word_1_55' title='bbox 788 1036 1116 1083; x_wconf 70' lang='lat' dir='ltr'>comminuere</span> <span class='ocrx_word' id='word_1_56' title='bbox 1141 1052 1331 1083; x_wconf 84' lang='lat' dir='ltr'>manus.</span> <span class='ocrx_word' id='word_1_57' title='bbox 1565 1038 1627 1081; x_wconf 77' lang='lat'>80</span> 
     </span>
     <span class='ocr_line' id='line_1_13' title="bbox 253 1111 1530 1169; baseline 0 -11"><span class='ocrx_word' id='word_1_58' title='bbox 253 1111 500 1169; x_wconf 90' lang='lat' dir='ltr'>Crederis,</span> <span class='ocrx_word' id='word_1_59' title='bbox 528 1112 714 1169; x_wconf 87' lang='lat' dir='ltr'>infelix,</span> <span class='ocrx_word' id='word_1_60' title='bbox 742 1113 941 1160; x_wconf 87' lang='lat' dir='ltr'>scuticae</span> <span class='ocrx_word' id='word_1_61' title='bbox 965 1112 1282 1160; x_wconf 86' lang='lat' dir='ltr'>tremefactus</span> <span class='ocrx_word' id='word_1_62' title='bbox 1308 1112 1530 1167; x_wconf 86' lang='lat' dir='ltr'>habenis,</span> 
     </span>
     <span class='ocr_line' id='line_1_14' title="bbox 316 1188 1345 1254; baseline 0.001 -18"><span class='ocrx_word' id='word_1_63' title='bbox 316 1188 447 1237; x_wconf 89' lang='lat' dir='ltr'>Ante</span> <span class='ocrx_word' id='word_1_64' title='bbox 472 1190 626 1254; x_wconf 89' lang='lat' dir='ltr'>pedes</span> <span class='ocrx_word' id='word_1_65' title='bbox 650 1190 861 1237; x_wconf 75' lang='lat' dir='ltr'>dominae</span> <span class='ocrx_word' id='word_1_66' title='bbox 887 1190 1209 1254; x_wconf 86' lang='lat' dir='ltr'>procubuisse</span> <span class='ocrx_word' id='word_1_67' title='bbox 1232 1198 1345 1237; x_wconf 85' lang='lat' dir='ltr'>tuae.</span> 
     </span>
    </p>
   </div>
   <div class='ocr_carea' id='block_1_4' title="bbox 236 1299 904 2471">
    <p class='ocr_par' dir='ltr' id='par_1_4' title="bbox 236 1299 904 1784">
     <span class='ocr_line' id='line_1_15' title="bbox 244 1299 902 1338; baseline 0.002 -9"><span class='ocrx_word' id='word_1_68' title='bbox 244 1300 321 1338; x_wconf 79' lang='lat' dir='ltr'>pites</span> <span class='ocrx_word' id='word_1_69' title='bbox 346 1300 526 1335; x_wconf 84' lang='lat' dir='ltr'>immolabat,</span> <span class='ocrx_word' id='word_1_70' title='bbox 555 1306 583 1330; x_wconf 76' lang='lat' dir='ltr'>et</span> <span class='ocrx_word' id='word_1_71' title='bbox 608 1301 644 1329; x_wconf 87' lang='lat' dir='ltr'>ab</span> <span class='ocrx_word' id='word_1_72' title='bbox 669 1299 804 1330; x_wconf 77' lang='lat' dir='ltr'>Hercule</span> <span class='ocrx_word' id='word_1_73' title='bbox 826 1302 902 1330; x_wconf 76' lang='lat' dir='ltr'>inle-</span> 
     </span>
     <span class='ocr_line' id='line_1_16' title="bbox 248 1350 904 1388; baseline 0.005 -11"><span class='ocrx_word' id='word_1_74' title='bbox 248 1355 378 1388; x_wconf 78' lang='lat' dir='ltr'>remptus</span> <span class='ocrx_word' id='word_1_75' title='bbox 401 1355 453 1385; x_wconf 80' lang='lat' dir='ltr'>est,</span> <span class='ocrx_word' id='word_1_76' title='bbox 478 1360 546 1379; x_wconf 83' lang='lat' dir='ltr'>cum</span> <span class='ocrx_word' id='word_1_77' title='bbox 570 1350 659 1380; x_wconf 82' lang='lat' dir='ltr'>etiam</span> <span class='ocrx_word' id='word_1_78' title='bbox 681 1360 747 1380; x_wconf 79' lang='lat' dir='ltr'>eum</span> <span class='ocrx_word' id='word_1_79' title='bbox 770 1350 904 1380; x_wconf 80' lang='lat' dir='ltr'>voluisset</span> 
     </span>
     <span class='ocr_line' id='line_1_17' title="bbox 249 1399 903 1442; baseline 0.002 -14"><span class='ocrx_word' id='word_1_80' title='bbox 249 1400 392 1429; x_wconf 80' lang='lat' dir='ltr'>occidere.</span> <span class='ocrx_word' id='word_1_81' title='bbox 431 1399 558 1430; x_wconf 87' lang='lat' dir='ltr'>Orosius</span> <span class='ocrx_word' id='word_1_82' title='bbox 572 1399 629 1431; x_wconf 91' lang='lat' dir='ltr'>lib.</span> <span class='ocrx_word' id='word_1_83' title='bbox 646 1399 669 1431; x_wconf 89' lang='lat' dir='ltr'>i.</span> <span class='ocrx_word' id='word_1_84' title='bbox 685 1410 756 1442; x_wconf 87' lang='lat' dir='ltr'>cap.</span> <span class='ocrx_word' id='word_1_85' title='bbox 772 1400 814 1431; x_wconf 84' lang='lat' dir='ltr'>xi.</span> <span class='ocrx_word' id='word_1_86' title='bbox 839 1400 903 1430; x_wconf 87' lang='lat' dir='ltr'>Bu-</span> 
     </span>
     <span class='ocr_line' id='line_1_18' title="bbox 246 1449 904 1490; baseline 0.003 -12"><span class='ocrx_word' id='word_1_87' title='bbox 246 1449 348 1478; x_wconf 79' lang='lat' dir='ltr'>siridis</span> <span class='ocrx_word' id='word_1_88' title='bbox 361 1450 392 1478; x_wconf 81' lang='lat' dir='ltr'>in</span> <span class='ocrx_word' id='word_1_89' title='bbox 409 1449 540 1490; x_wconf 70' lang='lat' dir='ltr'>AEgypto</span> <span class='ocrx_word' id='word_1_90' title='bbox 562 1451 760 1480; x_wconf 80' lang='lat' dir='ltr'>cruentissimi</span> <span class='ocrx_word' id='word_1_91' title='bbox 778 1452 904 1490; x_wconf 76' lang='lat' dir='ltr'>tyranni</span> 
     </span>
     <span class='ocr_line' id='line_1_19' title="bbox 248 1498 904 1540; baseline 0.003 -13"><span class='ocrx_word' id='word_1_92' title='bbox 248 1499 377 1528; x_wconf 82' lang='lat' dir='ltr'>crudelis</span> <span class='ocrx_word' id='word_1_93' title='bbox 389 1498 583 1537; x_wconf 73' lang='lat' dir='ltr'>hospitalitas,</span> <span class='ocrx_word' id='word_1_94' title='bbox 595 1505 623 1529; x_wconf 80' lang='lat' dir='ltr'>et</span> <span class='ocrx_word' id='word_1_95' title='bbox 637 1500 788 1529; x_wconf 79' lang='lat' dir='ltr'>crudelior</span> <span class='ocrx_word' id='word_1_96' title='bbox 800 1500 904 1540; x_wconf 81' lang='lat' dir='ltr'>religia</span> 
     </span>
     <span class='ocr_line' id='line_1_20' title="bbox 248 1546 902 1586; baseline 0.005 -11"><span class='ocrx_word' id='word_1_97' title='bbox 248 1551 321 1576; x_wconf 81' lang='lat' dir='ltr'>tunc</span> <span class='ocrx_word' id='word_1_98' title='bbox 331 1548 421 1586; x_wconf 85' lang='lat' dir='ltr'>(ante</span> <span class='ocrx_word' id='word_1_99' title='bbox 432 1546 549 1577; x_wconf 87' lang='lat' dir='ltr'>Urbem</span> <span class='ocrx_word' id='word_1_100' title='bbox 557 1546 713 1577; x_wconf 78' lang='lat' dir='ltr'>conditam</span> <span class='ocrx_word' id='word_1_101' title='bbox 724 1548 902 1585; x_wconf 80' lang='lat' dir='ltr'>DCCLxxv.)</span> 
     </span>
     <span class='ocr_line' id='line_1_21' title="bbox 236 1595 901 1636; baseline 0.003 -12"><span class='ocrx_word' id='word_1_102' title='bbox 236 1595 320 1636; x_wconf 75' lang='lat' dir='ltr'>fuit,</span> <span class='ocrx_word' id='word_1_103' title='bbox 346 1597 397 1635; x_wconf 84' lang='lat' dir='ltr'>qui</span> <span class='ocrx_word' id='word_1_104' title='bbox 426 1597 630 1626; x_wconf 75' lang='lat' dir='ltr'>innocentium</span> <span class='ocrx_word' id='word_1_105' title='bbox 659 1597 803 1635; x_wconf 81' lang='lat' dir='ltr'>hospitum</span> <span class='ocrx_word' id='word_1_106' title='bbox 831 1607 901 1626; x_wconf 82' lang='lat' dir='ltr'>san-</span> 
     </span>
     <span class='ocr_line' id='line_1_22' title="bbox 246 1646 901 1686; baseline 0.003 -12"><span class='ocrx_word' id='word_1_107' title='bbox 246 1646 339 1686; x_wconf 81' lang='lat' dir='ltr'>guine</span> <span class='ocrx_word' id='word_1_108' title='bbox 356 1646 424 1681; x_wconf 82' lang='lat' dir='ltr'>diis,</span> <span class='ocrx_word' id='word_1_109' title='bbox 440 1647 582 1676; x_wconf 80' lang='lat' dir='ltr'>scelerum</span> <span class='ocrx_word' id='word_1_110' title='bbox 604 1656 724 1675; x_wconf 81' lang='lat' dir='ltr'>suorum</span> <span class='ocrx_word' id='word_1_111' title='bbox 744 1648 901 1686; x_wconf 76' lang='lat' dir='ltr'>participi-</span> 
     </span>
     <span class='ocr_line' id='line_1_23' title="bbox 248 1693 900 1733; baseline 0.002 -10"><span class='ocrx_word' id='word_1_112' title='bbox 248 1694 309 1729; x_wconf 84' lang='lat' dir='ltr'>bus,</span> <span class='ocrx_word' id='word_1_113' title='bbox 322 1695 512 1733; x_wconf 74' lang='lat' dir='ltr'>propinabat.</span> <span class='ocrx_word' id='word_1_114' title='bbox 544 1694 595 1724; x_wconf 90' lang='lat' dir='ltr'>De</span> <span class='ocrx_word' id='word_1_115' title='bbox 611 1693 720 1724; x_wconf 88' lang='lat' dir='ltr'>eodem</span> <span class='ocrx_word' id='word_1_116' title='bbox 735 1693 900 1731; x_wconf 87' lang='lat' dir='ltr'>Arnobius,</span> 
     </span>
     <span class='ocr_line' id='line_1_24' title="bbox 247 1743 588 1784; baseline 0 -11"><span class='ocrx_word' id='word_1_117' title='bbox 247 1749 278 1774; x_wconf 90' lang='lat' dir='ltr'>et</span> <span class='ocrx_word' id='word_1_118' title='bbox 293 1743 450 1784; x_wconf 76' lang='lat' dir='ltr'>Hyginus.</span> <span class='ocrx_word' id='word_1_119' title='bbox 496 1743 588 1773; x_wconf 71' lang='lat' dir='ltr'>C10r.</span> 
     </span>
    </p>

    <p class='ocr_par' dir='ltr' id='par_1_5' title="bbox 245 1791 899 1880">
     <span class='ocr_line' id='line_1_25' title="bbox 289 1791 899 1832; baseline 0.003 -10"><span class='ocrx_word' id='word_1_120' title='bbox 289 1792 343 1822; x_wconf 90' lang='lat'>70.</span> <span class='ocrx_word' id='word_1_121' title='bbox 368 1792 478 1832; x_wconf 84' lang='lat' dir='ltr'>Huic.]</span> <span class='ocrx_word' id='word_1_122' title='bbox 503 1791 703 1822; x_wconf 83' lang='lat' dir='ltr'>Sarravianus</span> <span class='ocrx_word' id='word_1_123' title='bbox 727 1791 824 1822; x_wconf 83' lang='lat' dir='ltr'>codex</span> <span class='ocrx_word' id='word_1_124' title='bbox 847 1795 899 1824; x_wconf 69' lang='grc' dir='ltr'>εἰς.</span> 
     </span>
     <span class='ocr_line' id='line_1_26' title="bbox 245 1840 765 1880; baseline -0.002 -8"><span class='ocrx_word' id='word_1_125' title='bbox 245 1842 343 1880; x_wconf 88' lang='lat' dir='ltr'>bene;</span> <span class='ocrx_word' id='word_1_126' title='bbox 366 1840 420 1871; x_wconf 90' lang='lat' dir='ltr'>illo</span> <span class='ocrx_word' id='word_1_127' title='bbox 434 1840 466 1871; x_wconf 91' lang='lat' dir='ltr'>in</span> <span class='ocrx_word' id='word_1_128' title='bbox 481 1841 602 1871; x_wconf 82' lang='lat' dir='ltr'>habitu.</span> <span class='ocrx_word' id='word_1_129' title='bbox 647 1841 765 1871; x_wconf 79' lang='lat' dir='ltr'>BunM.</span> 
     </span>
    </p>

    <p class='ocr_par' dir='ltr' id='par_1_6' title="bbox 239 1890 901 2279">
     <span class='ocr_line' id='line_1_27' title="bbox 289 1890 901 1932; baseline 0 -10"><span class='ocrx_word' id='word_1_130' title='bbox 289 1891 342 1922; x_wconf 87' lang='lat'>75.</span> <span class='ocrx_word' id='word_1_131' title='bbox 369 1890 439 1921; x_wconf 85' lang='lat' dir='ltr'>Non</span> <span class='ocrx_word' id='word_1_132' title='bbox 453 1890 573 1932; x_wconf 63' lang='lat' dir='ltr'>fugis]</span> <span class='ocrx_word' id='word_1_133' title='bbox 601 1890 697 1931; x_wconf 83' lang='lat' dir='ltr'>Lego,</span> <span class='ocrx_word' id='word_1_134' title='bbox 725 1902 783 1921; x_wconf 77' lang='lat' dir='ltr'>uon</span> <span class='ocrx_word' id='word_1_135' title='bbox 807 1893 901 1930; x_wconf 81' lang='lat' dir='ltr'>pudet</span> 
     </span>
     <span class='ocr_line' id='line_1_28' title="bbox 246 1939 900 1981; baseline -0.002 -9"><span class='ocrx_word' id='word_1_136' title='bbox 246 1942 363 1972; x_wconf 82' lang='lat' dir='ltr'>Alcide.</span> <span class='ocrx_word' id='word_1_137' title='bbox 387 1950 460 1970; x_wconf 88' lang='lat' dir='ltr'>nam</span> <span class='ocrx_word' id='word_1_138' title='bbox 475 1946 506 1970; x_wconf 88' lang='lat' dir='ltr'>et</span> <span class='ocrx_word' id='word_1_139' title='bbox 521 1939 587 1970; x_wconf 85' lang='lat' dir='ltr'>haee</span> <span class='ocrx_word' id='word_1_140' title='bbox 609 1939 702 1970; x_wconf 84' lang='lat' dir='ltr'>lectio</span> <span class='ocrx_word' id='word_1_141' title='bbox 726 1939 758 1970; x_wconf 82' lang='lat' dir='ltr'>in</span> <span class='ocrx_word' id='word_1_142' title='bbox 773 1940 900 1981; x_wconf 86' lang='lat' dir='ltr'>quibus-</span> 
     </span>
     <span class='ocr_line' id='line_1_29' title="bbox 245 1989 898 2021; baseline 0 0"><span class='ocrx_word' id='word_1_143' title='bbox 245 1991 317 2021; x_wconf 84' lang='lat' dir='ltr'>dam</span> <span class='ocrx_word' id='word_1_144' title='bbox 340 1989 410 2020; x_wconf 87' lang='lat' dir='ltr'>ferri</span> <span class='ocrx_word' id='word_1_145' title='bbox 435 1995 570 2020; x_wconf 86' lang='lat' dir='ltr'>notatur.</span> <span class='ocrx_word' id='word_1_146' title='bbox 601 1989 789 2021; x_wconf 60' lang='lat' dir='ltr'>Mrei&#39;LLvs.</span> <span class='ocrx_word' id='word_1_147' title='bbox 832 1990 898 2021; x_wconf 87' lang='lat' dir='ltr'>Re-</span> 
     </span>
     <span class='ocr_line' id='line_1_30' title="bbox 244 2038 899 2081; baseline 0.002 -11"><span class='ocrx_word' id='word_1_148' title='bbox 244 2050 324 2081; x_wconf 87' lang='lat' dir='ltr'>pone</span> <span class='ocrx_word' id='word_1_149' title='bbox 340 2049 411 2069; x_wconf 89' lang='lat' dir='ltr'>cum</span> <span class='ocrx_word' id='word_1_150' title='bbox 429 2038 618 2074; x_wconf 82' lang='lat' dir='ltr'>melioribus,</span> <span class='ocrx_word' id='word_1_151' title='bbox 636 2038 812 2081; x_wconf 80' lang='lat' dir='ltr'>Nansugis‚</span> <span class='ocrx_word' id='word_1_152' title='bbox 827 2046 899 2071; x_wconf 91' lang='lat' dir='ltr'>noto</span> 
     </span>
     <span class='ocr_line' id='line_1_31' title="bbox 245 2087 898 2133; baseline 0 -13"><span class='ocrx_word' id='word_1_153' title='bbox 245 2088 428 2120; x_wconf 84' lang='lat' dir='ltr'>Graecismo.</span> <span class='ocrx_word' id='word_1_154' title='bbox 453 2087 496 2118; x_wconf 88' lang='lat' dir='ltr'>sic</span> <span class='ocrx_word' id='word_1_155' title='bbox 507 2088 593 2133; x_wconf 81' lang='lat' dir='ltr'>fuge</span> <span class='ocrx_word' id='word_1_156' title='bbox 607 2090 725 2119; x_wconf 79' lang='lat' dir='ltr'>credere</span> <span class='ocrx_word' id='word_1_157' title='bbox 740 2089 821 2130; x_wconf 88' lang='lat' dir='ltr'>apud</span> <span class='ocrx_word' id='word_1_158' title='bbox 836 2090 898 2120; x_wconf 92' lang='lat' dir='ltr'>Lu-</span> 
     </span>
     <span class='ocr_line' id='line_1_32' title="bbox 244 2137 899 2178; baseline 0.002 -10"><span class='ocrx_word' id='word_1_159' title='bbox 244 2137 385 2173; x_wconf 86' lang='lat' dir='ltr'>cretium,</span> <span class='ocrx_word' id='word_1_160' title='bbox 398 2137 482 2178; x_wconf 82' lang='lat' dir='ltr'>fuge</span> <span class='ocrx_word' id='word_1_161' title='bbox 504 2148 642 2177; x_wconf 65' lang='lat' dir='ltr'>quaerere,</span> <span class='ocrx_word' id='word_1_162' title='bbox 658 2142 688 2167; x_wconf 89' lang='lat' dir='ltr'>et</span> <span class='ocrx_word' id='word_1_163' title='bbox 700 2137 784 2178; x_wconf 77' lang='lat' dir='ltr'>fuge</span> <span class='ocrx_word' id='word_1_164' title='bbox 805 2140 899 2178; x_wconf 82' lang='lat' dir='ltr'>suspi-</span> 
     </span>
     <span class='ocr_line' id='line_1_33' title="bbox 244 2186 896 2228; baseline 0 -10"><span class='ocrx_word' id='word_1_165' title='bbox 244 2189 309 2218; x_wconf 74' lang='lat' dir='ltr'>cari</span> <span class='ocrx_word' id='word_1_166' title='bbox 324 2186 406 2228; x_wconf 86' lang='lat' dir='ltr'>apud</span> <span class='ocrx_word' id='word_1_167' title='bbox 422 2186 596 2222; x_wconf 81' lang='lat' dir='ltr'>Horatium,</span> <span class='ocrx_word' id='word_1_168' title='bbox 621 2192 655 2217; x_wconf 86' lang='lat' dir='ltr'>ut</span> <span class='ocrx_word' id='word_1_169' title='bbox 675 2192 706 2217; x_wconf 89' lang='lat' dir='ltr'>et</span> <span class='ocrx_word' id='word_1_170' title='bbox 728 2187 816 2228; x_wconf 83' lang='lat' dir='ltr'>plura</span> <span class='ocrx_word' id='word_1_171' title='bbox 838 2188 896 2218; x_wconf 94' lang='lat' dir='ltr'>hu-</span> 
     </span>
     <span class='ocr_line' id='line_1_34' title="bbox 239 2234 776 2279; baseline -0.002 -12"><span class='ocrx_word' id='word_1_172' title='bbox 239 2237 327 2279; x_wconf 82' lang='lat' dir='ltr'>jusce</span> <span class='ocrx_word' id='word_1_173' title='bbox 343 2240 434 2265; x_wconf 87' lang='lat' dir='ltr'>notae.</span> <span class='ocrx_word' id='word_1_174' title='bbox 478 2234 629 2274; x_wconf 80' lang='lat' dir='ltr'>Virgilius</span> <span class='ocrx_word' id='word_1_175' title='bbox 642 2235 685 2266; x_wconf 80' lang='lat' dir='ltr'>ix.</span> <span class='ocrx_word' id='word_1_176' title='bbox 705 2236 776 2266; x_wconf 89' lang='grc'><strong>199.</strong></span> 
     </span>
    </p>

    <p class='ocr_par' dir='ltr' id='par_1_7' title="bbox 288 2285 897 2325">
     <span class='ocr_line' id='line_1_35' title="bbox 288 2285 897 2325; baseline 0.002 -11"><span class='ocrx_word' id='word_1_177' title='bbox 288 2285 377 2314; x_wconf 68' lang='grc'><strong>11167113</strong></span> <span class='ocrx_word' id='word_1_178' title='bbox 398 2285 496 2324; x_wconf 76' lang='lat' dir='ltr'>igitza·</span> <span class='ocrx_word' id='word_1_179' title='bbox 515 2285 624 2313; x_wconf 77' lang='lat' dir='ltr'>socium</span> <span class='ocrx_word' id='word_1_180' title='bbox 649 2285 766 2314; x_wconf 84' lang='lat' dir='ltr'>summis</span> <span class='ocrx_word' id='word_1_181' title='bbox 788 2286 897 2325; x_wconf 82' lang='lat' dir='ltr'>adjun-</span> 
     </span>
    </p>

    <p class='ocr_par' dir='ltr' id='par_1_8' title="bbox 326 2334 505 2375">
     <span class='ocr_line' id='line_1_36' title="bbox 326 2334 505 2375; baseline 0 -12"><span class='ocrx_word' id='word_1_182' title='bbox 326 2344 396 2375; x_wconf 82' lang='lat' dir='ltr'>gere</span> <span class='ocrx_word' id='word_1_183' title='bbox 410 2334 505 2369; x_wconf 80' lang='lat' dir='ltr'>rebus,</span> 
     </span>
    </p>

    <p class='ocr_par' dir='ltr' id='par_1_9' title="bbox 287 2382 476 2423">
     <span class='ocr_line' id='line_1_37' title="bbox 287 2382 476 2423; baseline -0.005 -11"><span class='ocrx_word' id='word_1_184' title='bbox 287 2382 476 2423; x_wconf 73' lang='lat' dir='ltr'>Nisefugis?</span> 
     </span>
    </p>

    <p class='ocr_par' dir='ltr' id='par_1_10' title="bbox 286 2430 897 2471">
     <span class='ocr_line' id='line_1_38' title="bbox 286 2430 897 2471; baseline 0.002 -10"><span class='ocrx_word' id='word_1_185' title='bbox 286 2431 339 2461; x_wconf 88' lang='lat'>77.</span> <span class='ocrx_word' id='word_1_186' title='bbox 365 2431 496 2461; x_wconf 81' lang='lat' dir='ltr'>Deducis</span> <span class='ocrx_word' id='word_1_187' title='bbox 508 2430 713 2471; x_wconf 77' lang='lat' dir='ltr'>pollicefila.]</span> <span class='ocrx_word' id='word_1_188' title='bbox 741 2431 897 2463; x_wconf 81' lang='lat' dir='ltr'>Deducere</span> 
     </span>
    </p>
   </div>
   <div class='ocr_carea' id='block_1_5' title="bbox 478 2397 647 2406">
    <p class='ocr_par' dir='ltr' id='par_1_11' title="bbox 478 2397 647 2406">
     <span class='ocr_line' id='line_1_39' title="bbox 478 2397 647 2406; baseline 0 0"><span class='ocrx_word' id='word_1_189' title='bbox 478 2397 647 2406; x_wconf 95' lang='lat' dir='ltr'> </span> 
     </span>
    </p>
   </div>
   <div class='ocr_carea' id='block_1_6' title="bbox 236 2478 896 2815">
    <p class='ocr_par' dir='ltr' id='par_1_12' title="bbox 236 2478 896 2815">
     <span class='ocr_line' id='line_1_40' title="bbox 242 2478 896 2517; baseline 0.003 -7"><span class='ocrx_word' id='word_1_190' title='bbox 242 2478 360 2515; x_wconf 80' lang='lat' dir='ltr'>malim,</span> <span class='ocrx_word' id='word_1_191' title='bbox 370 2479 395 2509; x_wconf 89' lang='lat' dir='ltr'>si</span> <span class='ocrx_word' id='word_1_192' title='bbox 410 2478 479 2509; x_wconf 89' lang='lat' dir='ltr'>libri</span> <span class='ocrx_word' id='word_1_193' title='bbox 496 2484 615 2509; x_wconf 85' lang='lat' dir='ltr'>veteres</span> <span class='ocrx_word' id='word_1_194' title='bbox 629 2479 847 2517; x_wconf 83' lang='lat' dir='ltr'>assentiantur,</span> <span class='ocrx_word' id='word_1_195' title='bbox 865 2487 896 2512; x_wconf 86' lang='lat' dir='ltr'>et</span> 
     </span>
     <span class='ocr_line' id='line_1_41' title="bbox 242 2527 894 2568; baseline 0.005 -10"><span class='ocrx_word' id='word_1_196' title='bbox 242 2529 399 2567; x_wconf 80' lang='lat' dir='ltr'>rependere</span> <span class='ocrx_word' id='word_1_197' title='bbox 421 2527 563 2568; x_wconf 84' lang='lat' dir='ltr'>sequenti</span> <span class='ocrx_word' id='word_1_198' title='bbox 583 2538 684 2558; x_wconf 88' lang='lat' dir='ltr'>versu.</span> <span class='ocrx_word' id='word_1_199' title='bbox 722 2528 894 2562; x_wconf 63' lang='lat' dir='ltr'>Hl-JINSIUS.</span> 
     </span>
     <span class='ocr_line' id='line_1_42' title="bbox 243 2574 893 2611; baseline 0.005 -5"><span class='ocrx_word' id='word_1_200' title='bbox 243 2576 349 2607; x_wconf 85' lang='lat' dir='ltr'>Crassa</span> <span class='ocrx_word' id='word_1_201' title='bbox 372 2582 454 2607; x_wconf 88' lang='lat' dir='ltr'>recte</span> <span class='ocrx_word' id='word_1_202' title='bbox 477 2574 564 2611; x_wconf 83' lang='lat' dir='ltr'>dicit,</span> <span class='ocrx_word' id='word_1_203' title='bbox 583 2581 617 2606; x_wconf 90' lang='lat' dir='ltr'>ut</span> <span class='ocrx_word' id='word_1_204' title='bbox 641 2578 759 2607; x_wconf 81' lang='lat' dir='ltr'>solocem</span> <span class='ocrx_word' id='word_1_205' title='bbox 779 2577 893 2609; x_wconf 89' lang='lat' dir='ltr'>intelli-</span> 
     </span>
     <span class='ocr_line' id='line_1_43' title="bbox 240 2625 892 2667; baseline 0.005 -11"><span class='ocrx_word' id='word_1_206' title='bbox 240 2631 304 2667; x_wconf 84' lang='lat' dir='ltr'>gat,</span> <span class='ocrx_word' id='word_1_207' title='bbox 318 2636 387 2667; x_wconf 88' lang='lat' dir='ltr'>quae</span> <span class='ocrx_word' id='word_1_208' title='bbox 399 2630 433 2656; x_wconf 86' lang='lat' dir='ltr'>ut</span> <span class='ocrx_word' id='word_1_209' title='bbox 447 2625 587 2667; x_wconf 86' lang='lat' dir='ltr'>imperito</span> <span class='ocrx_word' id='word_1_210' title='bbox 600 2625 703 2657; x_wconf 84' lang='lat' dir='ltr'>lanam</span> <span class='ocrx_word' id='word_1_211' title='bbox 719 2626 892 2659; x_wconf 86' lang='lat' dir='ltr'>deducendi</span> 
     </span>
     <span class='ocr_line' id='line_1_44' title="bbox 240 2674 893 2717; baseline 0.005 -12"><span class='ocrx_word' id='word_1_212' title='bbox 240 2674 390 2713; x_wconf 81' lang='lat' dir='ltr'>dabatur;</span> <span class='ocrx_word' id='word_1_213' title='bbox 413 2680 447 2705; x_wconf 92' lang='lat' dir='ltr'>ut</span> <span class='ocrx_word' id='word_1_214' title='bbox 461 2680 568 2705; x_wconf 79' lang='lat' dir='ltr'>contra</span> <span class='ocrx_word' id='word_1_215' title='bbox 585 2674 688 2706; x_wconf 83' lang='lat' dir='ltr'>mollis</span> <span class='ocrx_word' id='word_1_216' title='bbox 702 2676 893 2717; x_wconf 85' lang='lat' dir='ltr'>peritissimis</span> 
     </span>
     <span class='ocr_line' id='line_1_45' title="bbox 238 2723 890 2759; baseline 0.008 -5"><span class='ocrx_word' id='word_1_217' title='bbox 238 2723 360 2755; x_wconf 85' lang='lat' dir='ltr'>ancillis</span> <span class='ocrx_word' id='word_1_218' title='bbox 373 2723 517 2755; x_wconf 82' lang='lat' dir='ltr'>dabatur.</span> <span class='ocrx_word' id='word_1_219' title='bbox 541 2723 611 2755; x_wconf 90' lang='lat' dir='ltr'>vide</span> <span class='ocrx_word' id='word_1_220' title='bbox 627 2724 714 2756; x_wconf 88' lang='lat' dir='ltr'>Pass.</span> <span class='ocrx_word' id='word_1_221' title='bbox 729 2725 768 2757; x_wconf 84' lang='lat' dir='ltr'>ad</span> <span class='ocrx_word' id='word_1_222' title='bbox 783 2726 890 2759; x_wconf 82' lang='lat' dir='ltr'>Catul.</span> 
     </span>
     <span class='ocr_line' id='line_1_46' title="bbox 236 2772 707 2815; baseline 0.002 -12"><span class='ocrx_word' id='word_1_223' title='bbox 236 2773 344 2815; x_wconf 79' lang='lat' dir='ltr'>Epith.</span> <span class='ocrx_word' id='word_1_224' title='bbox 359 2772 452 2804; x_wconf 75' lang='lat' dir='ltr'>Tlnet.</span> <span class='ocrx_word' id='word_1_225' title='bbox 469 2774 545 2804; x_wconf 81' lang='lat'>312.</span> <span class='ocrx_word' id='word_1_226' title='bbox 590 2773 707 2805; x_wconf 79' lang='lat' dir='ltr'>Bunm.</span> 
     </span>
    </p>
   </div>
   <div class='ocr_carea' id='block_1_7' title="bbox 958 1298 1629 2817">
    <p class='ocr_par' dir='ltr' id='par_1_13' title="bbox 965 1298 1629 2180">
     <span class='ocr_line' id='line_1_47' title="bbox 1014 1298 1629 1342; baseline -0.003 -11"><span class='ocrx_word' id='word_1_227' title='bbox 1014 1301 1064 1331; x_wconf 88' lang='grc'>78.</span> <span class='ocrx_word' id='word_1_228' title='bbox 1088 1299 1411 1342; x_wconf 77' lang='lat' dir='ltr'>AEquaqueformosoe.]</span> <span class='ocrx_word' id='word_1_229' title='bbox 1432 1298 1558 1330; x_wconf 62' lang='lat' dir='ltr'>Famosae</span> <span class='ocrx_word' id='word_1_230' title='bbox 1571 1298 1629 1329; x_wconf 87' lang='lat' dir='ltr'>Lo·</span> 
     </span>
     <span class='ocr_line' id='line_1_48' title="bbox 970 1347 1627 1391; baseline -0.003 -11"><span class='ocrx_word' id='word_1_231' title='bbox 970 1349 1135 1380; x_wconf 82' lang='lat' dir='ltr'>vaniensis.</span> <span class='ocrx_word' id='word_1_232' title='bbox 1167 1348 1210 1380; x_wconf 90' lang='lat' dir='ltr'>sic</span> <span class='ocrx_word' id='word_1_233' title='bbox 1225 1350 1364 1391; x_wconf 74' lang='lat' dir='ltr'>famosus</span> <span class='ocrx_word' id='word_1_234' title='bbox 1387 1348 1506 1389; x_wconf 80' lang='lat' dir='ltr'>Hymen</span> <span class='ocrx_word' id='word_1_235' title='bbox 1536 1347 1627 1384; x_wconf 80' lang='lat' dir='ltr'>infra,</span> 
     </span>
     <span class='ocr_line' id='line_1_49' title="bbox 970 1398 1626 1432; baseline 0.002 -3"><span class='ocrx_word' id='word_1_236' title='bbox 970 1399 1023 1429; x_wconf 85' lang='lat' dir='ltr'>ubi</span> <span class='ocrx_word' id='word_1_237' title='bbox 1037 1400 1118 1430; x_wconf 85' lang='lat' dir='ltr'>male</span> <span class='ocrx_word' id='word_1_238' title='bbox 1142 1401 1267 1430; x_wconf 87' lang='lat' dir='ltr'>turbant</span> <span class='ocrx_word' id='word_1_239' title='bbox 1281 1398 1351 1429; x_wconf 82' lang='lat' dir='ltr'>libri</span> <span class='ocrx_word' id='word_1_240' title='bbox 1367 1404 1498 1430; x_wconf 86' lang='lat' dir='ltr'>veteres.</span> <span class='ocrx_word' id='word_1_241' title='bbox 1522 1403 1554 1428; x_wconf 89' lang='lat' dir='ltr'>et</span> <span class='ocrx_word' id='word_1_242' title='bbox 1567 1398 1626 1432; x_wconf 91' lang='lat' dir='ltr'>lib.</span> 
     </span>
     <span class='ocr_line' id='line_1_50' title="bbox 970 1447 1626 1480; baseline 0.005 -3"><span class='ocrx_word' id='word_1_243' title='bbox 970 1448 992 1477; x_wconf 94' lang='lat' dir='ltr'>i.</span> <span class='ocrx_word' id='word_1_244' title='bbox 1016 1448 1125 1479; x_wconf 88' lang='lat' dir='ltr'>Amor.</span> <span class='ocrx_word' id='word_1_245' title='bbox 1140 1449 1189 1480; x_wconf 90' lang='lat' dir='ltr'>El.</span> <span class='ocrx_word' id='word_1_246' title='bbox 1202 1461 1233 1480; x_wconf 94' lang='lat' dir='ltr'>v.</span> <span class='ocrx_word' id='word_1_247' title='bbox 1259 1448 1382 1479; x_wconf 66' lang='lat' dir='ltr'>Famam</span> <span class='ocrx_word' id='word_1_248' title='bbox 1396 1447 1575 1479; x_wconf 79' lang='lat' dir='ltr'>Semiramis.</span> <span class='ocrx_word' id='word_1_249' title='bbox 1591 1456 1626 1480; x_wconf 88' lang='lat' dir='ltr'>ut</span> 
     </span>
     <span class='ocr_line' id='line_1_51' title="bbox 970 1497 1626 1540; baseline 0.003 -13"><span class='ocrx_word' id='word_1_250' title='bbox 970 1497 1034 1528; x_wconf 88' lang='lat' dir='ltr'>illic</span> <span class='ocrx_word' id='word_1_251' title='bbox 1049 1498 1189 1539; x_wconf 79' lang='lat' dir='ltr'>agnoscit</span> <span class='ocrx_word' id='word_1_252' title='bbox 1204 1497 1338 1540; x_wconf 91' lang='lat' dir='ltr'>optimus</span> <span class='ocrx_word' id='word_1_253' title='bbox 1353 1497 1443 1528; x_wconf 90' lang='lat' dir='ltr'>liber.</span> <span class='ocrx_word' id='word_1_254' title='bbox 1485 1497 1626 1529; x_wconf 80' lang='lat' dir='ltr'>Famosus</span> 
     </span>
     <span class='ocr_line' id='line_1_52' title="bbox 970 1546 1625 1588; baseline 0.005 -12"><span class='ocrx_word' id='word_1_255' title='bbox 970 1558 1024 1588; x_wconf 90' lang='lat' dir='ltr'>pro</span> <span class='ocrx_word' id='word_1_256' title='bbox 1039 1547 1147 1577; x_wconf 87' lang='lat' dir='ltr'>infami</span> <span class='ocrx_word' id='word_1_257' title='bbox 1161 1547 1214 1578; x_wconf 93' lang='lat' dir='ltr'>illo</span> <span class='ocrx_word' id='word_1_258' title='bbox 1230 1558 1296 1577; x_wconf 81' lang='lat' dir='ltr'>aevo</span> <span class='ocrx_word' id='word_1_259' title='bbox 1310 1546 1469 1577; x_wconf 82' lang='lat' dir='ltr'>dicebant.</span> <span class='ocrx_word' id='word_1_260' title='bbox 1515 1546 1625 1579; x_wconf 79' lang='lat' dir='ltr'>Cicero</span> 
     </span>
     <span class='ocr_line' id='line_1_53' title="bbox 970 1595 1622 1637; baseline 0 -10"><span class='ocrx_word' id='word_1_261' title='bbox 970 1595 1008 1626; x_wconf 87' lang='lat' dir='ltr'>de</span> <span class='ocrx_word' id='word_1_262' title='bbox 1025 1597 1148 1627; x_wconf 83' lang='lat' dir='ltr'>Orator.</span> <span class='ocrx_word' id='word_1_263' title='bbox 1165 1596 1221 1626; x_wconf 93' lang='lat' dir='ltr'>lib.</span> <span class='ocrx_word' id='word_1_264' title='bbox 1234 1595 1266 1626; x_wconf 91' lang='lat' dir='ltr'>ii.</span> <span class='ocrx_word' id='word_1_265' title='bbox 1282 1597 1333 1626; x_wconf 81' lang='lat'>68.</span> <span class='ocrx_word' id='word_1_266' title='bbox 1361 1595 1428 1626; x_wconf 76' lang='lat' dir='ltr'>Non</span> <span class='ocrx_word' id='word_1_267' title='bbox 1441 1597 1501 1635; x_wconf 81' lang='lat' dir='ltr'>pol,</span> <span class='ocrx_word' id='word_1_268' title='bbox 1514 1597 1622 1637; x_wconf 65' lang='lat' dir='ltr'>inquit,</span> 
     </span>
     <span class='ocr_line' id='line_1_54' title="bbox 970 1645 1623 1687; baseline 0.005 -13"><span class='ocrx_word' id='word_1_269' title='bbox 970 1647 1072 1681; x_wconf 81' lang='lat' dir='ltr'>audeo,</span> <span class='ocrx_word' id='word_1_270' title='bbox 1089 1658 1157 1676; x_wconf 77' lang='lat' dir='ltr'>num</span> <span class='ocrx_word' id='word_1_271' title='bbox 1171 1657 1214 1676; x_wconf 85' lang='lat' dir='ltr'>me</span> <span class='ocrx_word' id='word_1_272' title='bbox 1226 1645 1404 1687; x_wconf 77' lang='lat' dir='ltr'>adfamosas</span> <span class='ocrx_word' id='word_1_273' title='bbox 1419 1647 1514 1675; x_wconf 81' lang='lat' dir='ltr'>vetuit</span> <span class='ocrx_word' id='word_1_274' title='bbox 1529 1653 1623 1677; x_wconf 71' lang='lat' dir='ltr'>mater</span> 
     </span>
     <span class='ocr_line' id='line_1_55' title="bbox 968 1693 1623 1728; baseline 0.005 -6"><span class='ocrx_word' id='word_1_275' title='bbox 968 1696 1117 1725; x_wconf 72' lang='lat' dir='ltr'>accedere.</span> <span class='ocrx_word' id='word_1_276' title='bbox 1154 1694 1260 1725; x_wconf 76' lang='lat' dir='ltr'>Plaut.</span> <span class='ocrx_word' id='word_1_277' title='bbox 1275 1693 1366 1724; x_wconf 90' lang='lat' dir='ltr'>Asin.</span> <span class='ocrx_word' id='word_1_278' title='bbox 1400 1694 1436 1728; x_wconf 40' lang='lat' dir='ltr'>Q(</span> <span class='ocrx_word' id='word_1_279' title='bbox 1451 1696 1461 1724; x_wconf 88' lang='lat' dir='ltr'>i</span> <span class='ocrx_word' id='word_1_280' title='bbox 1475 1695 1564 1725; x_wconf 82' lang='lat' dir='ltr'>eliam</span> <span class='ocrx_word' id='word_1_281' title='bbox 1579 1707 1623 1727; x_wconf 80' lang='lat' dir='ltr'>me.</span> 
     </span>
     <span class='ocr_line' id='line_1_56' title="bbox 968 1743 1622 1786; baseline 0.003 -12"><span class='ocrx_word' id='word_1_282' title='bbox 968 1746 1106 1774; x_wconf 78' lang='lat' dir='ltr'>miserum</span> <span class='ocrx_word' id='word_1_283' title='bbox 1120 1744 1273 1786; x_wconf 75' lang='lat' dir='ltr'>famosum</span> <span class='ocrx_word' id='word_1_284' title='bbox 1290 1743 1376 1785; x_wconf 77' lang='lat' dir='ltr'>facit</span> <span class='ocrx_word' id='word_1_285' title='bbox 1394 1744 1527 1785; x_wconf 79' lang='lat' dir='ltr'>flagitiis</span> <span class='ocrx_word' id='word_1_286' title='bbox 1551 1747 1622 1776; x_wconf 78' lang='lat' dir='ltr'>suis.</span> 
     </span>
     <span class='ocr_line' id='line_1_57' title="bbox 968 1793 1621 1835; baseline 0 -11"><span class='ocrx_word' id='word_1_287' title='bbox 968 1794 1063 1824; x_wconf 84' lang='lat' dir='ltr'>Plura</span> <span class='ocrx_word' id='word_1_288' title='bbox 1077 1794 1219 1835; x_wconf 85' lang='lat' dir='ltr'>exempla</span> <span class='ocrx_word' id='word_1_289' title='bbox 1233 1793 1330 1824; x_wconf 83' lang='lat' dir='ltr'>habes</span> <span class='ocrx_word' id='word_1_290' title='bbox 1344 1793 1426 1835; x_wconf 78' lang='lat' dir='ltr'>apud</span> <span class='ocrx_word' id='word_1_291' title='bbox 1439 1794 1522 1824; x_wconf 87' lang='lat' dir='ltr'>Non.</span> <span class='ocrx_word' id='word_1_292' title='bbox 1534 1794 1621 1824; x_wconf 82' lang='lat' dir='ltr'>Mar-</span> 
     </span>
     <span class='ocr_line' id='line_1_58' title="bbox 968 1841 1621 1884; baseline 0.002 -11"><span class='ocrx_word' id='word_1_293' title='bbox 968 1843 1040 1873; x_wconf 84' lang='lat' dir='ltr'>cell.</span> <span class='ocrx_word' id='word_1_294' title='bbox 1064 1844 1096 1873; x_wconf 89' lang='lat' dir='ltr'>in</span> <span class='ocrx_word' id='word_1_295' title='bbox 1111 1843 1215 1884; x_wconf 79' lang='lat' dir='ltr'>fama.</span> <span class='ocrx_word' id='word_1_296' title='bbox 1260 1843 1351 1873; x_wconf 84' lang='lat' dir='ltr'>Certe</span> <span class='ocrx_word' id='word_1_297' title='bbox 1372 1841 1536 1873; x_wconf 89' lang='lat' dir='ltr'>verisimile</span> <span class='ocrx_word' id='word_1_298' title='bbox 1560 1854 1621 1874; x_wconf 89' lang='lat' dir='ltr'>non</span> 
     </span>
     <span class='ocr_line' id='line_1_59' title="bbox 968 1891 1621 1928; baseline 0.002 -6"><span class='ocrx_word' id='word_1_299' title='bbox 968 1893 1011 1928; x_wconf 83' lang='lat' dir='ltr'>fit,</span> <span class='ocrx_word' id='word_1_300' title='bbox 1034 1892 1193 1923; x_wconf 79' lang='lat' dir='ltr'>De&#39;ianirae</span> <span class='ocrx_word' id='word_1_301' title='bbox 1215 1891 1375 1922; x_wconf 84' lang='lat' dir='ltr'>laudatam</span> <span class='ocrx_word' id='word_1_302' title='bbox 1397 1901 1463 1922; x_wconf 86' lang='lat' dir='ltr'>esse</span> <span class='ocrx_word' id='word_1_303' title='bbox 1485 1902 1503 1922; x_wconf 87' lang='lat' dir='ltr'>a</span> <span class='ocrx_word' id='word_1_304' title='bbox 1524 1892 1621 1923; x_wconf 80' lang='lat' dir='ltr'>forma</span> 
     </span>
     <span class='ocr_line' id='line_1_60' title="bbox 966 1940 1621 1981; baseline 0.003 -11"><span class='ocrx_word' id='word_1_305' title='bbox 966 1940 1068 1971; x_wconf 73' lang='lat' dir='ltr'>Iolen.</span> <span class='ocrx_word' id='word_1_306' title='bbox 1092 1941 1265 1971; x_wconf 73' lang='lat' dir='ltr'>Hsmsms.</span> <span class='ocrx_word' id='word_1_307' title='bbox 1308 1940 1407 1981; x_wconf 83' lang='lat' dir='ltr'>AEqua</span> <span class='ocrx_word' id='word_1_308' title='bbox 1424 1945 1541 1970; x_wconf 87' lang='lat' dir='ltr'>rectum</span> <span class='ocrx_word' id='word_1_309' title='bbox 1557 1946 1621 1972; x_wconf 86' lang='lat' dir='ltr'>est:</span> 
     </span>
     <span class='ocr_line' id='line_1_61' title="bbox 966 1988 1620 2030; baseline 0.003 -10"><span class='ocrx_word' id='word_1_310' title='bbox 966 1990 1049 2020; x_wconf 84' lang='lat' dir='ltr'>idem</span> <span class='ocrx_word' id='word_1_311' title='bbox 1074 1989 1156 2020; x_wconf 88' lang='lat' dir='ltr'>enim</span> <span class='ocrx_word' id='word_1_312' title='bbox 1178 1988 1308 2030; x_wconf 89' lang='lat' dir='ltr'>pondus,</span> <span class='ocrx_word' id='word_1_313' title='bbox 1334 1988 1417 2030; x_wconf 91' lang='lat' dir='ltr'>quod</span> <span class='ocrx_word' id='word_1_314' title='bbox 1441 1988 1567 2020; x_wconf 89' lang='lat' dir='ltr'>domina</span> <span class='ocrx_word' id='word_1_315' title='bbox 1589 1991 1620 2022; x_wconf 92' lang='lat' dir='ltr'>in</span> 
     </span>
     <span class='ocr_line' id='line_1_62' title="bbox 965 2037 1620 2080; baseline 0.003 -11"><span class='ocrx_word' id='word_1_316' title='bbox 965 2039 1039 2070; x_wconf 81' lang='lat' dir='ltr'>lana</span> <span class='ocrx_word' id='word_1_317' title='bbox 1052 2038 1259 2080; x_wconf 82' lang='lat' dir='ltr'>appendebat,</span> <span class='ocrx_word' id='word_1_318' title='bbox 1272 2038 1305 2069; x_wconf 89' lang='lat' dir='ltr'>in</span> <span class='ocrx_word' id='word_1_319' title='bbox 1319 2037 1379 2069; x_wconf 88' lang='lat' dir='ltr'>filis</span> <span class='ocrx_word' id='word_1_320' title='bbox 1387 2038 1553 2080; x_wconf 85' lang='lat' dir='ltr'>rependere</span> <span class='ocrx_word' id='word_1_321' title='bbox 1565 2039 1620 2071; x_wconf 88' lang='lat' dir='ltr'>de-</span> 
     </span>
     <span class='ocr_line' id='line_1_63' title="bbox 965 2088 1619 2130; baseline 0.003 -11"><span class='ocrx_word' id='word_1_322' title='bbox 965 2089 1059 2119; x_wconf 85' lang='lat' dir='ltr'>bebat</span> <span class='ocrx_word' id='word_1_323' title='bbox 1074 2088 1200 2119; x_wconf 83' lang='lat' dir='ltr'>ancilla.</span> <span class='ocrx_word' id='word_1_324' title='bbox 1225 2088 1269 2118; x_wconf 87' lang='lat' dir='ltr'>sic</span> <span class='ocrx_word' id='word_1_325' title='bbox 1282 2090 1423 2130; x_wconf 79' lang='lat' dir='ltr'>graviora</span> <span class='ocrx_word' id='word_1_326' title='bbox 1431 2099 1533 2128; x_wconf 84' lang='lat' dir='ltr'>pensa,</span> <span class='ocrx_word' id='word_1_327' title='bbox 1545 2089 1619 2121; x_wconf 91' lang='lat' dir='ltr'>Pro-</span> 
     </span>
     <span class='ocr_line' id='line_1_64' title="bbox 965 2137 1236 2180; baseline 0 -12"><span class='ocrx_word' id='word_1_328' title='bbox 965 2143 1045 2180; x_wconf 88' lang='lat' dir='ltr'>pert.</span> <span class='ocrx_word' id='word_1_329' title='bbox 1059 2138 1101 2168; x_wconf 90' lang='lat' dir='ltr'>iv.</span> <span class='ocrx_word' id='word_1_330' title='bbox 1116 2137 1169 2168; x_wconf 80' lang='lat' dir='ltr'>vii.</span> <span class='ocrx_word' id='word_1_331' title='bbox 1184 2138 1236 2168; x_wconf 89' lang='lat'>37.</span> 
     </span>
    </p>

    <p class='ocr_par' dir='ltr' id='par_1_14' title="bbox 1009 2186 1618 2227">
     <span class='ocr_line' id='line_1_65' title="bbox 1009 2186 1618 2227; baseline 0.005 -11"><span class='ocrx_word' id='word_1_332' title='bbox 1009 2186 1049 2216; x_wconf 83' lang='lat' dir='ltr'>Et</span> <span class='ocrx_word' id='word_1_333' title='bbox 1077 2189 1218 2227; x_wconf 74' lang='lat' dir='ltr'>graviora</span> <span class='ocrx_word' id='word_1_334' title='bbox 1240 2187 1376 2225; x_wconf 79' lang='lat' dir='ltr'>rependit</span> <span class='ocrx_word' id='word_1_335' title='bbox 1400 2187 1508 2226; x_wconf 81' lang='lat' dir='ltr'>iniquis</span> <span class='ocrx_word' id='word_1_336' title='bbox 1527 2198 1618 2227; x_wconf 80' lang='lat' dir='ltr'>pensa</span> 
     </span>
    </p>

    <p class='ocr_par' dir='ltr' id='par_1_15' title="bbox 964 2236 1616 2424">
     <span class='ocr_line' id='line_1_66' title="bbox 1048 2236 1192 2276; baseline 0 -11"><span class='ocrx_word' id='word_1_337' title='bbox 1048 2236 1192 2276; x_wconf 79' lang='lat' dir='ltr'>quasillis.</span> 
     </span>
     <span class='ocr_line' id='line_1_67' title="bbox 965 2283 1616 2325; baseline 0.002 -11"><span class='ocrx_word' id='word_1_338' title='bbox 965 2284 1015 2314; x_wconf 83' lang='lat' dir='ltr'>Ita</span> <span class='ocrx_word' id='word_1_339' title='bbox 1024 2285 1157 2325; x_wconf 75' lang='lat' dir='ltr'>grandia</span> <span class='ocrx_word' id='word_1_340' title='bbox 1171 2293 1240 2313; x_wconf 88' lang='lat' dir='ltr'>mox</span> <span class='ocrx_word' id='word_1_341' title='bbox 1256 2283 1317 2325; x_wconf 89' lang='lat' dir='ltr'>Ep.</span> <span class='ocrx_word' id='word_1_342' title='bbox 1333 2294 1365 2314; x_wconf 84' lang='lat' dir='ltr'>x.</span> <span class='ocrx_word' id='word_1_343' title='bbox 1378 2284 1431 2314; x_wconf 88' lang='lat'>90.</span> <span class='ocrx_word' id='word_1_344' title='bbox 1448 2290 1479 2314; x_wconf 87' lang='lat' dir='ltr'>et</span> <span class='ocrx_word' id='word_1_345' title='bbox 1494 2283 1525 2314; x_wconf 89' lang='lat' dir='ltr'>in</span> <span class='ocrx_word' id='word_1_346' title='bbox 1540 2284 1616 2315; x_wconf 86' lang='lat' dir='ltr'>Pro-</span> 
     </span>
     <span class='ocr_line' id='line_1_68' title="bbox 964 2332 1616 2375; baseline 0.002 -11"><span class='ocrx_word' id='word_1_347' title='bbox 964 2333 1063 2375; x_wconf 84' lang='lat' dir='ltr'>pertio</span> <span class='ocrx_word' id='word_1_348' title='bbox 1079 2333 1175 2364; x_wconf 83' lang='lat' dir='ltr'>habes</span> <span class='ocrx_word' id='word_1_349' title='bbox 1197 2332 1290 2363; x_wconf 82' lang='lat' dir='ltr'>etiam</span> <span class='ocrx_word' id='word_1_350' title='bbox 1306 2335 1472 2372; x_wconf 78' lang='lat' dir='ltr'>rependere,</span> <span class='ocrx_word' id='word_1_351' title='bbox 1488 2338 1522 2364; x_wconf 91' lang='lat' dir='ltr'>ut</span> <span class='ocrx_word' id='word_1_352' title='bbox 1539 2340 1570 2364; x_wconf 85' lang='lat' dir='ltr'>et</span> <span class='ocrx_word' id='word_1_353' title='bbox 1584 2334 1616 2365; x_wconf 91' lang='lat' dir='ltr'>in</span> 
     </span>
     <span class='ocr_line' id='line_1_69' title="bbox 964 2381 1587 2424; baseline 0.002 -12"><span class='ocrx_word' id='word_1_354' title='bbox 964 2382 1027 2413; x_wconf 83' lang='lat' dir='ltr'>alia</span> <span class='ocrx_word' id='word_1_355' title='bbox 1041 2393 1072 2412; x_wconf 85' lang='lat' dir='ltr'>re</span> <span class='ocrx_word' id='word_1_356' title='bbox 1088 2381 1170 2424; x_wconf 85' lang='lat' dir='ltr'>apud</span> <span class='ocrx_word' id='word_1_357' title='bbox 1184 2381 1318 2412; x_wconf 85' lang='lat' dir='ltr'>Statium</span> <span class='ocrx_word' id='word_1_358' title='bbox 1332 2381 1375 2412; x_wconf 91' lang='lat' dir='ltr'>iv.</span> <span class='ocrx_word' id='word_1_359' title='bbox 1391 2381 1492 2412; x_wconf 90' lang='lat' dir='ltr'>Theb.</span> <span class='ocrx_word' id='word_1_360' title='bbox 1512 2383 1587 2414; x_wconf 87' lang='lat'>763.</span> 
     </span>
    </p>

    <p class='ocr_par' dir='ltr' id='par_1_16' title="bbox 1007 2431 1615 2474">
     <span class='ocr_line' id='line_1_70' title="bbox 1007 2431 1615 2474; baseline 0.005 -13"><span class='ocrx_word' id='word_1_361' title='bbox 1007 2431 1138 2461; x_wconf 71' lang='lat' dir='ltr'>Dzrcaeos</span> <span class='ocrx_word' id='word_1_362' title='bbox 1166 2433 1230 2468; x_wconf 76' lang='lat' dir='ltr'>tibi,</span> <span class='ocrx_word' id='word_1_363' title='bbox 1262 2431 1354 2468; x_wconf 74' lang='lat' dir='ltr'>Diua,</span> <span class='ocrx_word' id='word_1_364' title='bbox 1374 2442 1488 2474; x_wconf 83' lang='lat' dir='ltr'>greges,</span> <span class='ocrx_word' id='word_1_365' title='bbox 1512 2444 1615 2464; x_wconf 78' lang='lat' dir='ltr'>nume-</span> 
     </span>
    </p>

    <p class='ocr_par' dir='ltr' id='par_1_17' title="bbox 1046 2482 1340 2520">
     <span class='ocr_line' id='line_1_71' title="bbox 1046 2482 1340 2520; baseline 0.003 -11"><span class='ocrx_word' id='word_1_366' title='bbox 1046 2491 1169 2520; x_wconf 74' lang='lat' dir='ltr'>rumque</span> <span class='ocrx_word' id='word_1_367' title='bbox 1182 2482 1340 2519; x_wconf 75' lang='lat' dir='ltr'>rependam</span> 
     </span>
    </p>

    <p class='ocr_par' dir='ltr' id='par_1_18' title="bbox 1006 2528 1573 2560">
     <span class='ocr_line' id='line_1_72' title="bbox 1006 2528 1573 2560; baseline 0.004 -2"><span class='ocrx_word' id='word_1_368' title='bbox 1006 2528 1115 2560; x_wconf 79' lang='lat' dir='ltr'>Plebis.</span> <span class='ocrx_word' id='word_1_369' title='bbox 1456 2529 1573 2560; x_wconf 77' lang='lat' dir='ltr'>BunM.</span> 
     </span>
    </p>

    <p class='ocr_par' dir='ltr' id='par_1_19' title="bbox 958 2578 1615 2817">
     <span class='ocr_line' id='line_1_73' title="bbox 1004 2578 1615 2618; baseline 0.002 -10"><span class='ocrx_word' id='word_1_370' title='bbox 1004 2578 1055 2608; x_wconf 79' lang='grc'>82.</span> <span class='ocrx_word' id='word_1_371' title='bbox 1079 2579 1158 2608; x_wconf 77' lang='lat' dir='ltr'>Ante</span> <span class='ocrx_word' id='word_1_372' title='bbox 1178 2579 1263 2618; x_wconf 49' lang='lat' dir='ltr'>pet-les</span> <span class='ocrx_word' id='word_1_373' title='bbox 1287 2579 1408 2608; x_wconf 62' lang='lat' dir='ltr'>dominae</span> <span class='ocrx_word' id='word_1_374' title='bbox 1431 2580 1615 2617; x_wconf 79' lang='lat' dir='ltr'>pertimuisse</span> 
     </span>
     <span class='ocr_line' id='line_1_74' title="bbox 959 2626 1612 2667; baseline 0.002 -11"><span class='ocrx_word' id='word_1_375' title='bbox 959 2627 1080 2667; x_wconf 60' lang='lat' dir='ltr'>minas]</span> <span class='ocrx_word' id='word_1_376' title='bbox 1107 2627 1184 2657; x_wconf 87' lang='lat' dir='ltr'>Haec</span> <span class='ocrx_word' id='word_1_377' title='bbox 1199 2627 1308 2658; x_wconf 87' lang='lat' dir='ltr'>eadem</span> <span class='ocrx_word' id='word_1_378' title='bbox 1324 2626 1385 2657; x_wconf 87' lang='lat' dir='ltr'>fere</span> <span class='ocrx_word' id='word_1_379' title='bbox 1400 2626 1529 2657; x_wconf 86' lang='lat' dir='ltr'>totidem</span> <span class='ocrx_word' id='word_1_380' title='bbox 1545 2638 1612 2658; x_wconf 87' lang='lat' dir='ltr'>ver-</span> 
     </span>
     <span class='ocr_line' id='line_1_75' title="bbox 959 2675 1612 2717; baseline 0 -11"><span class='ocrx_word' id='word_1_381' title='bbox 959 2676 1006 2707; x_wconf 88' lang='lat' dir='ltr'>bis</span> <span class='ocrx_word' id='word_1_382' title='bbox 1028 2676 1124 2706; x_wconf 80' lang='lat' dir='ltr'>habes</span> <span class='ocrx_word' id='word_1_383' title='bbox 1142 2685 1234 2717; x_wconf 89' lang='lat' dir='ltr'>supra</span> <span class='ocrx_word' id='word_1_384' title='bbox 1248 2676 1312 2705; x_wconf 79' lang='lat' dir='ltr'>v&#39;er.</span> <span class='ocrx_word' id='word_1_385' title='bbox 1330 2675 1382 2705; x_wconf 87' lang='lat'>74.</span> <span class='ocrx_word' id='word_1_386' title='bbox 1407 2685 1501 2715; x_wconf 83' lang='lat' dir='ltr'>quare</span> <span class='ocrx_word' id='word_1_387' title='bbox 1525 2675 1612 2706; x_wconf 83' lang='lat' dir='ltr'>disti-</span> 
     </span>
     <span class='ocr_line' id='line_1_76' title="bbox 958 2724 1610 2766; baseline 0 -10"><span class='ocrx_word' id='word_1_388' title='bbox 958 2725 1038 2757; x_wconf 90' lang='lat' dir='ltr'>chon</span> <span class='ocrx_word' id='word_1_389' title='bbox 1066 2725 1124 2755; x_wconf 89' lang='lat' dir='ltr'>hoc</span> <span class='ocrx_word' id='word_1_390' title='bbox 1161 2724 1367 2755; x_wconf 86' lang='lat' dir='ltr'>adulterinum</span> <span class='ocrx_word' id='word_1_391' title='bbox 1397 2734 1463 2755; x_wconf 86' lang='lat' dir='ltr'>esse</span> <span class='ocrx_word' id='word_1_392' title='bbox 1490 2725 1610 2766; x_wconf 90' lang='lat' dir='ltr'>opinor.</span> 
     </span>
     <span class='ocr_line' id='line_1_77' title="bbox 958 2773 1609 2817; baseline -0.003 -11"><span class='ocrx_word' id='word_1_393' title='bbox 958 2774 1040 2817; x_wconf 90' lang='lat' dir='ltr'>quod</span> <span class='ocrx_word' id='word_1_394' title='bbox 1063 2774 1094 2805; x_wconf 92' lang='lat' dir='ltr'>in</span> <span class='ocrx_word' id='word_1_395' title='bbox 1120 2773 1236 2816; x_wconf 86' lang='lat' dir='ltr'>optimo</span> <span class='ocrx_word' id='word_1_396' title='bbox 1261 2773 1432 2811; x_wconf 85' lang='lat' dir='ltr'>Puteaneo‚</span> <span class='ocrx_word' id='word_1_397' title='bbox 1453 2779 1487 2804; x_wconf 86' lang='lat' dir='ltr'>ut</span> <span class='ocrx_word' id='word_1_398' title='bbox 1511 2778 1543 2804; x_wconf 89' lang='lat' dir='ltr'>et</span> <span class='ocrx_word' id='word_1_399' title='bbox 1561 2784 1609 2805; x_wconf 84' lang='lat' dir='ltr'>se-</span> 
     </span>
    </p>
   </div>
   <div class='ocr_carea' id='block_1_8' title="bbox 1117 2546 1244 2553">
    <p class='ocr_par' dir='ltr' id='par_1_20' title="bbox 1117 2546 1244 2553">
     <span class='ocr_line' id='line_1_78' title="bbox 1117 2546 1244 2553; baseline 0 0"><span class='ocrx_word' id='word_1_400' title='bbox 1117 2546 1244 2553; x_wconf 95' lang='lat' dir='ltr'> </span> 
     </span>
    </p>
   </div>
  </div>
 </body>
</html>
