<?xml version="1.0" encoding="UTF-8"?>
<!DOCTYPE html PUBLIC "-//W3C//DTD XHTML 1.0 Transitional//EN"
    "http://www.w3.org/TR/xhtml1/DTD/xhtml1-transitional.dtd">
<html xmlns="http://www.w3.org/1999/xhtml" xml:lang="en" lang="en">
 <head>
  <title>
</title>
<meta http-equiv="Content-Type" content="text/html;charset=utf-8" />
  <meta name='ocr-system' content='tesseract 3.04.00' />
  <meta name='ocr-capabilities' content='ocr_page ocr_carea ocr_par ocr_line ocrx_word'/>
</head>
<body>
  <div class='ocr_page' id='page_1' title='image "./povidiinasonisop01oviduoft_0517.png"; bbox 0 0 1849 3198; ppageno 0'>
   <div class='ocr_carea' id='block_1_1' title="bbox 566 191 1225 236">
    <p class='ocr_par' dir='ltr' id='par_1_1' title="bbox 566 191 1225 236">
     <span class='ocr_line' id='line_1_1' title="bbox 566 191 1225 236; baseline -0.006 0"><span class='ocrx_word' id='word_1_1' title='bbox 566 193 846 236; x_wconf 86' lang='lat' dir='ltr'><strong>AMORUM</strong></span> <span class='ocrx_word' id='word_1_2' title='bbox 880 192 998 233; x_wconf 88' lang='lat' dir='ltr'>LIB.</span> <span class='ocrx_word' id='word_1_3' title='bbox 1033 191 1124 234; x_wconf 89' lang='lat' dir='ltr'><strong>III.</strong></span> <span class='ocrx_word' id='word_1_4' title='bbox 1157 192 1225 232; x_wconf 83' lang='lat'>10.</span> 
     </span>
    </p>
   </div>
   <div class='ocr_carea' id='block_1_2' title="bbox 1509 193 1591 233">
    <p class='ocr_par' dir='ltr' id='par_1_2' title="bbox 1509 193 1591 233">
     <span class='ocr_line' id='line_1_2' title="bbox 1509 193 1591 233; baseline 0 -1"><span class='ocrx_word' id='word_1_5' title='bbox 1509 193 1591 233; x_wconf 71' lang='lat'>431</span> 
     </span>
    </p>
   </div>
   <div class='ocr_carea' id='block_1_3' title="bbox 202 306 1602 1829">
    <p class='ocr_par' dir='ltr' id='par_1_3' title="bbox 202 306 1602 1829">
     <span class='ocr_line' id='line_1_3' title="bbox 202 306 1494 370; baseline -0.003 -14"><span class='ocrx_word' id='word_1_6' title='bbox 202 309 354 365; x_wconf 88' lang='lat' dir='ltr'>Vidit,</span> <span class='ocrx_word' id='word_1_7' title='bbox 378 316 428 356; x_wconf 91' lang='lat' dir='ltr'>et</span> <span class='ocrx_word' id='word_1_8' title='bbox 451 316 506 356; x_wconf 90' lang='lat' dir='ltr'>ut</span> <span class='ocrx_word' id='word_1_9' title='bbox 529 317 711 356; x_wconf 87' lang='lat' dir='ltr'>tenerae</span> <span class='ocrx_word' id='word_1_10' title='bbox 735 309 985 356; x_wconf 86' lang='lat' dir='ltr'>flammam</span> <span class='ocrx_word' id='word_1_11' title='bbox 1010 322 1216 370; x_wconf 80' lang='lat' dir='ltr'>rapuere</span> <span class='ocrx_word' id='word_1_12' title='bbox 1241 306 1494 363; x_wconf 83' lang='lat' dir='ltr'>medullae;</span> 
     </span>
     <span class='ocr_line' id='line_1_4' title="bbox 268 384 1402 448; baseline -0.003 -16"><span class='ocrx_word' id='word_1_13' title='bbox 268 384 399 432; x_wconf 91' lang='lat' dir='ltr'>Hinc</span> <span class='ocrx_word' id='word_1_14' title='bbox 425 386 600 448; x_wconf 90' lang='lat' dir='ltr'>pudor,</span> <span class='ocrx_word' id='word_1_15' title='bbox 628 402 690 433; x_wconf 84' lang='lat' dir='ltr'>ex</span> <span class='ocrx_word' id='word_1_16' title='bbox 716 386 810 431; x_wconf 67' lang='lat' dir='ltr'>alia</span> <span class='ocrx_word' id='word_1_17' title='bbox 834 391 973 447; x_wconf 84' lang='lat' dir='ltr'>parte</span> <span class='ocrx_word' id='word_1_18' title='bbox 998 384 1226 430; x_wconf 86' lang='lat' dir='ltr'>trahebat</span> <span class='ocrx_word' id='word_1_19' title='bbox 1251 399 1402 430; x_wconf 88' lang='lat' dir='ltr'>amor.</span> 
     </span>
     <span class='ocr_line' id='line_1_5' title="bbox 202 460 1366 526; baseline -0.002 -19"><span class='ocrx_word' id='word_1_20' title='bbox 202 461 377 509; x_wconf 83' lang='lat' dir='ltr'>Victus</span> <span class='ocrx_word' id='word_1_21' title='bbox 403 478 568 509; x_wconf 88' lang='lat' dir='ltr'>amore</span> <span class='ocrx_word' id='word_1_22' title='bbox 592 462 768 526; x_wconf 89' lang='lat' dir='ltr'>pudor.</span> <span class='ocrx_word' id='word_1_23' title='bbox 807 462 971 508; x_wconf 87' lang='lat' dir='ltr'>sulcos</span> <span class='ocrx_word' id='word_1_24' title='bbox 993 476 1131 507; x_wconf 86' lang='lat' dir='ltr'>arere</span> <span class='ocrx_word' id='word_1_25' title='bbox 1154 460 1366 514; x_wconf 87' lang='lat' dir='ltr'>videres,</span> 
     </span>
     <span class='ocr_line' id='line_1_6' title="bbox 272 536 1594 600; baseline -0.005 -15"><span class='ocrx_word' id='word_1_26' title='bbox 272 538 338 585; x_wconf 86' lang='lat' dir='ltr'>Et</span> <span class='ocrx_word' id='word_1_27' title='bbox 362 546 471 585; x_wconf 86' lang='lat' dir='ltr'>sata</span> <span class='ocrx_word' id='word_1_28' title='bbox 493 555 607 585; x_wconf 87' lang='lat' dir='ltr'>cum</span> <span class='ocrx_word' id='word_1_29' title='bbox 632 538 837 585; x_wconf 68' lang='lat' dir='ltr'>minima</span> <span class='ocrx_word' id='word_1_30' title='bbox 864 544 1003 600; x_wconf 88' lang='lat' dir='ltr'>parte</span> <span class='ocrx_word' id='word_1_31' title='bbox 1028 536 1188 583; x_wconf 87' lang='lat' dir='ltr'>redire</span> <span class='ocrx_word' id='word_1_32' title='bbox 1215 537 1307 582; x_wconf 90' lang='lat' dir='ltr'>sui.</span> <span class='ocrx_word' id='word_1_33' title='bbox 1530 540 1594 582; x_wconf 76' lang='lat'>:30</span> 
     </span>
     <span class='ocr_line' id='line_1_7' title="bbox 206 612 1332 678; baseline -0.004 -16"><span class='ocrx_word' id='word_1_34' title='bbox 206 615 336 661; x_wconf 87' lang='lat' dir='ltr'>Cum</span> <span class='ocrx_word' id='word_1_35' title='bbox 361 616 489 662; x_wconf 90' lang='lat' dir='ltr'>bene</span> <span class='ocrx_word' id='word_1_36' title='bbox 504 615 679 678; x_wconf 89' lang='lat' dir='ltr'>jactati</span> <span class='ocrx_word' id='word_1_37' title='bbox 705 615 962 678; x_wconf 81' lang='lat' dir='ltr'>pulsarant</span> <span class='ocrx_word' id='word_1_38' title='bbox 986 628 1101 659; x_wconf 88' lang='lat' dir='ltr'>arva</span> <span class='ocrx_word' id='word_1_39' title='bbox 1124 612 1332 674; x_wconf 78' lang='lat' dir='ltr'>ligones,</span> 
     </span>
     <span class='ocr_line' id='line_1_8' title="bbox 271 690 1458 756; baseline -0.004 -17"><span class='ocrx_word' id='word_1_40' title='bbox 271 692 498 756; x_wconf 86' lang='lat' dir='ltr'>Ruperat</span> <span class='ocrx_word' id='word_1_41' title='bbox 520 700 571 739; x_wconf 94' lang='lat' dir='ltr'>et</span> <span class='ocrx_word' id='word_1_42' title='bbox 594 693 768 739; x_wconf 88' lang='lat' dir='ltr'>duram</span> <span class='ocrx_word' id='word_1_43' title='bbox 793 707 960 738; x_wconf 88' lang='lat' dir='ltr'>vomer</span> <span class='ocrx_word' id='word_1_44' title='bbox 984 691 1207 738; x_wconf 89' lang='lat' dir='ltr'>aduncus</span> <span class='ocrx_word' id='word_1_45' title='bbox 1235 690 1458 744; x_wconf 84' lang='lat' dir='ltr'>humum,</span> 
     </span>
     <span class='ocr_line' id='line_1_9' title="bbox 209 765 1392 831; baseline -0.004 -16"><span class='ocrx_word' id='word_1_46' title='bbox 209 769 512 831; x_wconf 87' lang='lat' dir='ltr'>Seminaque</span> <span class='ocrx_word' id='word_1_47' title='bbox 537 768 587 814; x_wconf 93' lang='lat' dir='ltr'>in</span> <span class='ocrx_word' id='word_1_48' title='bbox 610 768 736 815; x_wconf 89' lang='lat' dir='ltr'>latos</span> <span class='ocrx_word' id='word_1_49' title='bbox 762 767 918 814; x_wconf 67' lang='lat' dir='ltr'>ierant</span> <span class='ocrx_word' id='word_1_50' title='bbox 942 765 1199 829; x_wconf 62' lang='lat' dir='ltr'>aequaliter</span> <span class='ocrx_word' id='word_1_51' title='bbox 1224 781 1392 827; x_wconf 84' lang='lat' dir='ltr'>agros3</span> 
     </span>
     <span class='ocr_line' id='line_1_10' title="bbox 276 844 1194 909; baseline -0.002 -18"><span class='ocrx_word' id='word_1_52' title='bbox 276 845 420 892; x_wconf 87' lang='lat' dir='ltr'>Irrita</span> <span class='ocrx_word' id='word_1_53' title='bbox 443 845 641 909; x_wconf 83' lang='lat' dir='ltr'>decepti</span> <span class='ocrx_word' id='word_1_54' title='bbox 665 852 780 892; x_wconf 82' lang='lat' dir='ltr'>vota</span> <span class='ocrx_word' id='word_1_55' title='bbox 804 844 1013 892; x_wconf 89' lang='lat' dir='ltr'>colentis</span> <span class='ocrx_word' id='word_1_56' title='bbox 1039 849 1194 890; x_wconf 88' lang='lat' dir='ltr'>erant.</span> 
     </span>
     <span class='ocr_line' id='line_1_11' title="bbox 209 919 1596 986; baseline -0.002 -17"><span class='ocrx_word' id='word_1_57' title='bbox 209 922 352 978; x_wconf 85' lang='lat' dir='ltr'>Diva,</span> <span class='ocrx_word' id='word_1_58' title='bbox 378 930 557 986; x_wconf 90' lang='lat' dir='ltr'>potens</span> <span class='ocrx_word' id='word_1_59' title='bbox 581 922 795 984; x_wconf 85' lang='lat' dir='ltr'>frugum,</span> <span class='ocrx_word' id='word_1_60' title='bbox 823 921 956 968; x_wconf 90' lang='lat' dir='ltr'>silvis</span> <span class='ocrx_word' id='word_1_61' title='bbox 982 920 1214 967; x_wconf 79' lang='lat' dir='ltr'>cessabat</span> <span class='ocrx_word' id='word_1_62' title='bbox 1237 919 1286 965; x_wconf 89' lang='lat' dir='ltr'>in</span> <span class='ocrx_word' id='word_1_63' title='bbox 1312 919 1447 966; x_wconf 88' lang='lat' dir='ltr'>altis:</span> <span class='ocrx_word' id='word_1_64' title='bbox 1533 923 1596 966; x_wconf 70' lang='lat'>:35</span> 
     </span>
     <span class='ocr_line' id='line_1_12' title="bbox 276 999 1311 1063; baseline -0.003 -18"><span class='ocrx_word' id='word_1_65' title='bbox 276 999 580 1046; x_wconf 86' lang='lat' dir='ltr'>Deciderant</span> <span class='ocrx_word' id='word_1_66' title='bbox 602 999 763 1062; x_wconf 88' lang='lat' dir='ltr'>longae</span> <span class='ocrx_word' id='word_1_67' title='bbox 789 999 959 1063; x_wconf 85' lang='lat' dir='ltr'>spicea</span> <span class='ocrx_word' id='word_1_68' title='bbox 983 1004 1116 1045; x_wconf 89' lang='lat' dir='ltr'>serta</span> <span class='ocrx_word' id='word_1_69' title='bbox 1139 1012 1311 1044; x_wconf 85' lang='lat' dir='ltr'>comae.</span> 
     </span>
     <span class='ocr_line' id='line_1_13' title="bbox 210 1074 1220 1124; baseline -0.001 -3"><span class='ocrx_word' id='word_1_70' title='bbox 210 1075 329 1122; x_wconf 82' lang='lat' dir='ltr'>Sola</span> <span class='ocrx_word' id='word_1_71' title='bbox 350 1075 441 1122; x_wconf 84' lang='lat' dir='ltr'>fuit</span> <span class='ocrx_word' id='word_1_72' title='bbox 467 1076 619 1123; x_wconf 88' lang='lat' dir='ltr'>Crete</span> <span class='ocrx_word' id='word_1_73' title='bbox 639 1076 853 1124; x_wconf 89' lang='lat' dir='ltr'>fecundo</span> <span class='ocrx_word' id='word_1_74' title='bbox 877 1074 1050 1123; x_wconf 88' lang='lat' dir='ltr'>fertilis</span> <span class='ocrx_word' id='word_1_75' title='bbox 1076 1090 1220 1121; x_wconf 90' lang='lat' dir='ltr'>anno.</span> 
     </span>
     <span class='ocr_line' id='line_1_14' title="bbox 279 1150 1426 1215; baseline -0.002 -17"><span class='ocrx_word' id='word_1_76' title='bbox 279 1151 476 1207; x_wconf 84' lang='lat' dir='ltr'>Omnia,</span> <span class='ocrx_word' id='word_1_77' title='bbox 505 1152 605 1215; x_wconf 65' lang='lat' dir='ltr'>qua</span> <span class='ocrx_word' id='word_1_78' title='bbox 628 1153 809 1199; x_wconf 85' lang='lat' dir='ltr'>tulerat</span> <span class='ocrx_word' id='word_1_79' title='bbox 833 1168 886 1199; x_wconf 87' lang='lat' dir='ltr'>se</span> <span class='ocrx_word' id='word_1_80' title='bbox 913 1151 1039 1207; x_wconf 84' lang='lat' dir='ltr'>Dea,</span> <span class='ocrx_word' id='word_1_81' title='bbox 1066 1150 1244 1198; x_wconf 89' lang='lat' dir='ltr'>messis</span> <span class='ocrx_word' id='word_1_82' title='bbox 1269 1158 1426 1198; x_wconf 88' lang='lat' dir='ltr'>erant.</span> 
     </span>
     <span class='ocr_line' id='line_1_15' title="bbox 211 1227 1401 1292; baseline 0 -18"><span class='ocrx_word' id='word_1_83' title='bbox 211 1227 329 1292; x_wconf 89' lang='lat' dir='ltr'>Ipse</span> <span class='ocrx_word' id='word_1_84' title='bbox 351 1229 490 1275; x_wconf 88' lang='lat' dir='ltr'>locus</span> <span class='ocrx_word' id='word_1_85' title='bbox 515 1245 772 1275; x_wconf 88' lang='lat' dir='ltr'>nemorum</span> <span class='ocrx_word' id='word_1_86' title='bbox 798 1228 1011 1276; x_wconf 88' lang='lat' dir='ltr'>canebat</span> <span class='ocrx_word' id='word_1_87' title='bbox 1033 1227 1259 1290; x_wconf 83' lang='lat' dir='ltr'>frugibus</span> <span class='ocrx_word' id='word_1_88' title='bbox 1293 1227 1401 1283; x_wconf 90' lang='lat' dir='ltr'>Ide,</span> 
     </span>
     <span class='ocr_line' id='line_1_16' title="bbox 279 1304 1602 1368; baseline -0.001 -17"><span class='ocrx_word' id='word_1_89' title='bbox 279 1304 346 1352; x_wconf 89' lang='lat' dir='ltr'>Et</span> <span class='ocrx_word' id='word_1_90' title='bbox 368 1304 500 1352; x_wconf 85' lang='lat' dir='ltr'>ferus</span> <span class='ocrx_word' id='word_1_91' title='bbox 526 1305 575 1351; x_wconf 95' lang='lat' dir='ltr'>in</span> <span class='ocrx_word' id='word_1_92' title='bbox 600 1306 720 1352; x_wconf 69' lang='lat' dir='ltr'>silv-21</span> <span class='ocrx_word' id='word_1_93' title='bbox 744 1305 872 1352; x_wconf 87' lang='lat' dir='ltr'>farra</span> <span class='ocrx_word' id='word_1_94' title='bbox 896 1305 1117 1352; x_wconf 87' lang='lat' dir='ltr'>metebat</span> <span class='ocrx_word' id='word_1_95' title='bbox 1141 1320 1277 1368; x_wconf 86' lang='lat' dir='ltr'>aper.</span> <span class='ocrx_word' id='word_1_96' title='bbox 1539 1307 1602 1350; x_wconf 77' lang='lat'>40</span> 
     </span>
     <span class='ocr_line' id='line_1_17' title="bbox 214 1381 1348 1446; baseline -0.002 -18"><span class='ocrx_word' id='word_1_97' title='bbox 214 1381 420 1446; x_wconf 84' lang='lat' dir='ltr'>Optavit</span> <span class='ocrx_word' id='word_1_98' title='bbox 445 1381 612 1430; x_wconf 84' lang='lat' dir='ltr'>Minos</span> <span class='ocrx_word' id='word_1_99' title='bbox 638 1383 823 1430; x_wconf 85' lang='lat' dir='ltr'>similes</span> <span class='ocrx_word' id='word_1_100' title='bbox 849 1383 942 1429; x_wconf 86' lang='lat' dir='ltr'>sibi</span> <span class='ocrx_word' id='word_1_101' title='bbox 967 1382 1139 1444; x_wconf 88' lang='lat' dir='ltr'>legifer</span> <span class='ocrx_word' id='word_1_102' title='bbox 1164 1397 1318 1428; x_wconf 86' lang='lat' dir='ltr'>annos</span> <span class='ocrx_word' id='word_1_103' title='bbox 1339 1395 1348 1425; x_wconf 91' lang='lat'><strong>:</strong></span> 
     </span>
     <span class='ocr_line' id='line_1_18' title="bbox 280 1458 1332 1522; baseline -0.001 -18"><span class='ocrx_word' id='word_1_104' title='bbox 280 1458 486 1522; x_wconf 81' lang='lat' dir='ltr'>Optavit</span> <span class='ocrx_word' id='word_1_105' title='bbox 519 1459 716 1507; x_wconf 87' lang='lat' dir='ltr'>Cereris</span> <span class='ocrx_word' id='word_1_106' title='bbox 742 1460 917 1521; x_wconf 88' lang='lat' dir='ltr'>longus</span> <span class='ocrx_word' id='word_1_107' title='bbox 943 1465 997 1505; x_wconf 94' lang='lat' dir='ltr'>ut</span> <span class='ocrx_word' id='word_1_108' title='bbox 1022 1466 1155 1505; x_wconf 89' lang='lat' dir='ltr'>esset</span> <span class='ocrx_word' id='word_1_109' title='bbox 1180 1474 1332 1504; x_wconf 73' lang='lat' dir='ltr'>arnor.</span> 
     </span>
     <span class='ocr_line' id='line_1_19' title="bbox 213 1533 1534 1591; baseline -0.002 -9"><span class='ocrx_word' id='word_1_110' title='bbox 213 1535 361 1590; x_wconf 84' lang='lat' dir='ltr'>Quod</span> <span class='ocrx_word' id='word_1_111' title='bbox 387 1536 475 1582; x_wconf 91' lang='lat' dir='ltr'>tibi</span> <span class='ocrx_word' id='word_1_112' title='bbox 501 1536 755 1582; x_wconf 90' lang='lat' dir='ltr'>secubitus</span> <span class='ocrx_word' id='word_1_113' title='bbox 780 1536 963 1591; x_wconf 87' lang='lat' dir='ltr'>tristes,</span> <span class='ocrx_word' id='word_1_114' title='bbox 993 1534 1103 1581; x_wconf 85' lang='lat' dir='ltr'>Dea</span> <span class='ocrx_word' id='word_1_115' title='bbox 1129 1534 1270 1589; x_wconf 79' lang='lat' dir='ltr'>flava,</span> <span class='ocrx_word' id='word_1_116' title='bbox 1297 1533 1534 1589; x_wconf 86' lang='lat' dir='ltr'>fuissent;</span> 
     </span>
     <span class='ocr_line' id='line_1_20' title="bbox 283 1611 1304 1675; baseline -0.001 -18"><span class='ocrx_word' id='word_1_117' title='bbox 283 1611 394 1659; x_wconf 88' lang='lat' dir='ltr'>Hoc</span> <span class='ocrx_word' id='word_1_118' title='bbox 414 1628 564 1675; x_wconf 90' lang='lat' dir='ltr'>cogor</span> <span class='ocrx_word' id='word_1_119' title='bbox 588 1613 740 1660; x_wconf 86' lang='lat' dir='ltr'>sacris</span> <span class='ocrx_word' id='word_1_120' title='bbox 766 1629 895 1659; x_wconf 90' lang='lat' dir='ltr'>nunc</span> <span class='ocrx_word' id='word_1_121' title='bbox 922 1628 1014 1674; x_wconf 85' lang='lat' dir='ltr'>ego</span> <span class='ocrx_word' id='word_1_122' title='bbox 1039 1611 1164 1658; x_wconf 88' lang='lat' dir='ltr'>ferre</span> <span class='ocrx_word' id='word_1_123' title='bbox 1188 1611 1304 1657; x_wconf 88' lang='lat' dir='ltr'>tuis.</span> 
     </span>
     <span class='ocr_line' id='line_1_21' title="bbox 214 1688 1600 1751; baseline -0.002 -16"><span class='ocrx_word' id='word_1_124' title='bbox 214 1688 318 1735; x_wconf 89' lang='lat' dir='ltr'>Cur</span> <span class='ocrx_word' id='word_1_125' title='bbox 341 1704 433 1751; x_wconf 89' lang='lat' dir='ltr'>ego</span> <span class='ocrx_word' id='word_1_126' title='bbox 459 1689 553 1735; x_wconf 87' lang='lat' dir='ltr'>sim</span> <span class='ocrx_word' id='word_1_127' title='bbox 577 1689 746 1745; x_wconf 85' lang='lat' dir='ltr'>tristis,</span> <span class='ocrx_word' id='word_1_128' title='bbox 770 1705 884 1735; x_wconf 88' lang='lat' dir='ltr'>cum</span> <span class='ocrx_word' id='word_1_129' title='bbox 910 1689 974 1735; x_wconf 90' lang='lat' dir='ltr'>sit</span> <span class='ocrx_word' id='word_1_130' title='bbox 998 1688 1087 1734; x_wconf 89' lang='lat' dir='ltr'>tibi</span> <span class='ocrx_word' id='word_1_131' title='bbox 1113 1694 1231 1733; x_wconf 87' lang='lat' dir='ltr'>nata</span> <span class='ocrx_word' id='word_1_132' title='bbox 1254 1693 1478 1749; x_wconf 82' lang='lat' dir='ltr'>reperta3</span> <span class='ocrx_word' id='word_1_133' title='bbox 1536 1689 1600 1732; x_wconf 76' lang='lat'>45</span> 
     </span>
     <span class='ocr_line' id='line_1_22' title="bbox 285 1763 1501 1829; baseline -0.004 -16"><span class='ocrx_word' id='word_1_134' title='bbox 285 1765 579 1829; x_wconf 79' lang='lat' dir='ltr'>Regnaque,</span> <span class='ocrx_word' id='word_1_135' title='bbox 606 1781 755 1828; x_wconf 81' lang='lat' dir='ltr'>quam</span> <span class='ocrx_word' id='word_1_136' title='bbox 781 1764 810 1811; x_wconf 84' lang='lat' dir='ltr'>J</span> <span class='ocrx_word' id='word_1_137' title='bbox 816 1781 930 1820; x_wconf 86' lang='lat' dir='ltr'>uno,</span> <span class='ocrx_word' id='word_1_138' title='bbox 957 1770 1089 1811; x_wconf 89' lang='lat' dir='ltr'>sorte</span> <span class='ocrx_word' id='word_1_139' title='bbox 1113 1763 1303 1810; x_wconf 85' lang='lat' dir='ltr'>minora</span> <span class='ocrx_word' id='word_1_140' title='bbox 1324 1763 1501 1825; x_wconf 81' lang='lat' dir='ltr'>regat?</span> 
     </span>
    </p>
   </div>
   <div class='ocr_carea' id='block_1_4' title="bbox 219 1939 889 2764">
    <p class='ocr_par' dir='ltr' id='par_1_4' title="bbox 219 1939 888 2705">
     <span class='ocr_line' id='line_1_23' title="bbox 220 1939 880 1981; baseline 0 -12"><span class='ocrx_word' id='word_1_141' title='bbox 220 1951 281 1970; x_wconf 81' lang='lat' dir='ltr'>nem</span> <span class='ocrx_word' id='word_1_142' title='bbox 298 1946 428 1970; x_wconf 77' lang='lat' dir='ltr'>vocant:</span> <span class='ocrx_word' id='word_1_143' title='bbox 453 1939 650 1981; x_wconf 80' lang='lat' dir='ltr'>adduntque,</span> <span class='ocrx_word' id='word_1_144' title='bbox 667 1950 686 1970; x_wconf 91' lang='lat' dir='ltr'>a</span> <span class='ocrx_word' id='word_1_145' title='bbox 707 1940 786 1971; x_wconf 81' lang='lat' dir='ltr'>Jove</span> <span class='ocrx_word' id='word_1_146' title='bbox 811 1950 880 1981; x_wconf 83' lang='lat' dir='ltr'>pos-</span> 
     </span>
     <span class='ocr_line' id='line_1_24' title="bbox 219 1989 879 2031; baseline 0 -12"><span class='ocrx_word' id='word_1_147' title='bbox 219 1996 317 2019; x_wconf 83' lang='lat' dir='ltr'>tremo</span> <span class='ocrx_word' id='word_1_148' title='bbox 346 1989 476 2020; x_wconf 83' lang='lat' dir='ltr'>fulmine</span> <span class='ocrx_word' id='word_1_149' title='bbox 505 2000 697 2031; x_wconf 81' lang='lat' dir='ltr'>percussum,</span> <span class='ocrx_word' id='word_1_150' title='bbox 728 2000 764 2019; x_wconf 86' lang='lat' dir='ltr'>eo</span> <span class='ocrx_word' id='word_1_151' title='bbox 797 1989 879 2030; x_wconf 87' lang='lat' dir='ltr'>quod</span> 
     </span>
     <span class='ocr_line' id='line_1_25' title="bbox 221 2038 881 2070; baseline -0.003 -1"><span class='ocrx_word' id='word_1_152' title='bbox 221 2049 292 2069; x_wconf 85' lang='lat' dir='ltr'>cum</span> <span class='ocrx_word' id='word_1_153' title='bbox 309 2039 420 2069; x_wconf 82' lang='lat' dir='ltr'>Cerere</span> <span class='ocrx_word' id='word_1_154' title='bbox 437 2038 665 2070; x_wconf 79' lang='lat' dir='ltr'>concubuisset.</span> <span class='ocrx_word' id='word_1_155' title='bbox 692 2039 881 2068; x_wconf 56' lang='lat' dir='ltr'>MmrLLFS.</span> 
     </span>
     <span class='ocr_line' id='line_1_26' title="bbox 223 2086 882 2119; baseline -0.003 -1"><span class='ocrx_word' id='word_1_156' title='bbox 223 2088 336 2118; x_wconf 79' lang='lat' dir='ltr'>Locum</span> <span class='ocrx_word' id='word_1_157' title='bbox 360 2087 443 2119; x_wconf 85' lang='lat' dir='ltr'>hunc</span> <span class='ocrx_word' id='word_1_158' title='bbox 467 2087 583 2118; x_wconf 79' lang='lat' dir='ltr'>adduxi</span> <span class='ocrx_word' id='word_1_159' title='bbox 604 2087 662 2117; x_wconf 82' lang='lat' dir='ltr'>lib.</span> <span class='ocrx_word' id='word_1_160' title='bbox 684 2086 728 2117; x_wconf 85' lang='lat' dir='ltr'>ix.</span> <span class='ocrx_word' id='word_1_161' title='bbox 751 2088 882 2117; x_wconf 78' lang='lat' dir='ltr'>Metam.</span> 
     </span>
     <span class='ocr_line' id='line_1_27' title="bbox 219 2135 882 2168; baseline -0.005 0"><span class='ocrx_word' id='word_1_162' title='bbox 219 2143 250 2168; x_wconf 78' lang='lat' dir='ltr'>et</span> <span class='ocrx_word' id='word_1_163' title='bbox 268 2137 358 2167; x_wconf 86' lang='lat' dir='ltr'>simul</span> <span class='ocrx_word' id='word_1_164' title='bbox 374 2137 539 2168; x_wconf 78' lang='lat' dir='ltr'>illustravi.</span> <span class='ocrx_word' id='word_1_165' title='bbox 576 2137 758 2167; x_wconf 65' lang='lat' dir='ltr'>CrorAxrs.</span> <span class='ocrx_word' id='word_1_166' title='bbox 796 2135 882 2166; x_wconf 74' lang='lat' dir='ltr'>Facit</span> 
     </span>
     <span class='ocr_line' id='line_1_28' title="bbox 223 2185 883 2217; baseline 0 -2"><span class='ocrx_word' id='word_1_167' title='bbox 223 2185 306 2216; x_wconf 75' lang='lat' dir='ltr'>liunc</span> <span class='ocrx_word' id='word_1_168' title='bbox 332 2186 491 2217; x_wconf 78' lang='lat' dir='ltr'>Theocriti</span> <span class='ocrx_word' id='word_1_169' title='bbox 519 2186 679 2217; x_wconf 74' lang='lat' dir='ltr'>sclioliast.</span> <span class='ocrx_word' id='word_1_170' title='bbox 709 2185 830 2215; x_wconf 51' lang='lat' dir='ltr'>Minois</span> <span class='ocrx_word' id='word_1_171' title='bbox 853 2191 883 2215; x_wconf 84' lang='lat' dir='ltr'>et</span> 
     </span>
     <span class='ocr_line' id='line_1_29' title="bbox 224 2234 884 2277; baseline 0 -13"><span class='ocrx_word' id='word_1_172' title='bbox 224 2234 539 2277; x_wconf 54' lang='lat' dir='ltr'>l&#39;hroniaeJNymphoe</span> <span class='ocrx_word' id='word_1_173' title='bbox 554 2235 663 2265; x_wconf 85' lang='lat' dir='ltr'>filium.</span> <span class='ocrx_word' id='word_1_174' title='bbox 689 2235 739 2265; x_wconf 86' lang='lat' dir='ltr'>De</span> <span class='ocrx_word' id='word_1_175' title='bbox 751 2234 803 2264; x_wconf 86' lang='lat' dir='ltr'>illo</span> <span class='ocrx_word' id='word_1_176' title='bbox 819 2235 884 2264; x_wconf 83' lang='lat' dir='ltr'>He-</span> 
     </span>
     <span class='ocr_line' id='line_1_30' title="bbox 223 2282 884 2326; baseline -0.003 -12"><span class='ocrx_word' id='word_1_177' title='bbox 223 2284 334 2315; x_wconf 78' lang='lat' dir='ltr'>raclid.</span> <span class='ocrx_word' id='word_1_178' title='bbox 365 2285 503 2326; x_wconf 75' lang='lat' dir='ltr'>Allegor.</span> <span class='ocrx_word' id='word_1_179' title='bbox 533 2284 710 2315; x_wconf 83' lang='lat' dir='ltr'>H0me1·ic.:</span> <span class='ocrx_word' id='word_1_180' title='bbox 743 2288 764 2300; x_wconf 83' lang='lat'>¹‘</span> <span class='ocrx_word' id='word_1_181' title='bbox 782 2282 884 2313; x_wconf 83' lang='lat' dir='ltr'>Iasion</span> 
     </span>
     <span class='ocr_line' id='line_1_31' title="bbox 223 2332 884 2375; baseline 0 -12"><span class='ocrx_word' id='word_1_182' title='bbox 223 2333 351 2374; x_wconf 86' lang='lat' dir='ltr'>quidam</span> <span class='ocrx_word' id='word_1_183' title='bbox 364 2334 459 2365; x_wconf 86' lang='lat' dir='ltr'>fertur</span> <span class='ocrx_word' id='word_1_184' title='bbox 467 2334 686 2375; x_wconf 85' lang='lat' dir='ltr'>agriculturam</span> <span class='ocrx_word' id='word_1_185' title='bbox 696 2332 866 2364; x_wconf 78' lang='lat' dir='ltr'>excoluisse</span> <span class='ocrx_word' id='word_1_186' title='bbox 877 2344 884 2371; x_wconf 88' lang='lat'>;</span> 
     </span>
     <span class='ocr_line' id='line_1_32' title="bbox 223 2380 884 2423; baseline -0.003 -11"><span class='ocrx_word' id='word_1_187' title='bbox 223 2389 255 2412; x_wconf 81' lang='lat' dir='ltr'>ct</span> <span class='ocrx_word' id='word_1_188' title='bbox 271 2393 367 2423; x_wconf 85' lang='lat' dir='ltr'>quum</span> <span class='ocrx_word' id='word_1_189' title='bbox 384 2382 502 2412; x_wconf 84' lang='lat' dir='ltr'>fructus</span> <span class='ocrx_word' id='word_1_190' title='bbox 517 2381 639 2412; x_wconf 85' lang='lat' dir='ltr'>abunde</span> <span class='ocrx_word' id='word_1_191' title='bbox 655 2392 692 2412; x_wconf 83' lang='lat' dir='ltr'>ex</span> <span class='ocrx_word' id='word_1_192' title='bbox 718 2392 766 2422; x_wconf 77' lang='lat' dir='ltr'>agi</span> <span class='ocrx_word' id='word_1_193' title='bbox 774 2381 799 2411; x_wconf 85' lang='lat' dir='ltr'>is</span> <span class='ocrx_word' id='word_1_194' title='bbox 821 2380 884 2411; x_wconf 70' lang='lat' dir='ltr'>suis</span> 
     </span>
     <span class='ocr_line' id='line_1_33' title="bbox 226 2430 884 2473; baseline -0.003 -11"><span class='ocrx_word' id='word_1_195' title='bbox 226 2431 386 2473; x_wconf 83' lang='lat' dir='ltr'>reciperet,</span> <span class='ocrx_word' id='word_1_196' title='bbox 401 2432 595 2462; x_wconf 78' lang='lat' dir='ltr'>occasionem</span> <span class='ocrx_word' id='word_1_197' title='bbox 612 2432 723 2462; x_wconf 84' lang='lat' dir='ltr'>sabulae</span> <span class='ocrx_word' id='word_1_198' title='bbox 740 2430 837 2466; x_wconf 80' lang='lat' dir='ltr'>dedit,</span> <span class='ocrx_word' id='word_1_199' title='bbox 850 2436 884 2460; x_wconf 87' lang='lat' dir='ltr'>ut</span> 
     </span>
     <span class='ocr_line' id='line_1_34' title="bbox 226 2479 884 2511; baseline -0.005 -1"><span class='ocrx_word' id='word_1_200' title='bbox 226 2490 244 2510; x_wconf 85' lang='lat' dir='ltr'>a</span> <span class='ocrx_word' id='word_1_201' title='bbox 261 2480 374 2511; x_wconf 80' lang='lat' dir='ltr'>Cerere</span> <span class='ocrx_word' id='word_1_202' title='bbox 390 2486 513 2510; x_wconf 75' lang='lat' dir='ltr'>amatus</span> <span class='ocrx_word' id='word_1_203' title='bbox 529 2479 788 2511; x_wconf 80' lang='lat' dir='ltr'>existimaretur.’&#39;</span> <span class='ocrx_word' id='word_1_204' title='bbox 813 2479 884 2508; x_wconf 83' lang='lat' dir='ltr'>Non</span> 
     </span>
     <span class='ocr_line' id='line_1_35' title="bbox 226 2527 884 2570; baseline -0.005 -12"><span class='ocrx_word' id='word_1_205' title='bbox 226 2528 320 2564; x_wconf 82' lang='lat' dir='ltr'>idem,</span> <span class='ocrx_word' id='word_1_206' title='bbox 337 2528 390 2570; x_wconf 85' lang='lat' dir='ltr'>qui</span> <span class='ocrx_word' id='word_1_207' title='bbox 414 2529 570 2559; x_wconf 75' lang='lat' dir='ltr'>Atalantae</span> <span class='ocrx_word' id='word_1_208' title='bbox 587 2535 687 2569; x_wconf 80' lang='lat' dir='ltr'>pater.</span> <span class='ocrx_word' id='word_1_209' title='bbox 706 2528 790 2568; x_wconf 73' lang='lat' dir='ltr'>Ityg.</span> <span class='ocrx_word' id='word_1_210' title='bbox 808 2527 884 2556; x_wconf 77' lang='lat' dir='ltr'>Fal).</span> 
     </span>
     <span class='ocr_line' id='line_1_36' title="bbox 225 2575 887 2612; baseline -0.003 -6"><span class='ocrx_word' id='word_1_211' title='bbox 225 2576 293 2607; x_wconf 85' lang='lat' dir='ltr'>lxx.</span> <span class='ocrx_word' id='word_1_212' title='bbox 313 2577 441 2608; x_wconf 77' lang='lat' dir='ltr'>Plutum</span> <span class='ocrx_word' id='word_1_213' title='bbox 464 2588 501 2607; x_wconf 84' lang='lat' dir='ltr'>ex</span> <span class='ocrx_word' id='word_1_214' title='bbox 526 2588 563 2607; x_wconf 84' lang='lat' dir='ltr'>eo</span> <span class='ocrx_word' id='word_1_215' title='bbox 586 2577 694 2612; x_wconf 76' lang='lat' dir='ltr'>Ceres,</span> <span class='ocrx_word' id='word_1_216' title='bbox 719 2582 797 2607; x_wconf 78' lang='lat' dir='ltr'>teste</span> <span class='ocrx_word' id='word_1_217' title='bbox 822 2575 887 2605; x_wconf 83' lang='lat' dir='ltr'>Ile-</span> 
     </span>
     <span class='ocr_line' id='line_1_37' title="bbox 227 2623 888 2668; baseline -0.002 -13"><span class='ocrx_word' id='word_1_218' title='bbox 227 2625 323 2662; x_wconf 57' lang='lat' dir='ltr'>mdo,</span> <span class='ocrx_word' id='word_1_219' title='bbox 352 2626 472 2667; x_wconf 73' lang='lat' dir='ltr'>Theog.</span> <span class='ocrx_word' id='word_1_220' title='bbox 503 2627 577 2663; x_wconf 81' lang='lat'><strong>969,</strong></span> <span class='ocrx_word' id='word_1_221' title='bbox 607 2626 742 2668; x_wconf 75' lang='lat' dir='ltr'>suscepit</span> <span class='ocrx_word' id='word_1_222' title='bbox 779 2623 888 2655; x_wconf 82' lang='lat' dir='ltr'>filium.</span> 
     </span>
     <span class='ocr_line' id='line_1_38' title="bbox 227 2674 346 2705; baseline 0.008 -1"><span class='ocrx_word' id='word_1_223' title='bbox 227 2674 346 2705; x_wconf 63' lang='lat' dir='ltr'>Auni.</span> 
     </span>
    </p>

    <p class='ocr_par' dir='ltr' id='par_1_5' title="bbox 274 2722 889 2764">
     <span class='ocr_line' id='line_1_39' title="bbox 274 2722 889 2764; baseline -0.003 -11"><span class='ocrx_word' id='word_1_224' title='bbox 274 2724 324 2754; x_wconf 86' lang='lat' dir='ltr'>3l.</span> <span class='ocrx_word' id='word_1_225' title='bbox 339 2723 457 2754; x_wconf 68' lang='lat' dir='ltr'>,lactati</span> <span class='ocrx_word' id='word_1_226' title='bbox 475 2723 616 2764; x_wconf 61' lang='lat' dir='ltr'>ligone-§.J</span> <span class='ocrx_word' id='word_1_227' title='bbox 650 2723 785 2753; x_wconf 67' lang='lat' dir='ltr'>lactatus</span> <span class='ocrx_word' id='word_1_228' title='bbox 802 2722 889 2754; x_wconf 71' lang='lat' dir='ltr'>«licit.</span> 
     </span>
    </p>
   </div>
   <div class='ocr_carea' id='block_1_5' title="bbox 948 1941 1616 2761">
    <p class='ocr_par' dir='ltr' id='par_1_6' title="bbox 948 1941 1610 2071">
     <span class='ocr_line' id='line_1_40' title="bbox 948 1941 1609 1985; baseline 0 -12"><span class='ocrx_word' id='word_1_229' title='bbox 948 1943 1022 1985; x_wconf 84' lang='lat' dir='ltr'>quia</span> <span class='ocrx_word' id='word_1_230' title='bbox 1037 1943 1180 1973; x_wconf 83' lang='lat' dir='ltr'>manibus</span> <span class='ocrx_word' id='word_1_231' title='bbox 1195 1952 1316 1973; x_wconf 84' lang='lat' dir='ltr'>summa</span> <span class='ocrx_word' id='word_1_232' title='bbox 1335 1942 1364 1972; x_wconf 79' lang='lat' dir='ltr'>vi</span> <span class='ocrx_word' id='word_1_233' title='bbox 1389 1948 1476 1972; x_wconf 70' lang='lat' dir='ltr'>terrm</span> <span class='ocrx_word' id='word_1_234' title='bbox 1501 1941 1609 1983; x_wconf 78' lang='lat' dir='ltr'>insige-</span> 
     </span>
     <span class='ocr_line' id='line_1_41' title="bbox 948 1990 1610 2027; baseline 0.002 -6"><span class='ocrx_word' id='word_1_235' title='bbox 948 1993 1071 2027; x_wconf 81' lang='lat' dir='ltr'>bantur,</span> <span class='ocrx_word' id='word_1_236' title='bbox 1087 1998 1121 2022; x_wconf 91' lang='lat' dir='ltr'>ut</span> <span class='ocrx_word' id='word_1_237' title='bbox 1136 1991 1344 2022; x_wconf 79' lang='lat' dir='ltr'>evellerentur</span> <span class='ocrx_word' id='word_1_238' title='bbox 1359 1991 1462 2021; x_wconf 76' lang='lat' dir='ltr'>lieibae</span> <span class='ocrx_word' id='word_1_239' title='bbox 1479 1990 1568 2020; x_wconf 72' lang='lat' dir='ltr'>mala·</span> <span class='ocrx_word' id='word_1_240' title='bbox 1581 1998 1610 2022; x_wconf 79' lang='lat' dir='ltr'>et</span> 
     </span>
     <span class='ocr_line' id='line_1_42' title="bbox 951 2041 1272 2071; baseline -0.006 0"><span class='ocrx_word' id='word_1_241' title='bbox 951 2047 1108 2071; x_wconf 46' lang='lat' dir='ltr'>nocenter.</span> <span class='ocrx_word' id='word_1_242' title='bbox 1156 2041 1272 2070; x_wconf 62' lang='lat' dir='ltr'>Brun.</span> 
     </span>
    </p>

    <p class='ocr_par' dir='ltr' id='par_1_7' title="bbox 950 2086 1616 2556">
     <span class='ocr_line' id='line_1_43' title="bbox 994 2086 1610 2127; baseline -0.002 -8"><span class='ocrx_word' id='word_1_243' title='bbox 994 2089 1046 2119; x_wconf 75' lang='lat'>49.</span> <span class='ocrx_word' id='word_1_244' title='bbox 1063 2089 1192 2118; x_wconf 70' lang='lat' dir='ltr'>Melebal</span> <span class='ocrx_word' id='word_1_245' title='bbox 1210 2087 1307 2127; x_wconf 61' lang='lat' dir='ltr'>apem]</span> <span class='ocrx_word' id='word_1_246' title='bbox 1335 2086 1437 2117; x_wconf 63' lang='lat' dir='ltr'>Nimis</span> <span class='ocrx_word' id='word_1_247' title='bbox 1451 2086 1527 2117; x_wconf 76' lang='lat' dir='ltr'>forte</span> <span class='ocrx_word' id='word_1_248' title='bbox 1542 2088 1610 2118; x_wconf 81' lang='lat' dir='ltr'>lux-</span> 
     </span>
     <span class='ocr_line' id='line_1_44' title="bbox 950 2137 1614 2168; baseline -0.002 0"><span class='ocrx_word' id='word_1_249' title='bbox 950 2138 1030 2168; x_wconf 83' lang='lat' dir='ltr'>uriat</span> <span class='ocrx_word' id='word_1_250' title='bbox 1048 2137 1097 2167; x_wconf 89' lang='lat' dir='ltr'>l1ic</span> <span class='ocrx_word' id='word_1_251' title='bbox 1113 2143 1221 2168; x_wconf 81' lang='lat' dir='ltr'>contra</span> <span class='ocrx_word' id='word_1_252' title='bbox 1236 2137 1397 2167; x_wconf 74' lang='lat' dir='ltr'>veritatem</span> <span class='ocrx_word' id='word_1_253' title='bbox 1413 2137 1523 2167; x_wconf 57' lang='lat' dir='ltr'>Poeta.</span> <span class='ocrx_word' id='word_1_254' title='bbox 1540 2147 1614 2167; x_wconf 78' lang='lat' dir='ltr'>nam</span> 
     </span>
     <span class='ocr_line' id='line_1_45' title="bbox 956 2185 1611 2226; baseline 0.002 -11"><span class='ocrx_word' id='word_1_255' title='bbox 956 2186 1077 2216; x_wconf 72' lang='lat' dir='ltr'>Plinius</span> <span class='ocrx_word' id='word_1_256' title='bbox 1093 2186 1146 2216; x_wconf 82' lang='lat' dir='ltr'>lib.</span> <span class='ocrx_word' id='word_1_257' title='bbox 1163 2185 1307 2226; x_wconf 50' lang='lat' dir='ltr'>vium-ap,</span> <span class='ocrx_word' id='word_1_258' title='bbox 1320 2186 1373 2215; x_wconf 80' lang='lat'>58.</span> <span class='ocrx_word' id='word_1_259' title='bbox 1388 2195 1457 2214; x_wconf 90' lang='lat' dir='ltr'>cum</span> <span class='ocrx_word' id='word_1_260' title='bbox 1471 2185 1611 2221; x_wconf 65' lang='lat' dir='ltr'>‹lixis-set,</span> 
     </span>
     <span class='ocr_line' id='line_1_46' title="bbox 952 2234 1612 2275; baseline 0.002 -11"><span class='ocrx_word' id='word_1_261' title='bbox 952 2245 1008 2264; x_wconf 88' lang='lat' dir='ltr'>nee</span> <span class='ocrx_word' id='word_1_262' title='bbox 1024 2234 1125 2275; x_wconf 85' lang='lat' dir='ltr'>lupos,</span> <span class='ocrx_word' id='word_1_263' title='bbox 1141 2244 1198 2264; x_wconf 88' lang='lat' dir='ltr'>nec</span> <span class='ocrx_word' id='word_1_264' title='bbox 1222 2234 1342 2274; x_wconf 79' lang='lat' dir='ltr'>vulpes,</span> <span class='ocrx_word' id='word_1_265' title='bbox 1362 2243 1418 2263; x_wconf 82' lang='lat' dir='ltr'>nec</span> <span class='ocrx_word' id='word_1_266' title='bbox 1442 2244 1540 2269; x_wconf 76' lang='lat' dir='ltr'>ursas,</span> <span class='ocrx_word' id='word_1_267' title='bbox 1559 2245 1612 2265; x_wconf 88' lang='lat' dir='ltr'>ne-</span> 
     </span>
     <span class='ocr_line' id='line_1_47' title="bbox 952 2281 1614 2325; baseline 0 -11"><span class='ocrx_word' id='word_1_268' title='bbox 952 2294 1012 2325; x_wconf 86' lang='lat' dir='ltr'>que</span> <span class='ocrx_word' id='word_1_269' title='bbox 1029 2283 1128 2313; x_wconf 91' lang='lat' dir='ltr'>ullum</span> <span class='ocrx_word' id='word_1_270' title='bbox 1145 2282 1321 2313; x_wconf 80' lang='lat' dir='ltr'>maleficum</span> <span class='ocrx_word' id='word_1_271' title='bbox 1338 2281 1453 2312; x_wconf 86' lang='lat' dir='ltr'>animal</span> <span class='ocrx_word' id='word_1_272' title='bbox 1470 2281 1501 2312; x_wconf 90' lang='lat' dir='ltr'>in</span> <span class='ocrx_word' id='word_1_273' title='bbox 1521 2283 1614 2314; x_wconf 83' lang='lat' dir='ltr'>Creta</span> 
     </span>
     <span class='ocr_line' id='line_1_48' title="bbox 951 2330 1612 2373; baseline 0 -10"><span class='ocrx_word' id='word_1_274' title='bbox 951 2342 1029 2363; x_wconf 86' lang='lat' dir='ltr'>esse.</span> <span class='ocrx_word' id='word_1_275' title='bbox 1067 2332 1156 2362; x_wconf 84' lang='lat' dir='ltr'>addit</span> <span class='ocrx_word' id='word_1_276' title='bbox 1193 2330 1367 2362; x_wconf 84' lang='lat' dir='ltr'>mirabilius</span> <span class='ocrx_word' id='word_1_277' title='bbox 1396 2341 1473 2367; x_wconf 73' lang='lat' dir='ltr'>esse,</span> <span class='ocrx_word' id='word_1_278' title='bbox 1511 2341 1612 2373; x_wconf 82' lang='lat' dir='ltr'>neque</span> 
     </span>
     <span class='ocr_line' id='line_1_49' title="bbox 952 2378 1613 2422; baseline 0 -11"><span class='ocrx_word' id='word_1_279' title='bbox 952 2391 1042 2422; x_wconf 79' lang='lat' dir='ltr'>apros</span> <span class='ocrx_word' id='word_1_280' title='bbox 1065 2379 1203 2422; x_wconf 84' lang='lat' dir='ltr'>reperiri,</span> <span class='ocrx_word' id='word_1_281' title='bbox 1228 2379 1286 2410; x_wconf 83' lang='lat' dir='ltr'>nisi</span> <span class='ocrx_word' id='word_1_282' title='bbox 1310 2380 1341 2410; x_wconf 90' lang='lat' dir='ltr'>in</span> <span class='ocrx_word' id='word_1_283' title='bbox 1364 2378 1488 2421; x_wconf 84' lang='lat' dir='ltr'>regione</span> <span class='ocrx_word' id='word_1_284' title='bbox 1510 2380 1613 2421; x_wconf 62' lang='lat' dir='ltr'>Cydo-</span> 
     </span>
     <span class='ocr_line' id='line_1_50' title="bbox 952 2428 1614 2468; baseline 0.002 -10"><span class='ocrx_word' id='word_1_285' title='bbox 952 2429 1115 2460; x_wconf 81' lang='lat' dir='ltr'>niatarum.</span> <span class='ocrx_word' id='word_1_286' title='bbox 1138 2428 1345 2459; x_wconf 76' lang='lat' dir='ltr'>statuendum</span> <span class='ocrx_word' id='word_1_287' title='bbox 1361 2438 1433 2468; x_wconf 81' lang='lat' dir='ltr'>ergo</span> <span class='ocrx_word' id='word_1_288' title='bbox 1456 2434 1514 2463; x_wconf 70' lang='lat' dir='ltr'>est,</span> <span class='ocrx_word' id='word_1_289' title='bbox 1532 2439 1614 2459; x_wconf 88' lang='lat' dir='ltr'>nunc</span> 
     </span>
     <span class='ocr_line' id='line_1_51' title="bbox 952 2475 1616 2517; baseline -0.002 -10"><span class='ocrx_word' id='word_1_290' title='bbox 952 2475 998 2507; x_wconf 84' lang='lat' dir='ltr'>ira</span> <span class='ocrx_word' id='word_1_291' title='bbox 1014 2476 1135 2507; x_wconf 86' lang='lat' dir='ltr'>Cereris</span> <span class='ocrx_word' id='word_1_292' title='bbox 1151 2476 1319 2507; x_wconf 80' lang='lat' dir='ltr'>excessisse</span> <span class='ocrx_word' id='word_1_293' title='bbox 1335 2487 1424 2517; x_wconf 80' lang='lat' dir='ltr'>apros</span> <span class='ocrx_word' id='word_1_294' title='bbox 1439 2476 1515 2505; x_wconf 76' lang='lat' dir='ltr'>fines</span> <span class='ocrx_word' id='word_1_295' title='bbox 1533 2487 1616 2513; x_wconf 78' lang='lat' dir='ltr'>suos,</span> 
     </span>
     <span class='ocr_line' id='line_1_52' title="bbox 953 2526 1569 2556; baseline 0 -1"><span class='ocrx_word' id='word_1_296' title='bbox 953 2531 984 2555; x_wconf 81' lang='lat' dir='ltr'>et</span> <span class='ocrx_word' id='word_1_297' title='bbox 999 2531 1136 2556; x_wconf 80' lang='lat' dir='ltr'>vastasse</span> <span class='ocrx_word' id='word_1_298' title='bbox 1150 2536 1271 2556; x_wconf 87' lang='lat' dir='ltr'>omnem</span> <span class='ocrx_word' id='word_1_299' title='bbox 1289 2526 1427 2556; x_wconf 81' lang='lat' dir='ltr'>Cretam.</span> <span class='ocrx_word' id='word_1_300' title='bbox 1452 2526 1569 2555; x_wconf 67' lang='lat' dir='ltr'>Brum.</span> 
     </span>
    </p>

    <p class='ocr_par' dir='ltr' id='par_1_8' title="bbox 955 2572 1616 2761">
     <span class='ocr_line' id='line_1_53' title="bbox 998 2572 1613 2615; baseline 0.005 -12"><span class='ocrx_word' id='word_1_301' title='bbox 998 2576 1051 2604; x_wconf 77' lang='lat'>46.</span> <span class='ocrx_word' id='word_1_302' title='bbox 1071 2576 1143 2609; x_wconf 60' lang='lat' dir='ltr'>Quas</span> <span class='ocrx_word' id='word_1_303' title='bbox 1159 2575 1272 2615; x_wconf 78' lang='lat' dir='ltr'>Jum·.]</span> <span class='ocrx_word' id='word_1_304' title='bbox 1314 2573 1444 2605; x_wconf 81' lang='lat' dir='ltr'>Rectius</span> <span class='ocrx_word' id='word_1_305' title='bbox 1458 2572 1489 2604; x_wconf 88' lang='lat' dir='ltr'>in</span> <span class='ocrx_word' id='word_1_306' title='bbox 1505 2585 1613 2606; x_wconf 81' lang='lat' dir='ltr'>inanu-</span> 
     </span>
     <span class='ocr_line' id='line_1_54' title="bbox 955 2622 1616 2664; baseline 0 -11"><span class='ocrx_word' id='word_1_307' title='bbox 955 2622 1078 2664; x_wconf 81' lang='lat' dir='ltr'>scriptis</span> <span class='ocrx_word' id='word_1_308' title='bbox 1105 2622 1229 2663; x_wconf 73' lang='lat' dir='ltr'>legitur,</span> <span class='ocrx_word' id='word_1_309' title='bbox 1263 2622 1358 2656; x_wconf 71' lang='lat' dir='ltr'>Quum</span> <span class='ocrx_word' id='word_1_310' title='bbox 1388 2622 1482 2652; x_wconf 79' lang='lat' dir='ltr'>wa.</span> <span class='ocrx_word' id='word_1_311' title='bbox 1515 2628 1548 2652; x_wconf 85' lang='lat' dir='ltr'>ut</span> <span class='ocrx_word' id='word_1_312' title='bbox 1575 2624 1616 2653; x_wconf 82' lang='lat' dir='ltr'>sit</span> 
     </span>
     <span class='ocr_line' id='line_1_55' title="bbox 956 2671 1615 2712; baseline 0 -10"><span class='ocrx_word' id='word_1_313' title='bbox 956 2682 1081 2709; x_wconf 81' lang='lat' dir='ltr'>sensus;</span> <span class='ocrx_word' id='word_1_314' title='bbox 1125 2671 1311 2712; x_wconf 79' lang='lat' dir='ltr'>Proserpina</span> <span class='ocrx_word' id='word_1_315' title='bbox 1347 2671 1468 2701; x_wconf 73' lang='lat' dir='ltr'>tertiani</span> <span class='ocrx_word' id='word_1_316' title='bbox 1508 2672 1615 2702; x_wconf 84' lang='lat' dir='ltr'>mundi</span> 
     </span>
     <span class='ocr_line' id='line_1_56' title="bbox 958 2720 1594 2761; baseline -0.003 -10"><span class='ocrx_word' id='word_1_317' title='bbox 958 2726 1087 2761; x_wconf 75' lang='lat' dir='ltr'>partem,</span> <span class='ocrx_word' id='word_1_318' title='bbox 1113 2720 1374 2761; x_wconf 73' lang='lat' dir='ltr'>quemadmodum</span> <span class='ocrx_word' id='word_1_319' title='bbox 1399 2721 1494 2754; x_wconf 72' lang='lat' dir='ltr'>June,</span> <span class='ocrx_word' id='word_1_320' title='bbox 1519 2721 1594 2753; x_wconf 58' lang='lat' dir='ltr'>regit</span> 
     </span>
    </p>
   </div>
  </div>
 </body>
</html>
