1849 3198
646 239 988 283 HEROIDES.
1021 239 1113 281 ΕΡ.
1146 240 1237 282 ΙΧ.

1544 242 1629 284 123

249 357 329 404 An
352 363 466 404 tuus
490 357 540 404 in
564 356 728 404 media
750 356 933 418 conjux
963 354 1257 403 lacerabitur
1281 355 1431 405 OEta'?

317 434 410 490 Tu,
437 434 636 481 sceleris
660 432 784 480 tanti
808 448 1001 489 caussa,
1029 440 1281 496 superstes
1306 435 1436 482 eris?

255 511 307 558 Si
335 511 456 574 quid
481 510 641 558 adhuc
666 509 826 556 habeo
851 508 984 565 facti,
1012 525 1098 556 cur
1123 508 1354 558 Herculis
1377 527 1502 559 uxor

321 588 536 645 Credar3
575 586 794 650 conjugii
818 602 949 633 mors
974 586 1093 632 mihi
1117 586 1295 650 pignus
1322 587 1429 635 erit.

1541 587 1633 636 150

254 663 331 711 Tu
356 680 558 728 quoque
582 680 853 726 cognosces
882 663 931 710 in
956 679 1051 719 me,
1080 662 1350 726 Meleagre,
1378 681 1609 713 sororem.

319 740 480 805 Impia
503 740 623 803 quid
648 740 845 788 dubitas
873 739 1108 787 Deianira
1130 741 1288 788 mori?

257 816 372 866 Heu
395 818 576 865 devota
598 818 800 865 domus!
839 817 961 864 solio
987 817 1129 865 sedet
1151 817 1330 880 Agrios
1356 818 1483 867 alto:

324 895 485 943 OEnea
507 896 759 944 desertum
783 895 918 942 nuda
941 901 1142 942 senecta
1164 895 1359 959 premit.

259 971 470 1020 Exsulat
493 973 673 1036 ignotis
699 972 903 1036 Tydeus
928 989 1191 1035 germanus
1216 972 1266 1020 in
1290 972 1403 1021 oris.

1546 977 1638 1023 155

323 1049 464 1097 Alter
487 1049 621 1098 fatali
644 1050 781 1098 vivus
807 1051 857 1097 in
881 1050 995 1113 igne
1019 1050 1125 1097 fuit.

261 1124 445 1189 Exegit
468 1127 648 1174 ferrum
673 1143 764 1175 sua
785 1143 873 1191 per
896 1126 1169 1191 praecordia
1191 1133 1375 1175 mater:

328 1203 491 1268 Impia
515 1205 635 1268 quid
660 1205 859 1252 dubitas
887 1204 1121 1251 Deianira
1144 1203 1299 1250 mori?

308 1365 378 1396 153.
414 1365 492 1395 Solio
515 1366 593 1395 sedet
621 1366 720 1396 acrior
746 1365 836 1406 ulta]
867 1365 919 1396 Ita.

262 1414 356 1455 vulgo
372 1413 499 1455 quidem
514 1413 637 1455 legitur,
653 1414 740 1445 nulla
753 1420 835 1445 certe
850 1425 919 1445 sen-

262 1463 372 1494 tentia.
406 1463 481 1494 mihi
503 1474 576 1494 vero
597 1463 766 1504 legendum
787 1463 919 1500 videtur,

263 1514 334 1543 solio
356 1514 433 1542 sedet
449 1513 563 1553 Agrius
585 1513 658 1542 alto.
706 1513 751 1543 Ut
764 1512 920 1553 intelliga-

264 1571 334 1591 mus
362 1560 505 1602 Agrium,
534 1566 604 1602 post
631 1560 802 1602 dispersam
831 1560 923 1591 OEnei

265 1609 403 1647 domum,
430 1609 555 1640 AEtoliae
585 1620 715 1651 regnum
744 1620 924 1652 occupasse,

265 1669 397 1700 eamque
422 1669 487 1688 rem
512 1659 699 1690 Deianiram
722 1660 803 1690 inter
822 1664 926 1690 cetera

266 1708 351 1738 mala
372 1714 402 1739 et
421 1707 589 1738 infortunia
611 1708 734 1749 generis
756 1719 792 1739 ac
815 1708 923 1750 patriae

266 1768 330 1788 suae
352 1767 523 1788 recensere.
546 1757 670 1788 fuerunt
690 1762 795 1788 autem
815 1757 925 1788 fratres

267 1806 393 1848 Agrius,
416 1806 520 1837 Melas
544 1813 574 1837 et
589 1807 717 1837 OEneus.
740 1812 775 1837 ut
798 1818 837 1838 ex
860 1808 925 1837 Ho-

268 1866 353 1886 mero
380 1862 477 1898 patet,
502 1856 584 1897 apud
609 1867 701 1897 quem
728 1856 854 1887 Iliados.
883 1857 926 1890 Ξ.

272 1907 343 1936 115.
366 1904 536 1935 Diomedes
551 1905 596 1935 ita
609 1905 763 1946 loquitur:

314 1955 434 1995 ΠορΘεῖ
449 1955 513 1995 γὰρ
531 1956 616 1996 τρεῖς
635 1954 749 1992 παῖδες
764 1953 929 1997 ἀμύμονες

357 2002 557 2045 ἐξεγένοντο,

313 2052 426 2084 Ὠκέον
442 2051 468 2083 δ’
483 2053 518 2083 ἐν
542 2053 713 2094 Πλευρῶνι
732 2053 785 2084 καὶ
798 2052 932 2094 αἰπεινῇ

359 2100 546 2136 Καλυδῶνι,

309 2150 446 2193 Ἀγριος
462 2150 516 2189 ἠδὲ
535 2150 648 2188 Μέλας
670 2151 830 2193 Τρὶτατος
844 2149 871 2181 δ’
887 2150 932 2189 ἦν

358 2200 486 2231 ἱππότα
507 2199 633 2237 Οἰνεὺς,

318 2250 451 2290 Πατρὸς
464 2248 548 2290 ἐμεῖο
564 2248 688 2290 πατὴρ.
763 2249 888 2279 MrcYL.

274 2297 385 2340 Scripti
414 2297 566 2339 plerique,
594 2300 701 2328 acrior.
740 2298 803 2333 alii,
830 2300 931 2333 altior,

275 2353 382 2385 aptior,
399 2349 503 2376 artior.
531 2346 717 2382 Puteaneus,
729 2349 833 2377 act-ios.
850 2347 932 2387 quod

276 2402 322 2426 est
339 2397 457 2437 Agrios.
483 2396 706 2427 restituendum
722 2397 804 2426 idem
822 2407 932 2426 nomen

277 2444 369 2474 Pont.
384 2444 439 2475 lib.
455 2443 501 2474 iii.
520 2444 567 2474 El.
584 2446 614 2475 9.

320 2495 435 2524 Auctor·
471 2505 543 2533 opus
581 2495 696 2525 laudat.
730 2497 770 2525 sic
797 2494 934 2536 jonium

406 2542 519 2583 Agrius
533 2543 602 2572 olim

368 2589 517 2621 Thersiten
526 2591 614 2632 facie
627 2592 735 2622 dixerit
751 2603 808 2621 esse
825 2594 910 2622 bona.

281 2638 331 2669 Ita
346 2638 428 2669 enim
444 2639 616 2670 Vaticanus
630 2640 719 2670 liber.
744 2640 860 2681 vulgati
878 2642 935 2670 Ac-

280 2690 354 2719 cius.
400 2688 471 2719 Fuit
494 2696 597 2719 autem
618 2689 767 2719 Thersitae
791 2695 878 2730 pater
892 2689 936 2719 A·

282 2736 376 2776 grius,
392 2742 426 2767 ut
440 2737 494 2768 illo
507 2737 575 2768 loco
592 2737 722 2768 dicetur.
766 2738 938 2769 Ilmxsms.

284 2784 370 2816 Felix
382 2790 413 2816 et
422 2791 507 2817 certa
516 2786 702 2818 emendatio.
723 2786 871 2817 Thersitae
884 2797 937 2828 pa-

986 1369 1064 1395 trem
1073 1363 1147 1394 facit
1155 1362 1259 1393 Tzetz.
1274 1361 1410 1394 Chiliad,
1419 1362 1483 1393 viii.
1493 1364 1600 1395 c.151.
1614 1370 1645 1395 et

989 1413 1060 1444 153.
1082 1412 1197 1453 Agrius
1211 1411 1304 1453 ejecit
1319 1412 1419 1442 OEnea
1433 1423 1538 1453 regno,
1552 1423 1645 1454 quem

987 1461 1099 1492 deinde
1110 1460 1272 1491 interfecto
1287 1460 1386 1501 Agrio
1397 1460 1568 1492 Diomedes
1579 1463 1646 1503 ejus

988 1521 1083 1552 nepos
1094 1509 1237 1540 restituit.
1260 1509 1377 1540 Anton.
1393 1509 1495 1540 Liber.
1510 1521 1579 1551 cap.
1594 1512 1647 1541 37.

990 1565 1021 1590 et
1036 1558 1179 1600 Hyginus
1195 1559 1271 1589 Fab.
1290 1559 1360 1589 175.
1374 1558 1505 1600 Agrium
1519 1559 1647 1601 ejecisse

991 1609 1092 1639 OEnea
1114 1608 1201 1645 dicit,
1223 1618 1295 1639 cum
1309 1608 1428 1639 videret
1451 1609 1570 1641 orbum.
1593 1610 1648 1641 sed

992 1657 1123 1698 Agrium
1149 1667 1181 1687 se
1209 1656 1310 1698 ipsum
1333 1656 1523 1687 interfecisse
1547 1658 1646 1694 addit,

992 1707 1075 1748 quod
1091 1712 1122 1737 et
1135 1706 1246 1748 repetit
1261 1706 1337 1738 Fab.
1351 1707 1425 1737 242.
1470 1707 1585 1739 BunM.

1037 1756 1109 1787 154.
1132 1755 1239 1797 Longa
1260 1762 1376 1787 senecta
1394 1757 1528 1797 premit]
1557 1757 1650 1788 Nuda

992 1805 1064 1836 libri
1079 1810 1210 1837 veteres.
1226 1810 1258 1836 et
1270 1812 1365 1837 recte.
1388 1805 1432 1836 sic
1449 1808 1561 1845 inopem
1576 1806 1650 1837 alibi

993 1861 1024 1885 et
1046 1866 1167 1896 egenam
1181 1861 1273 1886 vocat
1290 1861 1445 1886 senectam.
1488 1856 1653 1887 Juvenalis

995 1905 1060 1935 Sat.
1076 1903 1129 1934 vii.

1224 1951 1308 1983 Tunc
1321 1963 1405 1993 seque
1418 1964 1566 1994 suamque.

1041 2002 1252 2042 Terpsichoren
1273 2003 1490 2044 oditjizcunda
1517 2010 1545 2033 et
1570 2006 1653 2035 mula

1080 2057 1223 2081 senectus.
1494 2051 1611 2083 mes.

1044 2102 1114 2132 155.
1140 2101 1253 2131 Erulut
1267 2100 1406 2141 ignotis]
1435 2101 1498 2132 Cur
1521 2112 1593 2132 vero
1608 2104 1654 2144 ig-

997 2157 1081 2181 notas
1103 2156 1195 2181 vocat
1217 2161 1296 2186 oras,
1308 2150 1361 2191 qui
1384 2150 1461 2192 Argi
1484 2151 1656 2183 exulabat?

997 2200 1096 2230 scribe
1113 2199 1254 2231 Inachiis.
1277 2200 1448 2231 HE1Nsrus.
1476 2201 1536 2231 Sed
1553 2201 1655 2232 Dei'a-

998 2248 1071 2279 nirae
1101 2248 1213 2289 ignotae
1243 2254 1386 2290 poterant
1411 2259 1490 2285 esse,
1518 2260 1574 2280 nec
1600 2250 1656 2281 illa

998 2297 1076 2328 scire
1091 2302 1223 2339 poterat,
1240 2308 1302 2338 quo
1317 2297 1463 2336 abiisset3
1479 2304 1510 2328 et
1524 2298 1656 2329 imitatio

1000 2353 1047 2377 est
1062 2347 1237 2388 Virgiliana
1252 2347 1368 2387 Georg.
1384 2347 1427 2378 iii.
1441 2349 1515 2378 225.

1087 2396 1243 2437 Longeque
1259 2397 1365 2437 ignotis
1377 2398 1475 2427 exulat
1491 2398 1561 2427 nris.

1002 2446 1061 2476 Vel
1078 2447 1183 2487 ignota'
1196 2456 1252 2475 07·ae
1263 2456 1318 2486 pro
1332 2445 1511 2487 peregrinis,
1527 2456 1655 2486 quarum

1001 2504 1113 2524 nomen
1129 2493 1256 2534 quidem
1272 2499 1377 2524 notum
1395 2500 1450 2530 est,
1467 2493 1520 2524 sed
1540 2505 1599 2524 non
1616 2494 1659 2525 ita

1001 2542 1122 2578 incolae,
1138 2548 1173 2572 ut
1187 2542 1293 2584 patriae
1308 2543 1402 2573 cives.
1447 2544 1562 2573 BunM.

1047 2592 1117 2622 156.
1141 2592 1228 2621 Alter
1239 2591 1367 2633 finali]
1395 2593 1486 2622 Latet
1512 2591 1657 2622 mendum

999 2640 1034 2670 in
1051 2640 1107 2671 hoc
1130 2651 1232 2670 versu.
1258 2640 1335 2670 alter
1349 2641 1573 2676 Mentelianus,
1590 2642 1657 2671 mis-

1003 2700 1051 2719 sus
1065 2691 1095 2719 in
1110 2689 1267 2730 ignefuit,
1281 2690 1435 2731 an,falali
1448 2691 1532 2720 vivus
1546 2691 1578 2719 in
1592 2691 1660 2730 igne

1003 2739 1104 2777 perit?
1149 2738 1319 2770 Hssmsms.
