1849 3198
205 205 262 246 58
597 203 647 244 Ρ.
681 201 893 244 OVIDII
926 201 1204 245 NASONIS

203 318 448 383 Tyndaris
473 317 663 365 infestis
687 317 890 380 fugitiva
913 319 1186 382 reposcitur
1211 319 1373 366 armis.

270 395 379 443 Hac
403 395 536 443 venit
560 395 609 441 in
633 396 875 443 thalamos
900 396 1015 443 dote
1040 397 1255 459 superba
1277 405 1404 443 tuos

204 472 328 527 Quae
353 472 394 519 si
427 472 491 519 sit
516 471 702 519 Danais
728 472 995 527 reddenda,
1021 473 1097 519 vel
1124 471 1343 520 Hectora
1366 472 1582 529 fratrem,

267 548 361 596 Vel
386 565 499 596 cum
525 549 788 612 Deiphobo
814 549 1177 612 Polydamanta
1201 566 1333 613 roga.

204 627 335 682 Quid
362 627 520 689 gravis
546 626 783 682 Antenor,
812 627 1039 673 Priamus
1066 627 1184 690 quid
1210 634 1412 675 censeat
1435 628 1558 691 ipse,

270 704 515 759 Consule3
557 704 666 765 quis
692 710 810 749 aetas
837 704 983 765 longa
1006 704 1243 765 magistra
1265 703 1372 751 fuit.
1520 707 1581 751 96

202 781 366 844 Turpe
391 781 739 836 rudimentum,
767 781 940 844 patriae
966 797 1253 844 praeponere
1279 788 1485 844 raptam.

269 858 462 904 Caussa
485 858 719 921 pudenda
741 865 826 905 tua
851 865 952 914 est;
987 859 1124 920 justa
1146 859 1217 904 vir
1242 874 1377 905 arma
1401 865 1580 906 movet.

203 934 250 981 N
256 951 311 982 ec
336 935 442 990 tibi,
470 935 510 981 si
536 935 714 997 sapias,
741 935 890 982 fidam
915 937 1146 999 promitte
1173 936 1449 993 Lacaenam,

269 1011 392 1065 Quae
418 1011 481 1058 sit
505 1011 553 1057 in
579 1012 837 1074 amplexus
862 1019 963 1059 tani
989 1013 1086 1059 cito
1109 1029 1251 1060 versa
1274 1021 1402 1060 tuos.
1491 1016 1582 1060 lOO

205 1087 275 1135 Ut
297 1088 454 1135 minor
478 1087 677 1135 Atrides
703 1089 927 1136 temerati
951 1089 1137 1136 foedera
1160 1090 1275 1136 lecti

269 1165 481 1221 Clamat,
509 1173 560 1212 et
583 1173 787 1212 externo
814 1167 960 1212 laesus
986 1183 1151 1213 amore
1176 1167 1337 1219 dolet:

201 1242 275 1289 Tu
302 1259 499 1305 quoque
525 1243 777 1289 clamabis.
852 1242 1003 1290 Nulla
1027 1243 1314 1306 reparabilis
1339 1250 1444 1290 arte

268 1318 409 1366 Laesa
431 1320 669 1383 pudicitia
693 1326 795 1367 est:
835 1320 1027 1383 deperit
1050 1320 1133 1367 illa
1157 1321 1327 1367 semel.

202 1517 246 1548 Ut
267 1517 409 1548 ostendat
434 1528 504 1548 suas
529 1517 653 1559 nuptias
669 1517 774 1548 Paridi
796 1517 856 1548 uti-

200 1566 290 1597 liores
313 1567 385 1602 fore,
403 1577 496 1608 quam
517 1566 641 1608 nuptias
657 1566 803 1605 Helenae3
827 1572 858 1596 et

200 1625 332 1656 sequens
356 1615 509 1645 distichon
531 1615 749 1646 correctionem
777 1615 857 1645 hanc

201 1664 312 1694 firmat.
351 1665 470 1695 llsrxs.
504 1664 671 1704 Eleganter
686 1665 764 1695 tales
780 1676 857 1706 nup-

200 1711 259 1742 tias
275 1712 463 1754 ἀπτολὲμου
479 1713 576 1749 εὐνὰς
591 1719 680 1743 vocat
695 1712 858 1754 Euripides

200 1761 329 1792 Medea.
354 1763 429 1792 643.
459 1768 490 1791 et
516 1761 659 1802 AEschyl.
690 1761 856 1802 Agamem.

200 1810 276 1840 695.
331 1809 402 1841 Τιὶν
425 1809 659 1852 δορὺγαμβρον
687 1809 857 1851 α’μφινεικῆ

198 1858 351 1890 Ἑλέναν.
406 1860 609 1901 Capoferreus
634 1860 780 1895 malebat,
810 1861 858 1889 cui

202 1910 289 1938 nulla
302 1915 453 1948 parantur
468 1909 556 1938 bella.
603 1909 721 1938 Bumr.

243 1959 298 1988 93.
324 1958 452 1988 Hectora
468 1957 633 1999 fratremn]
660 1958 730 1987 Non
756 1957 858 1998 prohi-

200 2008 265 2043 bet,
281 2014 314 2037 ut
324 2006 448 2048 quidam
459 2012 585 2048 putant:
604 2007 728 2037 omnino
736 2007 857 2037 suadet.

201 2056 317 2086 Hector
343 2056 423 2086 enim
446 2055 590 2086 connubii
614 2055 707 2085 fidem
731 2056 858 2086 sanctis-

201 2104 276 2134 sime
318 2104 424 2134 coluit.
484 2104 611 2145 Adjecit
648 2104 857 2145 Deiphobum,

202 2164 262 2183 non
276 2164 313 2183 ex
329 2153 464 2188 historia,
481 2153 611 2194 (quippe
634 2164 726 2194 quem
740 2160 859 2184 constat

203 2208 357 2232 auctorem
370 2202 461 2232 fuisse
477 2213 514 2232 ne
528 2203 648 2233 Helene
664 2202 858 2240 redderetur)

203 2250 256 2280 sed
276 2250 427 2292 opinionis
443 2261 551 2285 errore,
567 2257 597 2280 et
619 2251 748 2292 puellari
772 2252 858 2281 boni-

203 2306 276 2336 tate,
291 2310 383 2340 quam
401 2311 461 2329 non
476 2300 608 2330 decebat
630 2311 695 2331 esse
711 2300 858 2342 suspicio-

203 2359 280 2378 sam.
328 2349 555 2379 l'AnnHAsws.

248 2398 301 2427 94.
325 2398 539 2437 Polydamanta
558 2398 657 2437 ruga]
704 2398 790 2433 Sunt,
807 2399 859 2440 qui

205 2452 266 2475 tam
283 2445 427 2481 hocloco,
439 2458 530 2487 quam
545 2447 754 2488 Metamorpli.
769 2447 820 2478 xii.
832 2460 860 2478 v.

206 2495 279 2524 547.
295 2494 507 2525 ΙίιΙὶιΙαηιιιηια
519 2496 714 2526 scribendum
725 2504 860 2528 censent.

206 2554 283 2583 quos
298 2543 376 2573 inter
387 2544 533 2575 Ciosanus
546 2557 552 2574 :
577 2545 659 2586 quod
675 2546 809 2577 llorucro
822 2548 861 2578 sit

208 2590 561 2634 Πουλὺὂιιμαςρῆςείῐη,
573 2599 603 2624 et
618 2593 649 2624 in
663 2594 862 2636 Πολύδαμας

205 2640 304 2681 prima
314 2641 504 2682 corripiatur.
528 2642 581 2672 scd
593 2653 662 2672 curn
675 2644 860 2676 membrana}

205 2694 324 2719 veteres
351 2687 526 2720 constanter
553 2701 606 2732 pro
633 2691 760 2732 vulgata
781 2699 862 2724 stent

206 2736 373 2778 Scriptura,
388 2737 470 2780 apud
487 2739 679 2780 Propertium
695 2751 816 2782 quoque
832 2748 862 2773 et

924 1516 1034 1547 Silium
1044 1516 1190 1547 Italicum
1205 1521 1236 1548 et
1247 1516 1398 1553 Persium,
1415 1527 1475 1547 non
1486 1516 1583 1547 ausim

923 1565 1086 1596 immutare
1095 1572 1250 1607 receptam
1261 1565 1415 1596 scribendi
1422 1565 1583 1596 rationem.

924 1614 1093 1655 praesertim
1107 1626 1178 1645 cum
1193 1615 1327 1646 dialecto
1337 1615 1453 1645 Dorica
1467 1621 1498 1645 et
1512 1618 1583 1646 Πω-

924 1662 1074 1706 λύδαμας
1098 1664 1230 1695 dicatur.
1254 1664 1298 1695 sic
1320 1663 1496 1706 κοράλλον,
1512 1675 1584 1694 κου»

924 1711 1052 1754 ράλλον
1067 1720 1097 1743 et
1112 1712 1295 1754 κωράλλον,
1308 1712 1430 1753 aliaque
1445 1712 1583 1754 ejusdem

926 1767 1019 1791 notae.
1044 1762 1126 1804 apud
1143 1762 1336 1803 Propertium
1356 1762 1435 1792 libro
1449 1761 1494 1791 iii.
1511 1762 1584 1792 Ele·

925 1810 975 1850 gia
1004 1811 1118 1852 prima:
1153 1811 1371 1851 Polydamanta
1396 1813 1458 1841 sine
1480 1813 1582 1840 armis.

925 1859 1007 1900 apud
1028 1860 1156 1890 Persum
1170 1861 1280 1901 Satyra
1294 1860 1409 1901 prima:
1442 1860 1490 1890 Ne
1513 1860 1584 1890 mihi

927 1909 1106 1949 Polydamas
1120 1916 1147 1939 et
1165 1909 1306 1940 Troiades
1322 1909 1483 1939 Labeonem
1500 1910 1582 1939 Pra-

926 1960 1065 1988 fulmini.
1091 1958 1172 2000 apud
1195 1958 1303 1988 Silium
1326 1958 1404 1988 libro
1419 1958 1475 1988 xii.
1522 1959 1581 1988 Ρο-

928 2007 1251 2046 lffllumrzntaisjzerenis
1277 2007 1427 2037 Pedianus
1444 2009 1474 2037 in
1494 2008 1585 2036 armis

929 2055 1015 2085 Bella
1032 2057 1164 2097 agitabat
1182 2063 1277 2087 (rimu.
1323 2057 1441 2086 Hmss.

971 2105 1111 2135 Priamus
1126 2107 1195 2145 quial
1208 2108 1328 2135 suadent
1349 2106 1434 2145 ipsa]
1462 2106 1583 2135 Censen!

928 2153 1138 2183 Lovaniensis.
1190 2154 1240 2184 Sic
1278 2154 1417 2195 Epistola
1453 2153 1582 2183 Helenae

927 2208 1014 2232 vetus
1029 2202 1139 2232 codex.
1155 2203 1230 2232 211.

971 2251 1052 2285 Quid
1070 2251 1210 2281 Priamus
1230 2253 1265 2281 de
1292 2262 1344 2286 me,
1371 2251 1487 2281 Priami
1512 2254 1583 2292 quid

1012 2307 1226 2330 censentuwr.
1273 2300 1391 2329 llrzixs.

973 2350 1042 2379 103.
1070 2349 1111 2378 Tu
1139 2360 1251 2388 qunque
1273 2351 1438 2389 clamabis]
1470 2351 1583 2391 Perpe-

927 2408 990 2428 ram
1006 2399 1168 2439 sequentia
1183 2399 1413 2439 distinguuntur
1430 2399 1460 2429 in
1476 2400 1583 2440 vulga-

927 2447 966 2477 tis
982 2447 1076 2483 libris,
1093 2458 1128 2477 ac
1145 2447 1169 2477 si
1186 2447 1348 2477 clamantis
1363 2448 1502 2478 Menelai
1518 2459 1582 2479 ver-

927 2497 967 2526 ba
992 2496 1062 2526 sint.
1089 2496 1171 2537 quod
1200 2497 1297 2526 Poeta
1326 2496 1451 2527 minime
1477 2498 1585 2528 voluit.

929 2545 1003 2575 t'orte
1026 2551 1129 2575 tamen
1148 2546 1310 2581 clrunimltis,
1333 2552 1364 2575 et
1380 2556 1468 2576 versu
1492 2557 1583 2587 supe-

928 2593 1004 2624 riore
1015 2596 1135 2624 darana!
1151 2594 1329 2634 legendum.
1354 2594 1473 2624 Hmrx‘s.
1495 2594 1583 2624 Nihil

929 2651 1024 2674 muto.
1048 2645 1177 2674 clamare
1191 2643 1273 2674 enim
1296 2650 1343 2674 est
1365 2643 1413 2674 hic
1430 2644 1514 2675 Deos
1537 2645 1582 2675 in-

928 2694 1061 2724 clamare
1076 2694 1115 2724 ob
1131 2693 1271 2724 temerati
1288 2693 1405 2723 foedera
1420 2693 1502 2724 lecti.
1518 2694 1583 2724 vid.

928 2744 1028 2785 ipsum
1044 2743 1152 2774 Heins.
1168 2743 1206 2774 ad
1223 2744 1346 2775 Petron.
1363 2743 1439 2774 lviii.
