1849 3198
265 232 320 274 18
651 234 701 276 P.
736 234 948 276 OVIDII
982 236 1261 279 NASONIS

264 346 372 395 Hoc
397 355 481 395 tua
505 356 618 412 post
641 349 778 397 illum
803 351 946 399 titulo
971 352 1192 415 signetur
1216 353 1404 416 imago:

330 423 426 471 Hic
452 432 542 482 est,
570 427 711 489 cujus
737 443 907 475 amans
932 429 1128 493 hospita
1151 437 1298 494 capta
1321 431 1433 477 dolo
1458 437 1548 478 est.

265 500 342 548 De
366 509 505 550 tanta
527 514 688 550 rerum
712 505 872 561 turba,
900 505 1142 569 factisque
1167 507 1401 571 parenti'S,

1585 509 1646 555 75

331 578 473 626 Sedit
496 580 544 626 in
571 580 766 642 ingenio
793 581 976 629 Cressa
999 583 1170 630 relicta
1192 591 1292 631 tuo.

262 654 408 709 Quod
432 657 589 703 solum
615 664 839 714 excusat,
866 660 1025 705 solum
1050 660 1238 707 miraris
1263 661 1312 707 in
1338 661 1435 707 illo.

328 732 579 781 Heredem
604 735 793 797 patriae,
821 735 1024 798 perfide,
1051 736 1234 784 fraudis
1260 738 1381 800 agis.

262 808 356 856 Illa
380 811 493 871 (nec
520 810 735 871 invideo)
760 811 934 859 fruitur
959 813 1159 861 meliore
1184 815 1388 872 marit03

328 885 488 949 Inque
513 887 791 951 capistratis
817 888 1024 951 tigribus
1050 891 1149 938 alta
1173 892 1328 939 sedet.

1583 895 1645 937 80

259 961 326 1010 At
349 980 460 1011 mea
482 965 705 1028 despecti
730 965 924 1028 fugiunt
947 969 1193 1016 connubia
1209 969 1444 1025 ThraceS‚

325 1040 470 1095 Quod
494 1040 620 1089 ferar
644 1050 904 1091 externum
928 1046 1256 1110 praeposuisse
1281 1047 1421 1095 meis.

301 1166 353 1196 72.
376 1166 501 1197 P'ulsala
528 1160 631 1209 Regia
647 1168 757 1209 Ditis]
783 1169 923 1201 Theseus

260 1214 300 1245 ad
310 1215 432 1251 inferos,
447 1222 481 1246 ut
496 1216 710 1258 Proserpinam
725 1224 855 1260 raperet,
865 1219 920 1250 de-

261 1264 392 1301 scendit,
412 1265 542 1296 Pirithoi
557 1266 648 1297 amici
662 1267 771 1308 gratia.
807 1268 922 1299 Cerbe-

262 1323 314 1342 rus
344 1312 515 1344 Pirithoum
541 1315 740 1357 consumpsit,
768 1316 923 1348 Theseum

263 1360 416 1392 Hereules
431 1362 584 1394 liberavit.
611 1364 732 1400 Dis,est
743 1363 921 1396 divitiarum

261 1417 293 1441 et
319 1410 483 1442 inferorum
499 1412 598 1449 Deus,
625 1419 657 1444 ut
682 1414 782 1445 Strab.
807 1414 921 1456 placet.

264 1458 358 1490 Idem.

300 1508 422 1550 Nigra]
450 1509 662 1542 Mentelianus
687 1511 764 1543 alter
787 1523 805 1543 a
825 1523 919 1544 manu

255 1557 353 1600 prima
376 1560 497 1598 pulsata
518 1562 580 1590 imi.
612 1572 673 1591 non
701 1561 792 1592 male.
817 1574 846 1593 v.
879 1563 919 1593 ad

254 1608 386 1639 RIetam.
404 1620 433 1640 x.
450 1610 504 1640 33.
521 1610 640 1641 HmNs.
668 1611 734 1641 Nos
762 1613 846 1653 nigri
869 1623 915 1643 re-

254 1656 410 1695 tinemus3
433 1657 575 1689 librarius
597 1658 715 1690 scilicet
735 1659 788 1690 ille
809 1660 914 1691 crede-

253 1706 308 1737 bat
322 1706 451 1748 primam
473 1707 506 1737 in
526 1710 609 1750 nigri
631 1709 871 1750 producendam.
884 1716 915 1741 et

255 1756 382 1786 memini
402 1756 477 1786 mihi
499 1768 633 1799 quoque,
655 1758 708 1799 qui
730 1759 861 1800 primam
881 1759 914 1790 in

254 1807 338 1847 nigri
359 1805 574 1848 corripueram,
600 1818 619 1838 a
646 1815 755 1839 nasuto
778 1808 912 1850 quodam

252 1865 377 1886 censore
397 1855 484 1886 litem
509 1862 625 1887 motam
645 1857 750 1894 fuisse,
772 1858 861 1899 quasi
880 1858 913 1889 in

250 1904 352 1945 legem
367 1904 496 1936 Pediam
517 1906 751 1938 commisissem.
768 1913 799 1938 at
823 1907 913 1939 aliter

252 1953 399 1985 Horatius
422 1955 569 1986 censebat
588 1957 618 1987 1.
639 1956 703 1987 Od.
717 1957 769 1988 32.
793 1957 832 1986 Et
848 1957 912 1997 Ly-

251 2014 319 2034 cum
334 2005 431 2045 nigris
454 2005 547 2035 oculis
564 2007 707 2047 nigroque
730 2008 813 2037 crine
828 2007 910 2037 deco-

250 2062 331 2083 rum.
344 2058 375 2083 et
390 2052 431 2083 iv.
446 2052 510 2084 Od.
527 2054 577 2084 12.
612 2054 670 2084 Cui
683 2066 772 2094 pecus
787 2061 815 2085 et
830 2057 912 2097 nigri

254 2102 341 2132 colles
350 2102 489 2133 Arcadius
502 2103 631 2141 placent.
642 2104 734 2145 Prop.
748 2103 789 2135 iv.
802 2103 842 2134 vi.
855 2105 908 2135 83.

253 2149 371 2186 Gaude,
385 2150 496 2186 Crasse,
508 2152 612 2192 nigras
622 2153 727 2191 siquid
740 2154 816 2191 sapis
830 2154 910 2182 inter

249 2209 367 2229 arenas.
385 2200 507 2240 nigrum
523 2205 627 2230 autem
647 2201 810 2231 Plutonem
826 2207 908 2232 recte

251 2245 324 2282 dici,
336 2257 396 2277 non
409 2258 484 2289 opus
500 2253 546 2278 est
560 2253 595 2278 ut
605 2248 710 2280 multis
722 2249 907 2281 adstruatur.

250 2296 367 2326 Bunivi.

294 2345 345 2375 76.
371 2344 472 2375 Cressa
486 2344 621 2384 relicta]
639 2344 703 2375 Alii
723 2356 828 2377 omnes
848 2359 906 2386 pu-

250 2394 322 2424 ella.
336 2404 390 2424 nos
406 2404 443 2424 ex
459 2394 553 2424 MSS.
569 2393 728 2425 codicibus
745 2395 846 2426 Cressa
860 2408 906 2427 re-

250 2443 322 2472 licta
344 2442 594 2481 emendavimus3
617 2443 649 2473 in
671 2454 732 2484 quo
764 2446 855 2476 verbo
875 2452 907 2477 et

249 2490 372 2531 gravius
398 2490 503 2528 πάθος
527 2502 593 2522 esse
618 2491 738 2523 videtur
758 2498 789 2523 et
810 2494 906 2526 acrior

250 2538 404 2579 Phyllidis
418 2541 585 2571 accusatio.
616 2540 799 2573 EoNA'rms.

292 2587 346 2617 77.
372 2587 456 2621 Quod
477 2589 570 2618 solum
593 2595 721 2625 excusat,
737 2591 827 2621 solum
849 2593 904 2621 mi-

247 2636 357 2676 raris]
376 2636 489 2668 Sensus
504 2643 567 2668 est:
592 2638 685 2674 Quod
707 2638 771 2676 ille,
787 2639 906 2671 scilicet

248 2689 336 2725 pater
363 2690 434 2716 tuus
462 2685 610 2721 Theseus,
639 2687 737 2718 solum
766 2694 903 2725 excusat,

248 2732 306 2763 hoc
322 2739 378 2769 est,
394 2732 425 2764 in
445 2745 477 2765 se
493 2735 647 2777 culpabile
663 2746 698 2766 ac
714 2736 903 2778 reprehensi—

247 2781 310 2812 bile
325 2783 474 2824 agnoscit,
490 2784 545 2823 (ea
566 2784 647 2815 enim
662 2796 808 2817 excusare
823 2787 901 2817 sole-

248 2840 316 2861 mus
340 2832 521 2864 necessitate
541 2838 594 2865 aut
618 2834 827 2872 translatione,
849 2841 903 2866 aut

989 1170 1082 1202 simili
1094 1171 1196 1213 aliquo
1211 1170 1340 1212 colore,)
1353 1171 1410 1203 hoc
1425 1176 1459 1203 tu
1474 1172 1572 1203 solum
1587 1172 1643 1203 rni-

989 1221 1081 1251 raris:
1106 1220 1137 1251 id
1152 1226 1209 1257 est,
1223 1231 1277 1262 pro
1295 1232 1326 1252 re
1345 1220 1469 1262 egregia
1482 1221 1580 1258 ducis,
1597 1228 1642 1252 at-

990 1273 1050 1304 que
1064 1263 1211 1305 praeclare
1225 1263 1342 1295 factum
1361 1264 1529 1300 existimas,
1545 1275 1643 1306 eoque

989 1318 1021 1343 et
1035 1312 1205 1344 imitatione
1221 1313 1349 1354 (lignum
1365 1313 1420 1344 tibi
1435 1320 1535 1356 putas.
1565 1315 1642 1345 MY-

989 1373 1116 1393 c1LLus.
1163 1362 1266 1393 Multo
1288 1361 1447 1401 rectius-in
1461 1363 1530 1394 aliis
1550 1365 1642 1394 solum

987 1414 1120 1443 miraris.
1146 1413 1325 1444 ClorANus.
1347 1413 1425 1444 Haec
1447 1424 1519 1444 vera
1538 1414 1642 1451 lectio,

987 1462 1044 1492 etsi
1059 1461 1129 1492 libri
1151 1468 1214 1492 tam
1236 1462 1317 1504 typis
1332 1473 1425 1503 quam
1446 1462 1566 1493 calamo
1586 1463 1640 1494 de-

985 1510 1090 1553 scripti
1103 1522 1334 1552 nonnumquam
1344 1512 1478 1542 turbant.
1494 1512 1580 1543 locus
1590 1512 1640 1544 hic

986 1569 1046 1590 non
1070 1560 1143 1590 satis
1163 1560 1350 1597 intellectus,
1373 1559 1449 1591 mire
1472 1561 1641 1593 illustratur

985 1608 1081 1638 altero
1096 1609 1154 1650 Ep.
1166 1608 1207 1639 vi.
1222 1610 1292 1639 139.

1026 1657 1224 1688 Lemniadum
1237 1657 1368 1699 facinus
1389 1658 1484 1698 culpo,
1503 1670 1561 1689 uon
1583 1661 1638 1690 mi-

1066 1717 1136 1744 7'07'5
1160 1706 1260 1743 Iason,

982 1754 1045 1786 Ubi
1061 1757 1097 1787 τὸ
1113 1757 1209 1796 culpo,
1221 1756 1383 1798 opponitur
1396 1756 1441 1787 illi
1457 1768 1567 1793 excuso,
1580 1756 1638 1788 hoc

980 1803 1035 1840 rei,
1058 1804 1137 1835 illud
1160 1805 1281 1836 actoris.
1306 1806 1419 1836 Sensus
1439 1811 1497 1836 est.
1514 1812 1547 1836 tu
1571 1807 1637 1838 De-

979 1853 1133 1895 mophoon
1148 1864 1186 1884 ea
1200 1859 1320 1884 tantum
1335 1854 1444 1885 laudas
1459 1861 1489 1885 et
1510 1855 1639 1886 imitaris

980 1901 1012 1932 in
1026 1910 1112 1944 patre
1128 1909 1191 1939 tuo,
1207 1913 1276 1945 quae
1291 1902 1355 1939 ille,
1370 1909 1475 1945 utpote
1496 1912 1636 1945 peccata,

980 1958 1118 1982 excusat.
1142 1952 1254 1982 Mirari
1276 1962 1329 1993 pro
1354 1951 1478 1989 imitari,
1500 1959 1534 1984 ut
1554 1954 1637 1996 apud

979 1999 1150 2037 Lucanum,
1166 2001 1209 2031 ix.
1224 2001 1299 2032 807.
1343 2001 1459 2031 BunM.

1023 2050 1073 2080 79.
1097 2050 1157 2080 Illa
1183 2050 1258 2090 (nee
1283 2050 1418 2089 invideo)
1425 2050 1553 2092 fruitur
1577 2062 1634 2082 me-

979 2099 1050 2129 liore
1064 2099 1200 2139 marim]
1219 2099 1312 2130 Hunc
1330 2099 1432 2130 locum
1454 2100 1637 2141 expressisse

978 2148 1099 2179 videtur
1120 2150 1238 2180 Seneca
1262 2149 1292 2179 in
1314 2149 1438 2191 OEdipo,
1453 2149 1507 2180 ubi
1528 2149 1573 2181 ita
1589 2157 1635 2181 est

976 2197 1015 2228 de
1027 2197 1153 2228 Baccho
1168 2204 1199 2228 et
1210 2197 1349 2228 Ariadna
1362 2197 1429 2239 ipsa
1442 2210 1448 2228 ε

1019 2246 1118 2277 Nasos
1132 2247 1232 2288 AEgtfo
1247 2248 1383 2277 redimita
1396 2253 1484 2287 ponto

1020 2295 1158 2326 Tradidit
1175 2297 1311 2326 thalamis
1326 2298 1471 2338 virginem
1486 2298 1621 2329 relictam

1017 2344 1143 2375 Meliore
1158 2356 1285 2385 pensans
1299 2347 1407 2376 damna
1421 2348 1541 2378 marito.

1468 2397 1610 2428 CIoFAN.

1017 2443 1069 2474 81.
1093 2444 1133 2474 At
1156 2445 1281 2483 despecti
1308 2444 1463 2486 Thraces]
1490 2445 1633 2489 Respicit

973 2491 1013 2522 ad
1027 2492 1106 2523 illud
1121 2493 1233 2534 virgil.
1247 2493 1290 2524 iv.
1303 2493 1432 2525 AEneid.

1016 2541 1066 2572 En
1085 2543 1157 2582 quid
1177 2544 1252 2585 ego?
1273 2554 1416 2574 rursusne
1428 2554 1528 2583 procos
1543 2545 1632 2575 irrisa

1054 2602 1168 2630 priores

1016 2640 1174 2680 Erperiar,
1193 2640 1416 2682 Nomadumque
1438 2648 1535 2681 petam
1561 2652 1628 2671 con—

1056 2691 1147 2720 nubia
1161 2691 1292 2729 supplex,

1016 2738 1094 2773 Quos
1117 2750 1168 2780 ego
1188 2751 1253 2770 sum
1274 2741 1357 2771 toties
1369 2740 1439 2780 jam
1463 2740 1625 2781 dedignata

1054 2789 1195 2819 maritos?
