1849 3198
235 175 322 216 462
627 174 678 214 Ρ.
713 173 928 215 OVIDII
962 172 1244 214 NASONIS

239 289 333 336 Illa
358 288 493 351 quod
518 295 596 335 est
618 288 773 350 virgo,
801 289 936 351 quod
962 288 1061 335 tela
1087 287 1352 350 Cupidinis
1377 287 1497 343 odit,

305 365 470 411 Multa
489 365 628 411 dedit
652 364 837 428 populo
861 365 1080 419 vulnera,
1107 364 1264 411 multa
1287 365 1442 411 dabit.

239 441 515 498 Hactenus,
543 442 675 488 unde
699 442 836 503 legas
863 443 998 504 quod
1024 458 1177 496 amas,
1206 441 1290 488 ubi
1310 441 1434 488 retia
1451 456 1626 504 ponas,

306 517 544 581 Praecipit
568 517 840 580 imparibus
865 525 1009 565 vecta
1033 518 1210 564 Thalia
1234 518 1369 564 rotis.

240 595 388 642 Nunc
407 594 514 649 tibi,
536 610 649 657 quae
670 594 874 657 placuit,
894 611 1019 657 quas
1036 595 1100 641 sit
1115 594 1358 658 capienda
1376 610 1465 657 per
1480 601 1626 648 arteS‚

307 671 487 718 Dicere
512 670 776 734 praecipuae
802 671 976 717 molior
1001 671 1118 718 artis
1145 687 1287 734 opus.
1533 673 1630 718 266

238 747 480 811 Quisquis
506 748 694 810 ubique
719 747 823 803 viri,
851 748 1038 794 dociles
1065 748 1305 794 advertite
1330 754 1552 802 mentes3

306 825 652 888 Pollicitisque
677 824 863 879 savem,
889 825 1083 886 vulgus,
1109 825 1279 871 adeste
1304 825 1445 871 meis,

239 901 410 949 Prima
433 910 530 949 tuae
556 903 709 949 menti
732 902 898 949 veniat
921 902 1118 957 fiducia,
1147 909 1353 949 cunctas

306 979 464 1026 Posse
489 981 624 1043 capi;
664 980 854 1043 capies:
895 987 949 1026 tu
973 980 1121 1026 modo
1147 980 1296 1027 tende
1316 980 1506 1043 plagas.
1534 983 1632 1026 ‘270

239 1056 368 1104 Vere
393 1057 528 1120 prius
554 1057 779 1104 volucres
804 1065 1020 1113 taceant,
1047 1064 1219 1104 aestate
1245 1057 1454 1113 cicadae3

307 1133 571 1180 Maenalius
597 1135 752 1198 lepori
778 1135 864 1182 det
889 1151 979 1181 sua
1002 1141 1143 1197 terga
1168 1134 1329 1182 canis:

243 1210 449 1258 Femina
474 1227 625 1273 quam
645 1212 832 1275 juveni,
861 1212 1044 1258 blande
1069 1217 1275 1266 tentata,
1303 1217 1564 1274 repugnet.

308 1286 433 1334 Haec
460 1304 678 1351 quoque,
707 1305 858 1351 quam
884 1288 1069 1351 poteris
1090 1288 1292 1334 credere
1314 1287 1460 1342 nolle,
1483 1287 1630 1334 volet.

243 1364 414 1427 thue
437 1365 540 1412 viro
564 1365 743 1412 furtiva
766 1365 953 1421 Venus,
982 1365 1052 1411 sic
1078 1371 1218 1427 grata
1242 1365 1435 1428 puellae.
1535 1367 1632 1410 275

306 1441 394 1487 Vir
420 1442 547 1489 male
572 1442 875 1490 dissimulat:
916 1443 1097 1489 tectius
1126 1442 1209 1488 illa
1233 1441 1387 1505 cupit.

241 1517 520 1566 Conveniat
544 1520 780 1575 maribus,
809 1537 869 1567 ne
896 1536 1047 1583 quain
1073 1536 1162 1566 nos
1189 1526 1302 1566 ante
1323 1535 1577 1581 rogemus3

311 1595 517 1642 Femina
535 1598 640 1659 jain
665 1604 831 1660 partes
857 1598 987 1644 victa
1012 1596 1229 1658 rogantis
1255 1603 1386 1658 agat.

243 1671 483 1719 Mollibus
510 1673 559 1720 in
584 1674 738 1737 pratis
766 1674 990 1736 admugit
1014 1673 1198 1720 femina
1221 1680 1385 1720 tauro:

310 1748 516 1797 Femina
540 1751 792 1814 cornipedi
819 1766 1015 1814 semper
1040 1750 1266 1797 adhinnit
1290 1766 1438 1812 equo.
1537 1752 1634 1795 280

974 1881 1148 1912 Vaticanus
1176 1892 1268 1912 unus.
1301 1881 1473 1911 Hffixsu's.
1508 1880 1636 1910 Tentata

973 1936 1112 1972 przestat,
1136 1936 1167 1960 et
1191 1929 1354 1960 blanditiis
1382 1929 1493 1959 melius
1519 1938 1633 1958 conve-

285 1881 358 1910 264.
389 1880 557 1920 Impar-ibus
592 1882 696 1922 rotis]
752 1881 906 1924 Inaequali

242 1929 452 1960 modulatione
479 1931 661 1961 Hexametri
686 1938 717 1962 et
740 1932 905 1963 Pentame-

245 1983 294 2007 tri.

286 2027 362 2057 267.
382 2028 521 2068 Quisquis
543 2030 648 2069 ubique
673 2030 760 2070 viri]
810 2030 906 2060 Vide-

242 2081 291 2106 tur
315 2076 493 2116 legendum,
521 2076 670 2116 Quotquot
697 2079 805 2118 ubique
835 2080 904 2114 viri,

243 2123 304 2159 vel,
323 2124 473 2164 Quicquid
487 2126 590 2164 :rbique
605 2126 715 2156 rii-iim.
732 2126 904 2157 HfflNsIcs.

243 2173 333 2202 Nihil
359 2182 455 2203 muta.
478 2173 592 2215 passim
614 2175 697 2205 enim
721 2178 859 2216 quisquis,
875 2183 906 2207 et

242 2224 372 2262 quisque,
410 2233 481 2253 cum
517 2223 632 2264 plurali
667 2225 906 2266 conjunguntur.

245 2271 364 2301 Eunu.

288 2321 406 2350 Dociles
431 2323 578 2351 advertite
605 2322 742 2362 mentes]
792 2322 908 2354 Faciles

244 2369 380 2410 antiquae
398 2369 563 2406 editiones,
578 2381 676 2411 usque
693 2371 732 2401 ad
748 2371 908 2408 Aldinarn,

243 2423 276 2451 ct
302 2418 345 2448 ita
371 2428 451 2449 unus
478 2418 610 2455 Heinsii‚
635 2420 745 2450 eadem
774 2420 909 2452 varietas

245 2477 327 2508 supr.
343 2466 363 2497 i.
380 2467 487 2498 Amor.
508 2467 572 2498 xiv.
602 2469 650 2500 13.
698 2469 814 2500 Faciles
837 2477 908 2501 sunt

246 2516 393 2548 credulae.
439 2517 556 2547 Brun.

290 2566 364 2598 269.
384 2566 625 2606 Veniat-fiducia,
641 2569 792 2609 cunctas]
812 2569 906 2609 Lego,

236 2614 342 2658 somni
365 2626 444 2654 posse
469 2618 555 2654 capi,·
587 2616 710 2657 puellas
735 2624 788 2648 tua
812 2618 909 2648 forma

247 2663 435 2705 t'apiposse.
483 2665 599 2695 mes.

290 2713 364 2743 273.
397 2713 534 2748 Tentata,
569 2715 739 2756 repugnet]
783 2717 907 2754 Caplala

974 1979 1032 2009 nit.
1080 1979 1143 2010 Ubi
1174 1978 1326 2009 videndus
1355 1978 1552 2013 Gebhardus,
1581 1977 1634 2018 qui

975 2029 1065 2060 docet
1080 2028 1190 2059 eodem
1210 2039 1301 2059 sensu
1325 2027 1445 2058 Graecis
1468 2027 1583 2069 πειρᾷν
1606 2033 1638 2058 et

976 2077 1149 2119 πειράζειν.
1174 2084 1275 2117 captat
1298 2078 1429 2116 puellum
1454 2077 1507 2118 qui
1533 2077 1637 2107 obser-

975 2132 1038 2162 vat,
1055 2125 1217 2156 insidiatur
1231 2126 1298 2167 ejus
1312 2125 1483 2166 pudicitiae.
1516 2125 1635 2160 Tentat,

974 2175 1026 2216 qui
1053 2175 1091 2205 de
1120 2182 1225 2217 stupro
1251 2175 1398 2205 sollicitat
1425 2181 1456 2204 et
1485 2175 1634 2216 appellat.

974 2224 1093 2254 Burin.

1017 2274 1093 2303 275.
1120 2273 1248 2303 Furtim
1269 2272 1396 2312 Venus]
1427 2273 1534 2304 Tibul.
1559 2273 1579 2304 i.
1602 2274 1635 2304 9.

978 2321 1058 2352 Nota
1080 2322 1306 2363 Vemzsfurtiva
1323 2323 1408 2352 mihi.

1019 2372 1093 2401 276.
1112 2371 1228 2401 Tectius
1252 2372 1306 2401 illa
1329 2371 1440 2411 cupii]
1475 2371 1637 2402 Sententia

976 2425 1023 2450 est
1038 2421 1076 2450 ab
1093 2419 1240 2461 Euripide
1255 2426 1393 2461 accepta,
1411 2419 1464 2461 qui
1486 2420 1637 2451 Androm.

976 2480 1004 2499 v.
1021 2470 1099 2500 219.

1019 2518 1163 2559 Αἰσχρὸν
1178 2520 1212 2560 γὲ
1227 2520 1280 2550 καὶ
1296 2530 1343 2549 τοι
1358 2517 1472 2560 χείρον’
1489 2517 1636 2559 ἀρσένων

1060 2567 1163 2598 νόσον

1019 2615 1155 2654 Ταύτην
1175 2618 1345 2657 νομοῦμεν,
1360 2616 1448 2647 ἀλλὰ
1470 2616 1633 2657 'ammian-11-

1066 2677 1124 2704 μὲν
1140 2666 1259 2701 καλῶς.
1293 2667 1295 2671 “
1478 2665 1592 2696 Buuu.
