1849 3198
235 179 319 221 288

638 178 686 217 P.
722 177 935 219 OVIDII
970 178 1249 220 NASONIS

239 294 453 341 Sustulit
478 294 568 340 hoc
597 294 780 349 nutrix,
809 294 1103 357 mirataque,
1133 294 1359 356 Perlege,
1388 295 1530 343 dixit.

305 371 518 418 Insidias
542 371 656 432 legi,
684 387 863 433 magne
888 372 1051 434 po'eta,
1078 378 1207 418 tuas.

1535 375 1627 418 llO

238 448 452 495 Nomine
477 447 694 510 conjugii
719 448 870 503 dicto,
899 448 1104 495 confusa
1128 448 1317 512 pudore

306 525 450 571 Sensi
476 541 556 572 me
582 525 698 571 totis
724 525 982 572 erubuisse
1009 525 1178 587 genis:

238 601 549 664 Luminaque
575 601 624 647 in
649 601 853 663 gremio,
879 601 1031 648 veluti
1056 601 1236 657 defixa,
1262 602 1522 657 tenebam;

304 678 514 724 Lumina
538 678 777 740 propositi
803 677 934 724 facta
958 678 1183 725 ministra
1205 678 1294 725 tui.

1535 681 1624 724 114

237 756 488 819 Improbe,
517 755 638 817 quid
663 755 886 816 gaudes?
924 763 1010 802 aut
1034 772 1146 818 quae
1170 755 1261 802 tibi
1299 756 1453 817 gloria
1484 762 1626 818 parta

302 832 498 886 Quidve
524 833 594 878 vir
617 832 757 879 elusa
783 832 972 894 virgine
997 832 1157 879 laudis
1184 831 1368 878 habes?

1496 832 1624 893 [est?

236 909 350 956 Non
375 925 468 971 ego
493 908 813 955 constiteram
839 909 1002 956 sumta
1027 909 1216 972 peltata
1240 909 1428 961 securi;

303 985 477 1040 Qualis
503 984 551 1032 in
579 984 731 1032 Iliaco
758 985 1078 1032 Penthesilea
1102 985 1222 1032 solo.

234 1061 415 1108 Nullus
445 1061 714 1108 Amazonio
740 1062 943 1109 caelatus
968 1063 1162 1109 balteus
1188 1078 1322 1117 auro,

300 1139 441 1186 Sicut
466 1140 528 1186 ab
555 1138 848 1203 Hippolyte,
874 1140 1045 1203 praeda
1069 1140 1224 1187 relata
1248 1139 1337 1186 tibi
1363 1145 1454 1186 est.

1529 1142 1620 1185 120

232 1216 412 1271 Verba,
441 1216 561 1278 quid
588 1216 826 1272 exsultas,
853 1223 940 1263 tua
964 1217 1003 1263 si
1031 1217 1149 1263 mihi
1175 1217 1325 1264 verba
1348 1216 1618 1272 dederunt;

300 1293 525 1356 Sumque
550 1309 725 1357 parum
752 1293 969 1357 prudens
996 1301 1145 1357 capta
1168 1294 1335 1357 puella
1359 1293 1520 1340 dolis?

233 1369 503 1433 Cydippen
527 1387 745 1434 pomum,
775 1387 977 1434 pomum
1006 1371 1306 1418 Schoeneida
1330 1369 1478 1434 cepit.

295 1446 371 1492 Tu
397 1463 528 1494 nunc
556 1446 916 1511 Hippomenes,
945 1449 1153 1504 scilicet,
1181 1449 1305 1495 alter
1329 1448 1442 1495 eris.

229 1524 297 1570 At
321 1523 480 1571 fuerat
504 1524 696 1581 melius,
719 1526 782 1587 (si
807 1533 857 1573 te
882 1542 1005 1588 puer
1030 1526 1124 1573 iste
1148 1526 1369 1581 tenebat,

1527 1527 1617 1570 125

296 1600 458 1654 Quem
483 1608 536 1647 tu
562 1601 729 1648 nescio
755 1618 880 1664 quas
907 1602 1031 1648 dicis
1057 1603 1243 1649 habere
1270 1601 1447 1662 faces,)

229 1676 371 1723 More
397 1677 538 1723 bonis
565 1678 709 1724 solito
736 1694 874 1741 spem
901 1694 999 1725 non
1025 1694 1340 1742 corrumpere
1364 1677 1552 1725 fraude.

295 1754 563 1801 Exoranda
587 1756 692 1812 tibi,
722 1772 817 1802 non
844 1756 1087 1819 capienda
1112 1756 1197 1802 fui.

228 1832 347 1886 Cur,
375 1837 453 1878 me
479 1847 593 1878 cum
619 1839 831 1895 peteres,
861 1848 919 1879 ea
944 1849 1040 1879 non
1066 1832 1343 1896 profitenda
1368 1833 1596 1895 putabas,

294 1907 506 1971 Propter
533 1924 643 1970 quae
670 1909 812 1955 nobis
839 1909 946 1972 ipse
972 1909 1217 1972 petendus
1244 1910 1382 1956 eras?

223 2134 309 2165 velut
324 2145 416 2176 supra
432 2134 538 2165 videre
559 2141 606 2166 est
620 2136 651 2166 in
666 2147 771 2167 eorum
793 2147 883 2178 argu-

222 2182 345 2213 mentis.
390 2184 517 2214 M1cx-1„

269 2232 339 2261 117.
355 2231 494 2272 Secura]
512 2232 616 2262 Securi
632 2239 761 2264 veteres.
777 2234 881 2264 Hm*

222 2291 304 2310 sws.
354 2280 551 2310 constiteram
567 2291 638 2311 vero
662 2282 831 2323 eleganter,
848 2290 882 2313 ut

220 2328 311 2359 miles
325 2334 451 2370 paratus
477 2329 516 2359 ad
539 2340 676 2370 pugnam
696 2332 818 2372 proprie
835 2333 881 2363 diu

221 2378 313 2408 citur.
328 2377 390 2407 vid.
404 2378 443 2407 ad
459 2377 596 2408 Petronii
607 2389 677 2420 cap.
693 2378 759 2410 xix.
772 2381 879 2412 Valer.

222 2427 327 2457 Flacc.
343 2426 407 2457 viii.
427 2428 497 2457 133.
543 2428 645 2467 Rapta
666 2431 760 2459 victor
774 2433 882 2461 consis-

221 2478 257 2506 tit
273 2477 305 2506 in
321 2477 418 2506 hasta.
444 2476 560 2506 Bmm.

267 2526 340 2555 121.
373 2524 405 2554 Si
433 2526 522 2555 verba
553 2532 606 2555 ιιια
636 2527 784 2556 dederunt
810 2528 883 2557 milei

218 2573 336 2614 verbm]
365 2573 500 2603 Schema
525 2580 582 2609 est,
609 2573 803 2606 ἀντίστασιν
827 2586 881 2605 νο-

218 2628 303 2658 eant,
320 2632 390 2653 cum
415 2621 497 2652 idem
526 2633 637 2653 nomen
660 2623 810 2663 repetitur
835 2623 882 2654 di-

217 2682 305 2702 versa
343 2670 581 2711 significatione.
650 2672 754 2702 Priore
799 2673 881 2703 enim

218 2721 296 2756 loco,
319 2720 410 2749 Verba
427 2719 547 2761 proprie
569 2726 747 2751 sumuntur:
774 2721 879 2755 altero,

1525 1912 1616 1956 130

953 2148 1007 2178 pro
1023 2137 1221 2178 deceptione.
1245 2137 1436 2167 MrchLvs.
1467 2136 1617 2168 Putidum

954 2186 1010 2217 hoc
1026 2192 1057 2217 et
1071 2186 1198 2217 minime
1214 2187 1245 2216 N
1248 2185 1442 2216 asonianum.

999 2236 1071 2265 123.
1091 2235 1214 2265 Pontum
1226 2235 1513 2275 Schaene'idacepitfl
1531 2235 1613 2266 Vide

950 2283 1007 2314 lib.
1035 2295 1067 2314 x.
1096 2283 1310 2325 Metamorph.
1336 2290 1367 2313 et
1391 2283 1615 2325 Apollodorum

951 2332 1007 2363 lib.
1025 2332 1070 2362 iii.
1089 2331 1307 2363 Bibliothecae.
1331 2332 1425 2363 Cior.

995 2381 1120 2411 Pomum
1145 2381 1322 2411 Schn’ne'ida
1348 2382 1454 2422 cepit]
1481 2381 1613 2412 Atalan-

951 2435 1014 2460 tam
1030 2429 1176 2459 Schoenei
1192 2429 1287 2460 filiam
1301 2441 1306 2458 :
1333 2440 1403 2470 quae
1420 2440 1491 2461 cum
1506 2441 1614 2472 procos

952 2489 1023 2509 suos
1044 2478 1213 2509 certamine
1239 2489 1346 2509 cursus
1366 2485 1559 2520 provocaret,
1575 2481 1615 2511 ab

952 2528 1149 2569 Hippomene
1172 2527 1256 2558 victa
1281 2534 1338 2564 est,
1361 2529 1485 2570 objectu
1508 2539 1613 2570 pomo-

951 2587 1017 2607 rum
1035 2587 1208 2612 aureorum‚
1224 2588 1293 2618 qua:
1311 2588 1328 2608 a
1344 2578 1466 2608 Venere
1482 2588 1613 2620 accepe-

951 2631 1014 2656 rat:
1045 2632 1079 2656 ut
1105 2625 1187 2656 idem
1212 2628 1305 2668 poeta
1337 2627 1367 2656 in
1399 2627 1610 2668 Metamorph.

951 2674 1006 2705 lib.
1028 2676 1077 2705 10.
1095 2675 1200 2705 tradit.
1291 2672 1293 2678 '
