1849 3198
247 215 306 257 42
633 210 685 254 P.
717 211 931 254 OVIDII
963 211 1244 255 NASONIS

252 330 385 386 Quid
403 330 544 393 juvat
566 328 795 376 incinctae
820 328 985 376 studia
1007 344 1242 377 exercere
1268 328 1470 386 Dianae3

318 407 386 454 Et
407 406 590 454 Veneri
615 421 844 454 numeros
870 406 1111 470 eripuisse
1135 406 1285 453 suos?

253 483 400 540 Quod
425 490 561 531 caret
585 483 774 532 alterna
796 484 984 548 requie,
1012 484 1239 532 durabile
1262 500 1361 531 non
1384 489 1490 531 est:

320 560 443 608 Haec
468 567 665 625 reparat
686 561 832 614 vires,
857 560 1090 625 fessaque
1113 562 1338 609 membra
1359 567 1522 608 novat.
1573 562 1637 607 90

252 693 444 737 praecesserit
449 694 515 736 jam
524 704 616 725 versu
626 693 766 736 proximo
776 695 913 730 durities,

251 743 360 774 odiosa
381 743 507 774 omnino
531 741 672 785 ejusdem
695 743 779 773 vocis
802 742 843 774 sit
865 754 912 773 re-

251 791 356 835 pititio
371 798 404 823 et
417 792 552 835 ingrata.
576 791 719 834 Epistola
733 791 913 823 Hermionae

253 841 320 873 viii.
335 842 390 873 51.

296 892 429 922 Materia
443 892 545 922 vellem
550 891 647 934 fortis
665 891 782 922 meliore
788 890 913 932 fuisses.

793 940 913 971 Hizlxs.

253 990 356 1021 Locus
375 989 427 1020 hic
449 989 617 1025 obscurior,
635 994 666 1019 et
682 987 836 1030 quidquid
860 989 915 1020 ad-

253 1039 354 1070 ferant
368 1039 563 1081 interpretes,
579 1049 642 1069 non
657 1037 803 1074 efficient,
818 1043 853 1069 ut
865 1050 915 1078 pe-

253 1091 315 1119 rire
329 1090 457 1128 alicajus
478 1090 613 1124 materia,
628 1088 678 1124 sit,
694 1098 804 1118 caussa
818 1088 915 1119 alicu-

250 1138 315 1179 jus.
355 1137 497 1167 Materies
511 1136 644 1167 hominis
668 1147 740 1167 vero
756 1137 916 1177 eleganter

255 1185 380 1222 dicitur,
388 1185 520 1221 indoles,
533 1191 563 1216 et
573 1185 733 1227 ingenium
745 1185 822 1227 ejus,
833 1185 915 1216 unde

256 1233 370 1265 effecta
381 1234 558 1265 infuturum
571 1228 771 1276 provi'demus
781 1235 831 1264 vel
847 1245 916 1276 spe-

255 1294 372 1314 ramus,
396 1282 439 1313 sic
456 1282 560 1314 Cicer.
576 1282 623 1313 iii.
636 1282 762 1313 Verrin.
774 1283 827 1314 68.
856 1283 918 1315 Fac

254 1333 437 1375 enimfuz'sse
452 1334 483 1363 in
499 1334 562 1369 illo,
579 1338 633 1363 aut
648 1332 683 1362 C.
696 1332 783 1362 Laelii
797 1339 851 1363 aut
868 1334 916 1364 M.

259 1382 379 1412 Catonis
393 1383 544 1412 materiem
563 1388 652 1422 atque
670 1382 807 1418 indolem,
822 1381 855 1412 id
871 1388 919 1413 est

257 1431 318 1462 vim
343 1431 441 1467 illam,
459 1442 540 1473 quae,
563 1431 588 1461 si
610 1431 781 1467 excolatur,
802 1432 918 1462 Caton-

258 1492 307 1512 em
326 1481 465 1512 referret.
489 1480 533 1511 sic
557 1480 596 1510 de
615 1480 722 1511 Servio
745 1481 849 1511 Tullio
867 1481 918 1511 Li-

257 1530 326 1560 vius
340 1530 396 1560 lib.
413 1530 436 1560 i.
447 1531 502 1561 39.
527 1530 686 1559 Materiem
702 1531 831 1571 ingentis
840 1532 915 1569 pab-

257 1582 312 1610 lice
324 1582 521 1620 privatimque
536 1580 646 1610 decoris
664 1581 741 1609 smmi
758 1580 915 1621 indulgen-

257 1637 301 1665 tia
315 1642 415 1666 nostra
430 1636 610 1669 nutriamus,
625 1633 657 1663 id
674 1638 721 1663 est
731 1633 867 1664 indolem
880 1633 919 1663 il-

256 1685 330 1721 lam,
344 1696 382 1715 ex
398 1695 461 1726 qua
475 1694 562 1725 spem
578 1683 698 1714 decoris
713 1682 918 1724 concipimuS.

260 1733 352 1764 Idem
377 1732 488 1764 eodem
506 1732 562 1763 lib.
577 1743 647 1774 cap.
661 1732 714 1762 46.
746 1733 922 1773 Augebatur

249 1783 341 1826 sev-01·
358 1783 472 1818 Tullia,
482 1784 559 1812 nihil
570 1784 699 1812 materia³
712 1783 741 1811 in
755 1783 816 1812 viro
831 1793 923 1823 neque

258 1835 298 1864 ad
313 1834 518 1872 cupiditatem,
534 1843 624 1872 neque
639 1833 844 1862 acl-andaciam
855 1843 921 1868 esse,

258 1881 291 1911 id
307 1886 364 1917 est,
382 1891 448 1912 esse
464 1880 623 1921 ignavum,
640 1879 717 1910 nihil
738 1879 770 1910 in
785 1880 839 1910 illo
855 1891 922 1912 esse

259 1929 343 1972 quod
358 1930 470 1960 mulier
485 1929 656 1960 accendere
672 1934 790 1970 posset.
804 1940 841 1959 ex
857 1940 922 1960 oin-

259 1980 290 2009 ni
307 1979 403 2020 ligno,
420 1979 484 2009 sive
508 1978 649 2013 materia,
666 1989 728 2008 non
743 1978 777 2008 fit
794 1979 922 2010 Mercu-

259 2029 333 2063 rius,
349 2034 384 2059 ut
407 2033 491 2058 recte
516 2027 660 2058 Graevius
675 2027 742 2058 haec
765 2027 860 2068 capit,
884 2027 923 2058 ad

260 2078 292 2108 d.
311 2078 333 2107 l.
349 2077 523 2108 Ciceronis.
550 2076 575 2107 si
591 2088 664 2118 ergo
687 2087 723 2107 eo
748 2076 924 2117 significatu

260 2126 430 2167 capiamus
447 2136 557 2156 sensus
573 2125 668 2155 debet
685 2136 763 2161 esse,
780 2136 840 2156 non
856 2136 924 2156 sum

261 2186 318 2216 ego
334 2175 439 2216 digna,
456 2185 525 2215 quae
549 2185 674 2216 peream
690 2185 745 2215 per
766 2180 851 2205 tuam
868 2175 923 2206 du-

261 2223 375 2259 ritiem,
402 2223 426 2253 si
456 2223 488 2253 in
513 2234 552 2254 ea
574 2223 823 2265 perstabis-,sed
847 2235 924 2265 quo-

261 2272 353 2303 modo
391 2277 465 2303 tunc
502 2272 678 2303 cohaereant
718 2283 823 2303 versus
864 2285 925 2304 non

260 2321 366 2351 video.
383 2326 559 2352 tentaverat
579 2320 664 2362 prius
683 2321 820 2352 animum
833 2322 924 2363 juve-

262 2369 321 2405 nis,
334 2370 483 2411 jactando
496 2369 655 2411 pudicitiae
672 2376 802 2402 servatae
816 2371 923 2407 decus,

262 2418 377 2449 deinde
402 2418 607 2450 similitudine
626 2419 798 2451 studiorum
815 2426 846 2451 et
872 2432 924 2451 ve-

261 2468 367 2504 nandi,
393 2468 492 2499 adhoc
509 2468 612 2500 fatalis
634 2469 711 2500 forte
735 2469 846 2501 amoris
869 2481 926 2502 suo

261 2516 368 2557 generi
392 2517 532 2548 attributi
559 2523 725 2559 praetextu.
753 2518 867 2550 deinde
891 2529 924 2549 se

261 2564 495 2607 pulchritudine
506 2566 682 2607 Hippolyti,
694 2578 764 2598 cum
778 2567 925 2599 Eleusine

262 2619 445 2650 versaretur,
462 2614 594 2656 primum
609 2620 733 2656 captam
748 2615 840 2647 fuisse
856 2627 923 2647 nar-

261 2668 394 2699 raverat,
407 2674 488 2716 nugo
504 2668 649 2705 precatur
661 2670 696 2695 ut
709 2664 853 2696 duritiem
871 2665 925 2696 de-

262 2717 369 2752 ponat,
385 2711 460 2753 quia
479 2722 540 2743 non
561 2718 628 2744 crat
643 2713 738 2754 digna
757 2714 855 2755 perire
872 2725 926 2755 per

263 2760 400 2793 indolem
415 2762 495 2804 ejus.
512 2762 579 2793 hoec
599 2773 661 2794 non
681 2763 848 2795 cohaerent.
869 2763 925 2794 im-

979 705 1030 725 mo
1058 693 1172 725 addere
1191 693 1338 730 debebat,
1354 704 1386 724 se
1410 692 1537 734 dignam
1560 703 1639 728 esse,

981 748 1016 774 ut
1038 742 1184 774 duritiem
1207 742 1239 773 in
1262 743 1329 784 ejus
1344 742 1475 784 gratiam
1499 747 1640 778 exueret,

982 798 1014 823 et
1034 798 1143 823 mutuo
1169 803 1272 823 amore
1296 802 1365 823 eam
1388 792 1640 834 amplecteretur.

982 852 1078 883 quare
1094 841 1252 882 legerem:

1026 891 1105 921 Nam
1119 902 1182 921 snm
1196 891 1321 920 materia
1335 890 1430 931 digna
1440 891 1539 930 perire
1554 895 1620 920 tna.

984 939 1089 970 Perire
1103 939 1153 970 hic
1170 944 1217 970 est
1239 938 1372 969 amando
1391 937 1503 980 perire,
1519 942 1555 968 ut
1576 937 1643 968 Ho-

982 989 1089 1026 ratius,
1113 988 1264 1030 Virgilius
1287 993 1319 1018 et
1340 987 1394 1018 alii
1418 987 1505 1029 loqui
1527 992 1643 1023 amant,

983 1038 1023 1069 de
1039 1049 1100 1080 quo
1115 1038 1256 1080 pluribus
1274 1036 1314 1068 ad
1329 1036 1460 1074 Quinct.
1477 1036 1572 1067 Decl.
1589 1047 1643 1068 xv.

984 1089 1016 1119 8.
1030 1088 1162 1130 egimus.
1177 1088 1321 1130 deposita
1332 1098 1404 1129 ergo
1415 1093 1504 1128 rogat
1519 1086 1644 1123 duritia,

983 1143 1018 1168 ut
1041 1149 1074 1168 se
1099 1143 1193 1175 amet,
1216 1144 1248 1169 et
1272 1137 1404 1168 amando
1425 1135 1547 1179 perdat,
1572 1148 1646 1168 nam

984 1186 1079 1228 digna
1099 1194 1164 1218 erat
1190 1188 1222 1218 in
1245 1197 1339 1229 quam
1362 1185 1523 1216 materiem
1547 1185 1647 1222 illam,

984 1248 1045 1267 non
1070 1236 1109 1267 ad
1132 1242 1290 1272 venatum,
1314 1235 1370 1267 sed
1392 1234 1432 1266 ad
1456 1245 1592 1266 amorem
1615 1241 1647 1266 et

984 1285 1158 1322 libidinem,
1183 1286 1245 1316 huc
1269 1295 1370 1326 usque
1392 1295 1520 1326 segnem
1544 1289 1575 1314 et
1598 1283 1645 1315 in-

985 1341 1094 1372 ertem,
1116 1346 1199 1366 nunc
1227 1340 1350 1366 exserat
1378 1339 1410 1365 et
1438 1339 1593 1368 exerceat,
1616 1338 1648 1364 et

981 1384 1115 1426 juvenili
1129 1384 1237 1415 ardore
1252 1383 1297 1414 ita
1309 1394 1378 1414 eam
1394 1382 1647 1424 amplecteretur,

986 1440 1021 1465 ut
1043 1434 1170 1476 periret.
1186 1434 1254 1464 haec
1277 1444 1349 1464 mea
1367 1432 1406 1463 de
1430 1432 1647 1463 obscurissimo

986 1483 1054 1514 loco
1069 1483 1237 1514 sententia.
1260 1482 1285 1513 si
1301 1482 1370 1523 quis
1384 1481 1514 1512 meliora
1528 1481 1649 1518 offerat,

986 1533 1098 1564 lubens
1114 1532 1275 1563 accedam.
1322 1532 1440 1562 Bunm.

1020 1583 1073 1612 87.
1092 1581 1265 1621 lucinam]
1280 1581 1319 1611 Id
1331 1587 1378 1611 est
1392 1579 1570 1616 succinctae,
1582 1578 1648 1610 vid.

986 1631 1026 1662 ad
1042 1643 1073 1661 x.
1090 1632 1225 1662 Metam.
1239 1631 1315 1662 536.

1030 1682 1083 1712 88.
1110 1680 1285 1720 Numeros]
1312 1680 1525 1710 Bersmannus
1553 1678 1649 1709 inter-

987 1736 1127 1773 pretatur
1144 1733 1236 1769 jura.
1267 1729 1321 1760 alii
1349 1728 1463 1770 gradus
1493 1738 1652 1767 amorum;

989 1780 1044 1810 sed
1067 1779 1225 1821 proprium
1244 1779 1278 1809 in
1300 1789 1332 1809 re
1356 1779 1523 1815 Venerea3
1547 1783 1652 1819 partes

989 1828 1106 1860 Veneri
1122 1828 1250 1859 debitae.
1262 1833 1298 1858 ut
1312 1827 1359 1858 iii.
1374 1827 1450 1857 Am.
1464 1827 1496 1857 7.

1026 1879 1077 1908 Me
1093 1880 1210 1908 memini
1219 1889 1353 1908 mimeros
1361 1878 1531 1907 sustinuisse
1540 1887 1651 1907 wionem.

990 1929 1031 1958 Et
1048 1928 1092 1958 sic
1115 1927 1147 1958 in
1170 1927 1250 1963 aliis,
1274 1933 1308 1958 ut
1330 1928 1447 1957 *numeri
1474 1926 1652 1956 Palastrici.

991 1977 1121 2015 Quinct.
1145 1977 1201 2007 xii.
1221 1978 1254 2007 2.
1271 1983 1302 2008 et
1323 1976 1356 2007 in
1376 1986 1565 2017 unaquaque
1587 1981 1653 2005 arte

992 2033 1023 2058 et
1054 2026 1231 2068 disciplina,
1264 2037 1334 2068 quae
1364 2027 1495 2056 numeris
1524 2026 1655 2055 omnibus

993 2076 1065 2107 inde
1088 2076 1223 2118 perfecit(
1239 2075 1395 2110 dicuntur,
1416 2074 1441 2105 si
1465 2074 1542 2104 nihil
1558 2073 1652 2104 desit.

993 2127 1112 2156 Buum.

1034 2177 1089 2206 90.
1117 2174 1257 2214 Fessaque
1274 2175 1399 2204 membra
1420 2172 1527 2212 levam]
1557 2172 1654 2202 Norat

992 2224 1128 2266 potiores
1148 2223 1267 2265 scripti.
1290 2228 1322 2253 et
1337 2228 1432 2258 recte,
1449 2232 1503 2263 pro
1519 2228 1653 2252 *renovab

992 2274 1036 2304 sie
1052 2273 1084 2303 in
1100 2272 1201 2303 Fastis
1216 2272 1273 2302 lib.
1287 2272 1309 2302 i.
1323 2273 1397 2302 622.

1036 2322 1175 2363 Ingratos
1191 2322 1277 2351 nulla
1290 2322 1372 2360 prole
1388 2331 1495 2351 novare
1511 2321 1597 2355 virus,

993 2370 1074 2413 quod
1091 2371 1122 2401 in
1139 2370 1244 2401 liberis
1267 2375 1369 2411 patres
1385 2369 1503 2400 renasci
1528 2368 1654 2400 videan-

993 2426 1053 2452 tur.
1079 2420 1129 2451 Sic
1159 2431 1266 2450 novare
1290 2431 1409 2460 gregorii
1435 2418 1515 2448 dixit
1537 2418 1656 2449 Statius

991 2470 1092 2500 Theb.
1107 2480 1137 2499 x.
1150 2469 1226 2499 223.
1239 2474 1271 2499 et
1283 2479 1390 2498 novare
1402 2470 1527 2509 pignora
1545 2467 1655 2498 eodem

992 2519 1081 2554 libro,
1098 2519 1173 2549 791.

1036 2568 1105 2599 Non.
1130 2580 1181 2609 ego
1206 2566 1393 2609 monsstifcro
1417 2568 1497 2597 coita
1525 2566 1657 2596 revalata

1078 2627 1181 2647 ηοιίιιί

1039 2666 1183 2705 Pignora,
1200 2676 1250 2695 nec
1268 2658 1335 2694 mito
1351 2665 1448 2703 peperi
1459 2661 1587 2704 suumin
1604 2673 1653 2692 ne-

1078 2720 1167 2754 pales.

997 2763 1098 2804 Vulgo
1128 2762 1194 2794 sinc
1223 2772 1315 2793 seusu
1350 2761 1511 2802 legebatur
1541 2762 1653 2792 autari.
