1849 3198
211 169 296 211 398

605 168 655 208 Ρ.
690 166 904 207 OVIDII
938 165 1219 208 NASONIS

217 284 386 331 Prima
410 291 508 330 tuae
534 282 661 329 movi
688 281 852 329 felicia
877 281 1067 329 semina
1091 282 1287 328 mentis.

284 361 470 407 Munus
496 359 662 414 habet,
690 359 823 422 quod
849 366 898 406 te
917 360 1022 421 jam
1049 360 1190 422 petit,
1218 359 1313 405 ista
1336 374 1516 405 meum.
1543 362 1606 406 (30

218 438 510 493 Desierant3
551 436 708 499 coepi:
750 436 848 483 Per
872 452 958 482 vos
985 442 1247 498 utramque
1274 451 1521 497 rogamus,

285 514 343 561 In
368 529 549 560 vacuas
575 529 717 560 aures
742 513 892 559 verba
916 512 1135 559 timentis
1162 519 1293 559 eant.

217 592 388 638 Altera
411 607 491 637 me
517 598 715 654 sceptro
740 591 963 645 decoras,
992 590 1193 653 altoque
1217 590 1475 636 cothurno.

285 669 337 732 (J
343 685 421 716 am
447 684 577 715 nunc
602 674 833 714 contacto
859 682 1068 728 magnus
1094 666 1142 712 in
1169 682 1252 713 ore
1277 668 1463 727 sonon)

218 746 391 794 Altera
414 746 503 792 das
528 752 695 792 nostro
720 744 965 790 victurum
990 759 1171 790 nomen
1197 744 1368 790 amori.

1545 746 1607 790 65

286 823 419 885 Ergo
444 823 580 878 adeS,
608 828 658 869 et
681 821 842 884 longis
867 821 1090 869 versibus
1117 821 1245 867 adde
1270 821 1461 875 breves,

220 900 474 962 Exiguum
497 900 596 947 vati
622 900 857 955 concede,
885 899 1165 961 Tragoedia,
1191 905 1407 961 teinpus.

286 978 361 1023 Tu
386 978 525 1023 labor
549 983 792 1023 aeternus:
833 976 967 1038 quod
992 975 1118 1038 petit
1142 975 1240 1030 illa,
1267 975 1417 1022 breve
1442 980 1533 1021 est.

221 1054 363 1100 Mota
387 1053 526 1101 dedit
548 1054 761 1100 veniam.
799 1053 956 1099 teneri
981 1059 1308 1115 properentur
1331 1067 1540 1105 amores,

288 1130 422 1176 Dum
446 1136 618 1192 vacat,
658 1145 687 1177 a
709 1120 848 1191 tergo
875 1129 1108 1191 grandius
1133 1135 1276 1191 urget
1300 1145 1441 1192 opus.

218 1293 325 1324 solitas
339 1293 444 1329 fuisse,
460 1294 510 1324 vel
528 1294 612 1335 igne,
631 1293 754 1324 abolere
771 1293 881 1323 carmi-

217 1354 270 1378 na,
286 1343 377 1373 docet
392 1343 486 1374 etiam
503 1344 615 1374 Horat.
632 1343 652 1374 i.
668 1343 733 1373 Od.
754 1344 804 1372 16.

265 1393 357 1427 Quem
370 1395 534 1424 criminosis
544 1404 668 1433 cumque
678 1394 751 1422 voles
767 1393 880 1422 modum

311 1442 403 1471 Panes
416 1443 543 1478 ‘iambis;
568 1442 770 1482 sireflamma,

348 1490 416 1520 Sive
431 1493 507 1520 mari
520 1491 588 1520 libet
600 1491 748 1520 Adriano.
767 1490 884 1519 Eunu.

263 1539 317 1568 62.
344 1538 382 1568 Iu
397 1549 506 1569 vacuas
521 1539 640 1579 auras]
671 1539 786 1569 Vacuus
797 1549 885 1568 (mres

222 1588 411 1623 Puteaneus,
428 1588 536 1618 tertius
551 1588 713 1618 Palatinus
732 1597 761 1618 et
786 1588 885 1630 prima

219 1636 326 1666 editio.
351 1642 445 1678 atque
462 1637 505 1667 ita
520 1636 597 1677 legit
608 1637 813 1677 'l‘anaquillus
826 1637 883 1667 Fa-

222 1686 276 1715 ber
297 1686 329 1716 in
345 1685 512 1716 Phaedmm
527 1686 583 1716 lib.
598 1685 641 1716 iii.
658 1685 784 1727 Prolog.
801 1687 883 1716 Nos-

214 1741 267 1765 ‘ter
282 1736 414 1765 Metam.
430 1736 473 1765 iv.
490 1736 541 1765 41.

264 1802 305 1805 —
323 1784 448 1823 Aliquid
464 1795 572 1814 vacuas
587 1783 753 1825 referamus
776 1785 814 1814 acl
830 1795 884 1813 τηι-

310 1845 364 1863 res.

216 1882 316 1918 Quod
333 1893 392 1912 non
406 1887 452 1912 est
468 1881 663 1912 mutandum.
707 1881 825 1911 mes.

266 1932 319 1961 66.
347 1931 387 1961 Et
403 1932 499 1972 longis
513 1932 641 1961 versibus
664 1932 740 1960 adde
756 1930 883 1970 brevem]

222 1981 429 2011 Hexametros
466 1985 498 2010 et
534 1980 751 2010 Pentametros
782 1989 887 2009 versus

221 2030 386 2070 signifieat,
423 2029 537 2070 quibus
566 2028 677 2070 Elegia
711 2028 884 2059 conficitur.

215 2080 315 2110 (hor.

268 2129 380 2169 Longis
395 2127 554 2168 versibus]
582 2128 650 2158 Hoc
667 2127 759 2157 Ennli
781 2137 886 2158 exem-

222 2176 275 2218 plo
296 2176 384 2212 dicit,
408 2176 461 2217 qui
478 2177 647 2217 (Cicerone
673 2181 751 2207 teste
774 2176 828 2206 lib.
853 2175 885 2207 ii.

219 2226 274 2256 =De
303 2225 444 2265 legibus)
472 2225 613 2256 heroicos
640 2235 757 2261 versus,
788 2227 887 2266 longos

223 2275 416 2316 appellabat.
462 2274 551 2305 Cior.

266 2324 318 2354 70.
342 2324 365 2352 A
394 2329 476 2363 tergo
500 2325 649 2364 grandius
671 2329 758 2364 urget
783 2323 882 2362 opus]

224 2372 302 2402 Haec
327 2371 448 2401 Marius
476 2372 515 2402 de
541 2371 745 2412 sequentibus
769 2371 887 2411 Elegiis

213 2421 318 2462 -capst,
345 2431 414 2462 quae
444 2420 598 2461 longiores
626 2426 657 2451 et
685 2419 885 2462 pulchriores.

214 2469 383 2510 Crispinus
407 2468 445 2499 de
468 2469 761 2510 Metamorphosefm
785 2468 884 2499 libris.

225 2524 353 2559 uterque
391 2529 561 2560 perperam,
591 2528 661 2549 nam
699 2518 776 2549 illud
808 2529 885 2559 opus

1549 1132 1611 1175 70

948 1292 1107 1334 grandius,
1123 1292 1205 1334 quod
1229 1302 1247 1322 a
1270 1299 1356 1332 tergo
1370 1297 1470 1333 urget,
1486 1291 1613 1333 opponit

950 1342 1116 1378 amoribus,
1133 1352 1211 1383 quos
1236 1341 1307 1371 ideo
1329 1341 1453 1371 calente
1476 1340 1612 1371 maxime

946 1391 1077 1432 juventa
1084 1401 1246 1433 properare
1259 1391 1337 1426 vult,
1348 1390 1421 1420 dum
1433 1390 1612 1431 Tragoedia,

951 1451 1020 1481 quae
1037 1440 1136 1481 magis
1150 1450 1276 1480 gravem
1292 1445 1323 1470 et
1333 1450 1474 1470 severum
1485 1439 1613 1470 Poetam

952 1489 1091 1530 requirit,
1121 1489 1177 1531 ipsi
1205 1488 1332 1530 aliquod
1361 1488 1462 1519 adhuc
1492 1494 1615 1529 tempus

952 1539 1107 1574 concedit,
1125 1549 1195 1568 mox
1213 1538 1253 1568 ad
1268 1537 1469 1578 Tragoediam
1490 1547 1614 1578 aggres—

952 1598 1052 1617 surus.
1067 1587 1106 1617 de
1122 1586 1419 1628 Metamorplioseon
1440 1586 1527 1616 libris
1539 1586 1613 1616 forte

953 1636 1087 1666 nondum
1117 1636 1295 1676 cogitabat3
1334 1645 1418 1670 nam,
1447 1634 1505 1665 nisi
1535 1634 1615 1665 fallit

952 1685 1093 1715 calculus
1133 1684 1303 1715 doctissimi
1341 1684 1504 1718 Massonii,
1544 1683 1614 1713 libri

952 1734 1102 1764 Amorum
1112 1733 1395 1775 praecesseruntdiu
1404 1740 1500 1764 artem
1509 1743 1615 1764 aman-

953 1782 996 1818 di,
1011 1789 1042 1813 et
1057 1782 1192 1824 primum
1207 1782 1397 1823 conjunctim
1418 1782 1550 1812 edidisse
1567 1782 1613 1812 vi-

953 1831 1043 1862 detur
1068 1831 1163 1861 libros
1185 1831 1333 1860 Amorum
1355 1831 1437 1861 circa
1461 1831 1504 1861 A.
1522 1831 1562 1861 U.
1578 1831 1615 1862 C.

955 1891 1139 1910 nccxxxrx.
1157 1891 1218 1921 quo
1234 1890 1316 1911 anno
1330 1886 1435 1910 autem
1451 1880 1532 1910 hanc
1544 1881 1614 1911 Ele-

954 1929 1047 1970 giam,
1062 1940 1131 1970 quae
1147 1934 1230 1959 certe
1241 1928 1348 1970 primae
1362 1928 1490 1959 editioni
1502 1929 1616 1960 inserta

955 1979 1023 2015 fuit,
1039 1979 1191 2009 incertum
1213 1983 1289 2020 puto
1303 1989 1308 2007 :
1334 1978 1389 2008 sed
1406 1978 1531 2019 Elegias
1546 1978 1616 2020 plu-

954 2028 1048 2059 rimas
1075 2027 1234 2069 scripsisse
1263 2027 1294 2057 in
1327 2027 1427 2068 prima
1450 2028 1615 2069 juventute

954 2082 1083 2118 apparet
1098 2087 1134 2107 ex
1154 2086 1236 2106 vers.
1256 2077 1307 2107 59.
1323 2076 1414 2117 hujus
1429 2076 1560 2117 Elegiae.
1584 2076 1615 2107 in

952 2125 1081 2156 exilium
1096 2136 1168 2155 vero
1183 2124 1304 2160 missus,
1321 2135 1381 2166 quo
1403 2131 1539 2166 tempore
1562 2125 1616 2156 de-

953 2185 1037 2205 mum
1054 2175 1228 2205 absolverat
1243 2174 1521 2215 Metamorphoses,
1537 2185 1612 2206 non-

953 2223 1028 2254 dum
1055 2234 1127 2254 vero
1152 2223 1384 2258 emendaverat,
1409 2233 1490 2254 anno
1516 2224 1616 2254 aetatis

955 2283 1001 2303 υ.
1018 2272 1067 2303 vel
1085 2283 1144 2303 L11.
1169 2272 1210 2302 U.
1231 2272 1269 2302 C.
1295 2282 1441 2302 Dccxru.
1466 2271 1615 2313 intelligi-

954 2332 1022 2352 mus
1037 2332 1109 2362 ergo
1127 2321 1226 2363 ipsam
1247 2321 1459 2362 Tragoediam,
1474 2332 1544 2362 quae
1569 2322 1615 2352 iu-

952 2370 1055 2400 stabat
1070 2375 1102 2400 et
1125 2371 1267 2410 urgebat,
1283 2375 1317 2399 ut
1332 2369 1423 2399 simul
1444 2380 1479 2400 ac
1496 2376 1616 2400 teneros

953 2425 1146 2462 properasset
1159 2429 1288 2455 amores,
1302 2418 1359 2448 sibi
1373 2430 1497 2450 manum
1510 2419 1615 2450 admo-

954 2475 1051 2504 veret,
1077 2473 1245 2509 antequam
1272 2468 1372 2498 omnis
1394 2469 1461 2510 ejus
1491 2468 1615 2510 spiritus

952 2517 1187 2548 defervesceret.
1233 2517 1349 2547 Bunm.
