1849 3198
214 206 298 248 214

609 203 658 244 Ρ.
693 203 905 245 OVIDII
940 202 1219 245 NASONIS

222 320 441 369 Poenitet
464 319 682 383 hospitii,
709 336 838 375 cum,
866 336 945 367 me
971 326 1246 384 spectante,
1274 319 1483 366 lacertos

291 397 537 462 Imposuit
561 398 687 445 00110
714 397 925 445 rusticus
951 398 1045 444 iste
1070 404 1171 445 tuo.

1511 400 1608 444 220

225 475 464 539 Rumpor,
493 482 543 523 et
566 475 759 522 invideo
786 475 930 537 (quid
958 474 1089 521 enim
1117 481 1284 521 tamen
1310 474 1475 522 omnia
1498 490 1608 521 nar-

291 552 523 600 Membra
546 554 828 616 superjecta
847 568 961 598 cum
982 559 1069 599 tua
1090 558 1228 600 veste
1247 551 1393 599 fovet.
1434 551 1609 614 [rem:)

226 631 415 678 Oscula
438 646 551 677 cum
575 646 689 677 vero
715 645 881 676 coram
908 645 1006 676 non
1030 629 1155 676 dura
1178 629 1362 676 daretis
1386 647 1397 686 ;

291 709 423 757 Ante
447 709 615 757 oculos
640 707 783 772 posui.
808 708 989 771 pocula
1012 714 1176 754 sumta
1199 723 1353 754 meos.

227 787 438 835 Lumina
461 787 684 842 demitto,
711 802 825 833 cum
849 792 899 832 te
924 791 1061 832 tenet
1085 784 1238 831 artius
1264 785 1373 831 ille:

1515 786 1612 830 225

294 865 490 913 Crescit
514 872 564 913 et
588 865 739 913 invito
762 865 926 911 lentus
951 863 1001 909 in
1027 879 1110 910 ore
1135 862 1294 909 cibus.

230 943 375 1007 Saepe
400 942 515 990 dedi
537 942 778 1005 gemitus:
819 947 869 988 et
892 947 958 996 te,
985 940 1184 995 lasciva,
1211 938 1375 986 notavi

294 1019 353 1066 In
378 1019 565 1082 gemitu
591 1020 743 1066 risum
767 1035 866 1066 non
889 1017 1109 1065 tenuisse
1135 1034 1262 1065 meo.

232 1098 378 1161 Saepe
403 1114 538 1145 mero
564 1098 693 1144 volui
719 1097 970 1144 flammam
996 1112 1344 1160 compescere:
1375 1101 1424 1142 at
1449 1095 1531 1141 illa

297 1174 490 1232 Crevit3
532 1182 581 1221 et
605 1175 818 1221 ebrietas
844 1174 971 1236 ignis
996 1174 1046 1220 in
1071 1174 1184 1236 igne
1209 1173 1315 1220 fuit.

1519 1175 1617 1218 230

231 1252 495 1316 Multaque
521 1269 582 1299 ne
606 1252 817 1308 videam,
844 1268 988 1299 versa
1011 1252 1203 1299 cervice
1229 1251 1493 1307 recumbo;

298 1330 399 1378 Sed
426 1347 626 1378 revocas
652 1331 822 1378 oculos
847 1330 1072 1394 protinus
1098 1330 1209 1393 ipsa
1231 1345 1385 1376 meos.

231 1407 394 1463 Quam
419 1408 596 1456 faciam
623 1409 812 1456 dubito.
852 1409 990 1455 dolor
1014 1415 1091 1455 est
1114 1424 1254 1454 meus
1280 1407 1363 1453 illa
1385 1405 1580 1462 videre3

300 1486 401 1533 Sed
426 1487 566 1533 dolor
591 1502 620 1533 a
644 1486 768 1533 facie
794 1486 950 1548 major
975 1486 1151 1532 abesse
1183 1484 1283 1531 tua.

232 1562 345 1616 Qua
368 1564 485 1611 licet
509 1570 560 1611 et
582 1580 803 1627 possum,
830 1563 990 1609 luctor
1015 1562 1177 1609 celare
1203 1561 1417 1609 furorem
1439 1578 1448 1607 ;

1521 1562 1618 1606 235

299 1640 400 1688 Sed
425 1648 592 1688 tamen
618 1641 825 1705 adparet
848 1640 1186 1688 dissimulatus
1214 1656 1364 1687 amor.

232 1718 341 1766 Nec
365 1718 456 1766 tibi
481 1719 632 1766 verba
655 1719 854 1765 damus:
896 1718 1049 1765 sentis
1071 1733 1183 1764 mea
1201 1718 1418 1773 vulnera,
1447 1716 1617 1763 sentis.

297 1796 467 1859 Atque
492 1795 679 1843 utinam
705 1796 796 1843 soli
821 1796 919 1842 sint
944 1812 1003 1843 ea
1026 1803 1144 1844 nota
1168 1796 1256 1843 tibi
1278 1796 1286 1841 !

274 1926 350 1956 220.
377 1924 506 1964 Ιηηιοηίε
535 1925 639 1966 colla]
677 1925 721 1956 Τὸ
742 1926 796 1956 iste
820 1935 891 1956 con-

233 1979 365 2005 temtum
380 1985 444 2016 prae
460 1984 492 2004 se
509 1973 578 2004 sert.
596 1974 639 2005 sic
656 1973 739 2017 Ajax
755 1974 812 2005 lib.
829 1974 895 2005 xiii.

232 2024 313 2054 Met.
338 2023 458 2065 quoties
473 2022 609 2064 loquitur
624 2023 662 2054 de
688 2023 814 2064 Ulysse,
832 2023 894 2054 fere

233 2084 355 2115 semper
376 2072 538 2115 subjungit
559 2074 603 2104 Τὸ
623 2072 694 2104 Iste.
719 2073 771 2104 ubi
790 2073 893 2115 plura.

231 2123 351 2154 HmNs.

277 2173 352 2202 222.
389 2172 561 2211 Snpeijecta
592 2171 698 2212 veste]
735 2170 894 2201 Theocrit.

233 2221 334 2253 simile
363 2220 438 2262 quid
474 2220 506 2251 in
538 2220 678 2262 Epithal.
709 2220 896 2250 Helenae.—

233 2271 300 2303 ὑπὸ
317 2272 379 2303 τὰν
393 2270 476 2313 μίαν
491 2269 594 2311 &xero
606 2271 766 2311 χλαῖναν.
780 2269 832 2300 Id.
847 2271 897 2300 18.

236 2333 268 2352 v.
288 2322 339 2352 19.
357 2320 428 2351 vide
444 2319 552 2350 Amor.
569 2319 592 2349 i.
609 2319 702 2360 Eleg.
723 2321 754 2349 5.
770 2330 801 2349 v.
819 2320 873 2349 48.

278 2371 355 2401 226.
383 2369 495 2399 Crescit
517 2374 544 2398 et
567 2369 659 2398 invito
685 2369 784 2397 lentus
802 2369 835 2398 in
850 2379 898 2398 ore

236 2420 344 2460 cibus]
371 2417 549 2453 Juvenalis,
563 2418 629 2448 Sat.
652 2416 721 2447 xiii.
736 2417 811 2447 212.

453 2467 594 2508 Interque
608 2468 732 2498 molares

282 2519 413 2560 Difficili
428 2524 573 2548 crescente
585 2519 659 2547 cibo.
735 2517 853 2547 Hmws.

237 2570 347 2599 Senec.
376 2568 435 2610 Ep.
458 2567 570 2597 lxxxii.
592 2578 650 2597 ‘non
678 2568 711 2597 in
732 2577 780 2596 ore
805 2568 895 2596 crevit

237 2620 330 2654 cibus,
345 2629 405 2647 non
420 2618 501 2647 haesit
516 2615 714 2657 infamibus.
738 2626 800 2646 non
816 2616 897 2647 absi-

238 2667 311 2699 mile
323 2666 406 2698 istud
417 2665 592 2697 statianum
605 2666 705 2696 Theb.
723 2677 752 2695 v.
769 2666 845 2695 208.

411 2715 540 2755 Altaque
556 2717 588 2745 ιἰι
600 2715 672 2745 mole
688 2720 830 2753 Iapetum,

284 2764 444 2807 Efflantem
458 2775 555 2796 somno
573 2766 736 2795 crescentia
752 2766 834 2794 vina.

962 1924 1107 1955 Imitatus
1137 1924 1194 1954 hoc
1216 1924 1372 1966 ,Iosephus
1396 1922 1537 1954 Iscanius
1560 1922 1624 1953 bel.

961 1975 1045 2016 Troj.
1064 1974 1120 2005 lib.
1137 1973 1170 2005 ii.
1188 1975 1259 2005 153.

1008 2025 1049 2055 Et
1067 2025 1206 2054 lacrimas
1229 2025 1299 2054 bibit
1316 2025 1374 2063 ipse
1388 2033 1467 2058 suas,
1485 2024 1624 2064 segnique

1050 2079 1197 2104 morantes

1009 2123 1234 2162 Crescentesque
1256 2123 1332 2152 cibos
1345 2121 1624 2163 gustttjejnnafa-

1049 2173 1138 2214 tigat.
1464 2170 1581 2200 BunM.

1006 2221 1082 2251 230.
1108 2220 1194 2261 Ignis
1208 2221 1241 2249 in
1255 2218 1351 2261 igne]
1380 2219 1452 2260 Πὺρ
1464 2218 1518 2249 ἐπὶ
1532 2219 1624 2260 πυρὶ.

965 2268 1059 2299 Clor.

1007 2319 1083 2348 231.
1105 2318 1225 2358 Πετεὼ]
1240 2317 1332 2347 Liber
1341 2316 1513 2353 Leidensis,
1520 2317 1603 2358 flexa
1614 2331 1622 2347 :

965 2372 999 2397 ut
1016 2366 1121 2397 statim
1137 2377 1216 2397 vers.
1243 2367 1319 2397 239,
1354 2366 1434 2396 Stat.
1460 2366 1565 2396 Achil.
1589 2366 1624 2397 ii.

970 2418 1041 2447 185.
1076 2416 1196 2446 Cervice
1211 2417 1332 2456 restem.
1349 2421 1377 2446 et
1396 2415 1511 2446 Claud.
1527 2415 1582 2446 lib.
1601 2415 1624 2446 i.

966 2466 1004 2497 de
1029 2470 1109 2508 rapt.
1134 2476 1211 2496 vers.
1244 2466 1316 2496 155.
1348 2476 1385 2495 ex
1407 2466 1502 2496 MSS.
1531 2465 1626 2496 Silius

965 2515 1022 2546 lib.
1039 2515 1082 2546 iv.
1099 2515 1174 2545 343.
1197 2515 1406 2556 popliteflem.
1451 2515 1627 2545 mesms.

965 2564 1030 2595 vid.
1047 2576 1079 2595 v.
1096 2565 1179 2594 Met.
1197 2565 1273 2594 232.

1008 2615 1084 2645 235.
1112 2614 1179 2648 Qua
1195 2615 1261 2644 licet
1273 2620 1301 2644 et
1311 2612 1457 2653 possum]
1484 2612 1623 2644 IIelmae-

956 2663 1140 2699 &tadiensiffi
1162 2670 1197 2693 nt
1226 2670 1352 2703 possum,
1375 2673 1436 2693 non
1466 2663 1559 2700 male,
1594 2663 1627 2694 id

966 2718 1013 2743 est
1028 2718 1179 2754 quantum
1199 2722 1337 2755 possum.
1381 2712 1501 2743 mes.
