1849 3198
628 214 973 257 HEROIDES.
1006 215 1098 256 ΕΡ.
1132 215 1241 257 XV.

1547 216 1632 259 195

240 328 372 377 Hinc
399 346 453 378 se
480 330 771 386 Deucalion,
799 330 1005 394 Pyrrhae
1031 347 1302 378 succensus
1328 346 1508 388 amore,

307 406 464 463 Misit,
491 414 541 455 et
564 407 718 454 illaeso
743 422 949 470 corpore
974 407 1155 470 pressit
1180 424 1353 471 aquas.

239 482 347 531 Nec
373 500 536 532 mora:
575 500 745 531 versus
764 483 918 530 Amor
942 483 1105 546 tetigit
1128 485 1404 533 lentissima
1417 485 1624 549 Pyrrhae

303 561 542 619 Pectora;
585 561 860 608 Deucalion
885 562 999 624 igne
1024 562 1214 609 levatus
1239 570 1359 609 erat.

1532 566 1625 610 170

238 637 382 685 Hanc
407 640 568 701 legem
593 639 730 686 locus
757 639 838 687 ille
862 646 1015 687 tenet.
1055 647 1170 703 pete
1195 640 1420 703 protinus
1446 641 1595 688 altam

305 716 562 774 Leucada;
603 733 695 764 nec
721 733 842 764 saxo
867 717 1128 764 desiluisse
1152 717 1288 764 time.

239 792 309 840 Ut
332 794 522 841 monuit
537 812 548 851 ;
588 810 703 841 cum
727 811 848 842 voce
873 795 1009 842 abiit.
1050 812 1141 857 ego
1167 795 1344 858 frigida
1369 812 1542 858 surgo:

304 869 413 917 Nec
439 871 651 934 gravidae
675 872 903 919 lacrimas
930 872 1217 920 continuere
1242 889 1400 935 genae.

238 946 444 1003 Ibimus,
471 948 500 994 ὁ
525 948 572 995 N
577 949 780 1012 ymphe,
808 955 1180 1012 monstrataque
1207 966 1329 997 saxa
1351 957 1596 1014 petemus.

305 1024 381 1072 Sit
403 1026 575 1089 procul
599 1026 771 1073 insano
796 1026 954 1073 victus
980 1042 1145 1074 amore
1170 1027 1332 1074 timor.

1532 1030 1622 1074 176

237 1100 495 1166 Quidquid
510 1103 617 1159 erit,
635 1103 811 1151 melius
828 1120 978 1167 quam
995 1121 1126 1152 nunc
1143 1105 1250 1152 erit.
1279 1121 1411 1161 aura,
1431 1105 1620 1153 subito:

303 1179 426 1226 Haec
452 1196 564 1228 mea
587 1197 685 1228 non
710 1197 945 1243 magnum
968 1198 1176 1246 corpora
1199 1183 1393 1247 pondus
1419 1183 1621 1230 habent.

234 1395 348 1425 magna
384 1387 581 1418 veneratione
618 1387 790 1419 colebatur.
829 1388 894 1418 vid.

235 1433 388 1464 Antonin.
405 1435 510 1466 Liber.
528 1436 641 1467 Fabul.
657 1436 699 1467 iv.

281 1483 351 1513 166.
375 1485 507 1515 Actorum
527 1487 631 1525 populi
654 1486 896 1526 Leucadiumque

197 1526 202 1530 ’
234 1533 368 1573 rocam]
397 1535 529 1565 Acta-um
557 1541 671 1566 vocant
697 1536 817 1577 populi,
849 1536 895 1566 in-

235 1581 314 1622 quit,
334 1582 588 1624 Leucadiumque.
635 1585 703 1614 Hoc
728 1595 746 1615 a
769 1584 895 1626 vulgato

234 1631 358 1662 nomine
374 1631 483 1663 insulae
499 1632 637 1671 scilicet3
661 1633 740 1664 illud
760 1634 798 1664 ab
815 1633 895 1665 anti-

233 1691 304 1722 quo.
351 1683 435 1712 Nam
462 1687 493 1712 et
517 1683 628 1713 Strabo
652 1682 746 1713 tradit
768 1682 824 1714 lib.
842 1684 892 1714 10.

232 1730 411 1762 Leucadem
448 1732 621 1774 antiquitus
654 1732 893 1770 Chersonesum,

231 1780 297 1812 sive
334 1781 530 1822 peninsulam
567 1781 673 1818 fuisse,
707 1782 893 1813 Acarnaniae

232 1840 417 1867 connexam,
454 1841 548 1872 quam
586 1831 740 1862 Homerus
777 1832 895 1862 vocarit

231 1878 356 1918 Ἀκτὴν
372 1880 531 1921 ἠπείροιο.
548 1880 612 1911 Od.
631 1879 681 1911 Ω’.
698 1881 772 1911 375.
816 1881 894 1911 Eam

232 1935 356 1965 terram,
372 1939 442 1970 quae
458 1940 475 1960 e
490 1929 616 1970 regione
636 1929 755 1960 Ithacae
778 1939 813 1960 ac
830 1930 892 1960 Ce-

232 1978 387 2020 phaleniae
396 1984 453 2015 est,
461 1978 493 2008 id
501 1984 558 2015 est,
568 1978 893 2020 ipsamAcarnaniam,

232 2028 361 2069 Epirum
387 2027 586 2070 appellando.
632 2029 738 2065 Quare
762 2029 892 2060 Actaeum

232 2078 291 2108 hoc
304 2078 371 2108 loco
383 2077 540 2119 gentiliter
556 2088 591 2108 ac
603 2078 725 2120 proprie
738 2078 893 2120 accipien-

231 2127 325 2158 dum:
358 2139 419 2158 non
448 2126 650 2169 appellative,
673 2133 707 2157 ut
737 2127 894 2159 Domitius

231 2177 370 2218 exponit,
385 2188 440 2219 pro
455 2176 581 2207 litorali.
606 2177 796 2207 Micrmms.
831 2178 890 2208 Ac-

232 2228 354 2264 tiacum,
384 2226 533 2268 Scaliger,
557 2232 592 2257 ut
621 2232 652 2257 et
675 2226 889 2258 Sarravianus.

231 2276 350 2307 AMAR.

278 2325 365 2366 1672]
392 2325 518 2356 Scribo:

278 2375 340 2405 Nec
357 2386 458 2404 mora:
482 2387 580 2405 versus
604 2387 686 2405 amor
703 2378 800 2416 tetigit
825 2378 888 2407 len-

318 2427 427 2455 tissima
442 2425 569 2465 Pyrrha¹
588 2425 726 2455 Pectora.

238 2474 341 2504 Versus
355 2485 448 2509 amor,
464 2480 499 2504 ut
514 2473 654 2515 Epistola
672 2474 827 2505 Brise'r'tlis
841 2488 847 2504 :

275 2525 339 2554 Aut
353 2525 377 2553 si
397 2534 494 2554 versus
508 2535 590 2553 amor
605 2530 676 2554 tuus
693 2531 732 2553 est
751 2526 781 2554 in
807 2527 891 2554 rudia

317 2575 424 2604 nostri.

234 2622 349 2653 Lentus
360 2622 492 2664 proprie,
505 2623 558 2664 qui
575 2622 662 2654 tarde
675 2634 706 2654 se
723 2632 892 2665 promovet,

232 2671 286 2702 sed
303 2678 333 2702 et
349 2683 402 2714 pro
416 2672 544 2703 flexibili
567 2672 708 2709 sumitur,
724 2679 755 2703 et
771 2684 824 2714 pro
845 2684 891 2703 sc—

234 2730 308 2751 curo
324 2727 417 2763 atque
434 2723 543 2758 otioso,
556 2723 649 2753 etiam
665 2733 719 2765 pro
735 2722 845 2763 frigido
862 2730 889 2753 ct

234 2770 369 2807 remisso,
416 2772 678 2812 quemadmodum
723 2771 773 2801 hic
817 2772 890 2802 loci.

965 1387 1084 1418 Glos-:ae
1122 1388 1284 1430 Stephani,
1315 1388 1440 1424 Lentus,
1467 1388 1624 1425 Εὕτονος,

965 1438 1106 1474 Λεπτὸς,
1131 1436 1262 1479 Ἀργός.
1310 1437 1436 1472 Lentus,
1461 1438 1514 1479 qui
1537 1437 1626 1468 tarde

962 1486 1114 1523 irascitur,
1141 1489 1194 1518 ubi
1218 1488 1258 1518 de
1283 1488 1328 1518 ira
1349 1487 1463 1527 agitur.
1494 1487 1538 1518 sic
1561 1488 1623 1529 Ep.

962 1536 1100 1568 Helenes
1115 1538 1191 1568 249.

1009 1586 1052 1616 Tu
1066 1586 1140 1628 fore
1157 1594 1217 1617 tum
1233 1588 1345 1617 lentum
1359 1588 1448 1626 justa
1466 1586 1626 1617 Menelaon

1048 1637 1080 1665 in
1096 1637 1166 1666 ira?

962 1684 1018 1714 Est
1043 1691 1148 1715 autem
1164 1684 1340 1715 convicium
1362 1684 1557 1716 amatorium.
1582 1685 1627 1717 ita

962 1733 1119 1776 Penelope
1146 1733 1234 1764 initio
1256 1733 1403 1775 Epistolae
1430 1735 1544 1765 lentum
1567 1746 1623 1766 vo-

962 1789 1013 1813 cat
1039 1783 1195 1824 Ulyssem.
1224 1783 1346 1825 Phyllis
1375 1783 1621 1826 Demophoonti,

963 1833 1004 1862 At
1028 1839 1062 1862 τιι
1089 1834 1187 1863 lentus
1210 1834 1288 1862 abes.
1313 1838 1345 1862 et
1370 1839 1473 1863 nostra
1499 1833 1625 1875 Sappho

962 1881 1094 1917 Phaoni,
1112 1882 1206 1912 Lente
1223 1884 1297 1912 redi.
1314 1886 1398 1912 tum:

1006 1931 1072 1961 Hoc
1084 1937 1121 1967 te,
1133 1933 1156 1961 si
1171 1941 1295 1970 saperes,
1311 1932 1398 1966 lente,
1410 1933 1528 1962 decebat
1539 1944 1623 1972 opus.

1404 1980 1580 2012 mesms.

1009 2030 1079 2060 171.
1105 2030 1194 2060 Hanc
1220 2031 1312 2071 Iegem
1338 2031 1416 2059 locus
1437 2030 1489 2059 ille
1512 2031 1621 2072 tenen]

961 2078 1013 2109 De
1037 2078 1095 2109 hoc
1117 2078 1255 2120 scopulo,
1271 2078 1324 2120 qui
1345 2077 1440 2108 saltus
1463 2084 1623 2111 amantum

961 2128 1136 2159 dicebatur.
1152 2127 1217 2158 vid.
1232 2128 1320 2158 Serv.
1334 2127 1374 2158 ad
1385 2127 1498 2169 virgil.
1514 2129 1624 2170 Eclog.

961 2178 1005 2208 ix.
1022 2179 1077 2209 57.
1095 2183 1125 2208 et
1141 2178 1233 2208 Voss.
1258 2177 1297 2208 ad
1320 2177 1438 2208 Catull.
1455 2188 1552 2208 carm.
1570 2179 1624 2210 67.

959 2228 1094 2258 Ptolem.
1111 2227 1275 2269 Hephaest.
1291 2227 1348 2258 lib.
1365 2226 1419 2257 vii.
1438 2227 1521 2270 apud
1537 2228 1621 2260 Pho-

959 2277 1035 2308 tium
1051 2277 1180 2307 (fanone
1206 2287 1276 2307 cxc.
1302 2276 1356 2318 qui
1378 2276 1494 2318 plures,
1510 2277 1564 2319 qui
1589 2289 1622 2309 se

960 2326 1031 2357 inde
1061 2325 1304 2368 praecipitarunt,
1334 2331 1514 2365 enumerat3
1545 2327 1621 2369 Sap-

958 2375 1038 2418 phus
1053 2382 1169 2412 tamen,
1186 2376 1269 2417 quod
1292 2375 1412 2412 mirere,
1429 2376 1515 2407 nulla
1530 2376 1571 2407 ibi
1589 2377 1624 2407 fit

959 2425 1087 2455 mentio.
1113 2431 1143 2455 et
1165 2423 1338 2455 Athenaeus
1360 2424 1417 2455 lib.
1445 2424 1510 2456 xiv.
1536 2436 1566 2456 c.
1592 2427 1623 2457 3.

960 2480 1063 2505 narrat
1075 2474 1226 2515 Calycam
1242 2485 1344 2505 amore
1356 2473 1482 2505 Euathli
1497 2481 1621 2516 captam

960 2534 992 2554 se
1018 2523 1190 2565 praecipitio
1216 2535 1253 2554 ex
1275 2523 1333 2554 hoc
1357 2523 1486 2566 scopulo
1509 2524 1622 2555 intere-

961 2573 1065 2603 misse.
1101 2572 1170 2603 vide
1200 2579 1231 2604 et
1255 2573 1405 2614 Scaliger.
1436 2572 1475 2604 ad
1499 2573 1620 2604 Auson.

962 2622 1075 2664 Cupid.
1091 2622 1174 2653 cruci
1191 2623 1328 2654 affixum.
1344 2635 1373 2654 v.
1390 2624 1444 2653 24.
1486 2623 1619 2654 Menan-

960 2672 1015 2702 ‹lcr
1028 2672 1111 2714 apud
1126 2673 1269 2703 Strabon.
1287 2673 1342 2703 lib.
1360 2684 1391 2702 x.
1415 2672 1545 2714 primam
1563 2672 1619 2703 ‹le-

960 2722 1080 2752 siluisse
1110 2733 1146 2753 ex
1179 2721 1322 2753 Leucade
1358 2722 1482 2764 Sappho
1517 2721 1622 2752 tradit.

965 2773 1078 2802 livam.

1042 2826 1113 2855 02
