1849 3198
228 211 286 253 64
619 209 669 250 Ρ.
693 208 905 252 OVIDII
937 207 1216 251 NASONIS

234 325 379 381 Quod
404 340 565 388 neque
591 324 893 388 graminibus
918 324 1062 373 tellus
1087 323 1299 372 fecunda
1322 323 1564 379 creandiS,

299 403 408 451 Nec
435 402 590 459 Deus,
618 404 855 450 auxilium
879 409 933 449 tu
958 402 1077 449 mihi
1102 401 1226 450 ferre
1252 407 1410 465 poteS.

233 479 300 528 Et
321 486 479 544 poteS,
501 486 551 527 et
573 480 745 527 merui.
784 480 945 542 dignae
970 479 1201 526 miserere
1225 477 1430 541 puellae3

1519 477 1610 523 155

299 556 415 604 Non
439 573 530 620 ego
550 573 664 604 cum
690 557 877 604 Danais
904 572 1038 604 arma
1061 563 1265 603 cruenta
1288 554 1405 601 fero.

236 633 337 681 Sed
361 641 448 681 tua
471 650 597 689 sum,
624 641 889 697 tecumque
913 633 982 680 fui
1008 633 1279 696 puerilibus
1305 630 1445 679 annis
1465 647 1474 677 :

301 710 367 759 Et
388 718 489 768 tua,
517 712 651 774 quod
677 718 903 776 superest
926 711 1178 775 temporis,
1205 726 1315 758 esse
1340 723 1531 772 precor.

699 1013 1046 1061 EPISTOLA
1081 1012 1172 1060 VI.

511 1130 973 1173 HYPSIPYLE
1026 1129 1329 1174 JASONI.

234 1242 398 1289 Litora
421 1241 691 1289 Thessaliae
716 1241 884 1289 reduci
909 1241 1133 1304 tetigisse
1158 1241 1327 1287 carina

298 1318 509 1374 Diceris,
535 1324 718 1366 auratae
742 1319 921 1365 vellere
947 1319 1082 1365 dives
1109 1318 1228 1365 ovis.

233 1396 465 1443 Gratulor
499 1395 747 1451 incolumi,
776 1402 1016 1459 quantum
1053 1394 1188 1441 sinis.
1227 1394 1320 1441 hoc
1346 1400 1511 1441 tamen
1536 1392 1608 1456 ip-

299 1472 583 1520 Debueram
609 1472 792 1536 scripto
817 1472 995 1519 certior
1020 1487 1130 1519 esse
1153 1478 1256 1518 tuo.

229 1634 263 1665 p.
283 1623 334 1654 14.
360 1628 391 1653 et
417 1623 471 1653 36.
518 1622 635 1652 Pher-222
657 1621 848 1652 Moschionis
871 1631 890 1652 a

229 1673 352 1703 Stobaeo
367 1672 513 1703 citantur.
557 1671 710 1702 Admetus
730 1676 834 1701 autem
849 1671 888 1701 ab

229 1722 355 1763 Hygino
378 1722 402 1752 F
405 1723 457 1753 ab.
484 1721 548 1752 xiv.
579 1720 662 1752 filius
683 1720 835 1757 Pheretis,
857 1725 888 1751 et

229 1771 473 1813 Periclymenes.
519 1770 639 1801 HmNs.

274 1821 347 1852 152.
374 1820 415 1850 Et
429 1831 444 1851 e
459 1825 556 1850 nostro
569 1821 688 1850 saucius
709 1818 884 1860 ignefuit]

228 1869 279 1899 Ita
302 1869 470 1910 legendum
486 1879 503 1899 e
525 1868 615 1899 bonis
636 1868 714 1899 libb.
730 1861 825 1909 idque
841 1873 888 1898 est

229 1917 329 1959 magis
354 1917 524 1959 poeticum.
570 1917 665 1948 Clor.
710 1915 807 1947 Pauci
836 1927 887 1947 co—

228 1967 324 2003 dices,
351 1973 383 1998 et
410 1972 480 2008 post
502 1966 677 2008 Gryphium
703 1965 888 1997 recentiores

229 2016 374 2059 quaedam
397 2015 559 2052 editiones,
574 2017 700 2051 dicitur,
723 2021 752 2045 et
775 2021 886 2046 nostro.

228 2066 284 2097 sed.
299 2065 487 2107 antiquiores
509 2071 540 2096 et
555 2065 679 2095 Aldinae
703 2075 773 2095 cum
788 2065 887 2096 Lova—

230 2115 329 2146 niensi
345 2114 451 2145 codice
463 2114 573 2155 fertur
586 2121 614 2144 et
632 2127 650 2144 a
670 2120 780 2144 nostro.
805 2113 887 2155 quod

229 2163 434 2205 praetulimus.
464 2175 482 2193 α
509 2163 559 2194 hic
588 2163 710 2204 ponitur
736 2173 790 2204 pro
810 2169 886 2201 post.

228 2223 337 2244 sensus
374 2217 430 2247 est,
459 2212 609 2248 Phoebus,
640 2218 802 2254 postquam
837 2223 888 2243 me

229 2261 356 2297 amavit,
371 2262 465 2291 etiam
480 2260 643 2292 Alcestida
665 2260 778 2291 deinde
803 2271 887 2291 ama-

230 2310 286 2341 vit.
312 2310 387 2352 quid
404 2309 471 2340 miri
488 2320 570 2351 erg0,
585 2310 610 2340 si
634 2315 767 2351 repertor
782 2309 886 2340 Medi-

229 2359 318 2395 cinae,
335 2365 365 2390 et
381 2359 433 2400 qui
449 2358 523 2388 mihi
545 2358 681 2389 medicas
696 2364 776 2389 artes
790 2358 884 2389 tradi-

229 2407 285 2444 dit,
302 2407 365 2449 ipse
382 2407 482 2438 adhuc
505 2412 668 2449 postquam
693 2417 743 2437 me
765 2417 887 2438 amave-

228 2462 286 2493 rat,
303 2466 365 2487 non
389 2455 524 2497 potuerit
548 2456 587 2486 ab
612 2466 713 2486 amore
737 2466 768 2485 se
790 2455 887 2485 conti-

229 2515 315 2540 nere,
329 2505 353 2535 si
370 2515 426 2535 nec
441 2516 499 2545 ego
511 2510 639 2546 accepta
654 2504 798 2535 medendi
811 2510 886 2541 arte,

229 2554 366 2585 nondum
401 2553 600 2584 resanuerim.
637 2553 750 2595 passim
781 2560 884 2584 autem

229 2601 404 2644 praepositio
428 2602 494 2633 liaec
515 2601 558 2633 ita
580 2612 600 2633 a
613 2602 727 2633 Nostro
749 2602 883 2644 ponitur.

230 2662 262 2682 v.
279 2651 317 2682 ad
333 2650 432 2693 Epist.
453 2662 485 2682 x.
506 2652 556 2682 16.
579 2656 611 2682 et
635 2662 718 2694 supr.
733 2651 832 2693 Epist.
849 2650 883 2682 ii.

228 2700 284 2730 86.
309 2699 353 2730 sic
377 2705 408 2731 et
433 2705 515 2731 recte
545 2699 692 2731 Heinsius
716 2699 886 2731 vindicavit

231 2749 346 2790 Velleji
361 2748 462 2781 locum
477 2749 533 2780 lib.
547 2749 581 2781 ii.
602 2750 673 2780 127.
708 2749 751 2782 D.
765 2750 883 2790 Augus-

1481 1471 1612 1532 [sum

957 1628 1004 1652 tus
1020 1621 1068 1651 M.
1087 1621 1232 1662 Agrippa,
1246 1627 1273 1650 et
1287 1622 1411 1650 maxime
1423 1621 1459 1650 ab
1473 1631 1504 1649 eo
1520 1619 1613 1648 Stati-

956 1671 996 1701 lio
1020 1670 1119 1700 Tauro
1139 1679 1221 1699 usus.
1266 1670 1377 1700 Senec.
1400 1668 1423 1699 i.
1448 1667 1486 1698 de
1509 1668 1612 1698 Clem.

957 1720 1009 1749 14.
1056 1719 1213 1758 Nmnquid
1235 1720 1342 1759 aliquis
1366 1728 1455 1749 sanus
1466 1718 1573 1758 filium
1595 1729 1615 1747 a

950 1771 1049 1808 prima
1063 1768 1173 1810 offensa
1189 1769 1363 1799 erheredat?
1386 1773 1421 1799 ut
1443 1772 1526 1797 recte
1548 1777 1614 1808 pro,

953 1820 994 1848 ad
1014 1820 1143 1857 primam
1165 1817 1315 1860 offensam,
1336 1822 1533 1848 correxerunt
1558 1815 1614 1846 viri

953 1867 1051 1898 docti.
1096 1867 1212 1898 Romu.

996 1965 1100 1995 Etiam
1114 1963 1187 1994 huic
1203 1963 1349 2006 Epistolae
1370 1962 1538 2006 praefigitur
1553 1963 1614 1994 dis-

954 2015 1059 2047 tichon
1074 2015 1132 2045 hoc
1148 2014 1180 2044 in
1195 2014 1357 2056 Excerptis
1372 2013 1522 2045 Puteani:

998 2065 1137 2095 Lemnias
1165 2064 1341 2105 Hypsipyle,
1369 2063 1482 2094 Bacchi
1508 2074 1613 2105 genus,

1083 2114 1191 2144 AEsone
1203 2120 1274 2144 nato

1042 2162 1113 2193 Dici
1117 2169 1126 2192 t
1134 2174 1143 2192 .·
1165 2168 1193 2192 et
1205 2163 1235 2192 in
1248 2163 1342 2192 verbis
1351 2171 1423 2200 pars
1433 2167 1520 2201 quota
1532 2172 1612 2191 men-

1082 2213 1120 2241 tis
1132 2217 1210 2241 erat.

956 2259 1018 2291 Ubi
1033 2265 1137 2290 tamen
1151 2260 1233 2290 malo
1244 2260 1349 2289 mentis
1365 2261 1450 2289 inest.
1495 2258 1613 2290 Hssms.

997 2310 1028 2339 3.
1056 2308 1230 2348 Incolumi]
1255 2307 1293 2338 Id
1308 2313 1354 2339 est
1369 2307 1426 2338 tibi
1441 2308 1547 2343 Jason,
1560 2308 1613 2349 qui

954 2357 1117 2388 incolumis
1131 2368 1269 2388 reversus
1290 2368 1336 2387 es.
1382 2357 1475 2387 Clor.
1522 2356 1611 2387 Inco-

955 2408 1062 2437 lumem
1085 2417 1165 2437 unus
1179 2405 1306 2436 Moreti.
1331 2405 1414 2446 quod
1437 2415 1498 2436 non
1513 2405 1612 2446 negli-

955 2454 1102 2495 gendum,
1127 2460 1161 2485 ut
1189 2453 1449 2494 subintelligatur,
1476 2459 1505 2484 te
1532 2454 1612 2485 redi-

954 2505 1024 2541 isse,
1049 2504 1119 2536 vide
1148 2504 1287 2545 Malasp.
1317 2502 1357 2534 ad
1382 2502 1486 2534 Cicer.
1512 2514 1543 2533 v.
1571 2502 1610 2534 ad

952 2552 1022 2584 Att.
1052 2554 1107 2585 20.
1133 2559 1165 2584 et
1189 2563 1244 2584 nos
1268 2552 1308 2584 ad
1331 2551 1457 2583 Phaedr.
1486 2551 1530 2583 iv.
1556 2553 1611 2583 20.

950 2603 1068 2633 Bunm.

994 2650 1061 2681 Hoc
1084 2658 1182 2681 tamen
1203 2649 1293 2690 ipsa]
1322 2649 1386 2690 Ipso
1403 2648 1463 2680 sere
1489 2649 1608 2690 scripti,

951 2705 982 2730 et
1005 2699 1098 2738 editi3
1130 2699 1188 2730 nisi
1215 2698 1298 2740 quod
1322 2698 1353 2729 in
1379 2697 1523 2729 Leidensi
1545 2704 1611 2729 erat

950 2751 1056 2788 ipsum,
1080 2754 1115 2780 ut
1141 2748 1180 2780 sit
1204 2748 1403 2780 Graecismus.
1441 2753 1472 2779 et
1499 2747 1610 2789 proba-
