1849 3198
214 161 299 202 468

610 160 660 200 Ρ.
694 158 806 201 OVI
815 158 910 200 DII
944 157 1225 200 NASONIS

224 276 338 324 Non
365 276 466 323 avis
492 274 677 322 utiliter
700 274 901 322 viscatis
927 272 1102 336 effugit
1126 273 1240 321 alis:

291 353 405 400 Non
431 353 559 399 bene
584 352 646 399 de
670 352 799 398 laxis
826 350 1053 397 cassibus
1079 350 1185 397 exit
1209 365 1342 413 aper.

226 430 437 477 Saucius
464 436 659 492 arrepto
684 428 836 492 piscis
861 433 1091 474 teneatur
1116 428 1178 474 ab
1204 427 1368 474 hamo.

292 505 551 569 Perprime
576 511 843 552 tentatam:
883 519 993 559 nec,
1018 503 1112 550 nisi
1137 504 1308 559 victor,
1336 504 1433 550 abi.

224 583 353 630 Tum
372 598 537 645 neque
552 588 602 629 te
618 581 796 645 prodet
811 580 1063 627 communi
1078 581 1295 628 obnoxia
1309 581 1494 644 culpae:
1524 583 1620 627 395

292 660 549 723 Factaque
574 666 719 706 erunt
742 658 956 705 dominae
983 658 1218 720 dictaque
1243 665 1362 704 nota
1384 657 1491 704 tibi.

230 737 333 785 Sed
359 738 487 784 bene
513 737 716 792 celetur,
744 736 872 782 bene
897 735 939 781 si
964 735 1207 782 celabitur
1231 735 1400 790 index,

298 813 502 861 Notitiae
529 813 719 860 suberit
744 829 942 876 semper
966 813 1127 859 amica
1150 820 1265 859 tuae.

228 892 477 954 Tempora
502 891 588 954 qui
615 891 732 937 solis
758 907 968 954 operosa
992 889 1271 937 colentibus
1292 904 1422 944 arva,

297 968 519 1028 Fallitur,
547 974 597 1014 et
622 967 786 1014 nautis
813 967 1139 1030 adspicienda
1162 973 1321 1030 putat.

1527 967 1626 1010 400

229 1045 337 1092 Nec
364 1060 561 1107 semper
585 1044 837 1091 credenda
863 1043 1018 1090 Ceres
1044 1043 1302 1090 fallacibus
1329 1043 1477 1089 arvis:

295 1122 403 1169 Nec
430 1137 627 1184 semper
651 1121 792 1168 viridi
817 1136 1036 1168 concava
1060 1120 1243 1184 puppis
1269 1136 1431 1183 aquae.

231 1199 340 1246 Nec
365 1206 561 1246 teneras
589 1214 786 1262 semper
810 1204 973 1244 tutum
999 1205 1200 1261 captare
1225 1197 1434 1260 puellas,

300 1277 446 1340 Saepe
472 1277 589 1323 dato
615 1277 792 1324 melius
814 1282 1039 1339 tempore
1064 1275 1151 1322 fiet
1175 1275 1323 1321 idem.

234 1355 349 1401 Sive
375 1354 481 1401 dies
509 1354 667 1401 aderit
691 1354 894 1410 natalis3
936 1354 1037 1400 sive
1065 1352 1324 1406 Kalendae,

1529 1353 1626 1396 405

298 1431 435 1484 Quas
462 1430 709 1478 Venerem
736 1431 888 1478 Marti
913 1431 1232 1478 continuasse
1250 1431 1415 1492 juvat:

235 1508 350 1555 Sive
376 1508 468 1555 erit
491 1515 710 1564 ornatus,
739 1525 836 1555 non
861 1515 916 1554 ut
939 1507 1031 1554 fuit
1055 1514 1187 1562 ante,
1214 1506 1404 1568 sigillis,

303 1585 405 1632 Sed
430 1602 603 1649 regum
629 1586 884 1649 expositas
912 1585 1090 1632 Circus
1116 1584 1322 1631 habebit
1345 1599 1491 1647 opes;

237 1662 393 1710 Differ
407 1680 549 1726 opus.
576 1671 694 1710 tunc
711 1663 865 1710 tristis
881 1663 1056 1718 hiems,
1071 1670 1190 1709 tunc
1206 1661 1407 1708 Pliades
1423 1659 1626 1706 instant:

300 1740 439 1786 Tunc
465 1747 605 1788 tener
623 1743 855 1804 aequorea
877 1741 1116 1802 mergitur
1136 1739 1330 1786 Hoedus
1352 1738 1503 1801 aqua.
1531 1739 1630 1783 410

277 1908 354 1939 397.
386 1907 467 1939 Bene
495 1909 639 1949 celenna]
688 1909 774 1941 Male
804 1909 897 1941 inter-

234 1963 336 1999 pretes
359 1957 501 1999 capiunt,
525 1957 680 1999 quidquid
704 1958 760 1989 tibi
784 1959 901 1990 ancilla

235 2005 349 2036 dixerit
364 2006 402 2036 de
419 2005 536 2036 amica:
561 2016 632 2036 cum
642 2017 750 2037 sensus
765 2007 816 2043 sit,
829 2013 900 2038 tuus

235 2065 307 2084 cum
324 2053 439 2086 ancilla
454 2054 552 2086 coitus
567 2055 698 2092 celetur,
715 2067 753 2086 ne
773 2056 901 2088 domina

237 2102 396 2138 resciscat,
412 2109 443 2133 et
458 2104 569 2135 Douza
581 2104 788 2147 adscripserat
799 2111 897 2141 recte,

238 2162 273 2181 ne
288 2152 408 2181 domina
423 2154 561 2183 resciscat
577 2155 678 2183 cautio
693 2161 745 2184 est.
784 2155 900 2185 Bunivr.

282 2201 357 2231 399.
375 2201 502 2240 Operosa
519 2202 625 2243 arvam]
653 2203 731 2233 Sunt
743 2202 774 2232 in
786 2203 901 2244 quibus

237 2260 360 2291 semper
373 2260 451 2291 opus
468 2250 596 2291 aliquod
617 2250 683 2282 fieri
706 2251 812 2283 debet.
829 2251 900 2282 vide

238 2298 378 2328 Broukli.
397 2298 436 2329 ad
450 2298 555 2330 Tibul.
570 2299 593 2329 i.
609 2300 692 2340 eleg.
710 2311 740 2331 x.
765 2312 793 2330 v.
818 2302 846 2331 8.
870 2307 901 2330 et
945 2296 947 2299 ⁸

238 2358 322 2388 supr.
338 2347 372 2377 ii.
389 2347 496 2378 Amor·
512 2349 575 2379 xvi.
591 2350 644 2379 33.

283 2396 358 2426 405.
377 2396 551 2438 Kalendae]
585 2397 726 2428 Effartial.
743 2409 773 2428 v.
791 2399 845 2428 85.

285 2445 348 2476 Scis
362 2452 451 2481 certe,
465 2452 550 2485 pum,
567 2449 742 2486 vestrajam
758 2449 859 2478 venire

283 2494 475 2531 Saturnalia,
492 2495 623 2526 DIartias
639 2496 802 2526 Kalendas.

241 2543 333 2574 Unde
363 2549 394 2574 et
425 2544 569 2575 Femineae
606 2544 698 2575 dictae
738 2545 902 2576 Kalendae.

242 2594 374 2625 Douzn.

283 2643 356 2673 408.
372 2643 429 2674 Sed
444 2654 549 2685 regum
567 2646 674 2683 positas
697 2646 794 2674 circus
817 2643 903 2673 habi·-

241 2693 282 2722 bc't
297 2692 388 2732 opes]
436 2692 562 2723 Merula
580 2693 638 2723 hoc
660 2694 728 2723 loco
749 2692 848 2723 multa
863 2692 901 2722 de

967 1909 1111 1940 obeliscis
1138 1907 1298 1950 AEgyptiis
1321 1906 1423 1943 affert,
1449 1916 1526 1948 quos
1555 1905 1632 1936 dicit

967 1957 1188 1999 intelligendos
1202 1968 1280 1988 esse.
1309 1957 1376 1998 Ego
1392 1966 1464 1987 vero
1482 1954 1632 1997 simplici-

968 2014 1014 2039 ter
1041 2007 1162 2049 accipio
1187 2006 1226 2037 de
1255 2006 1494 2048 quibuscunque
1523 2015 1631 2046 regum

968 2057 1080 2099 opibus
1095 2067 1132 2087 ac
1148 2055 1265 2097 spoliis,
1281 2055 1416 2085 Romam
1431 2065 1487 2096 per
1498 2053 1631 2095 impera-

969 2112 1051 2137 tores
1066 2105 1182 2141 allatis,
1198 2104 1312 2146 quibus
1327 2104 1437 2135 Circus
1457 2110 1489 2136 et
1509 2103 1631 2135 theatra

968 2154 1109 2185 exornari
1124 2160 1230 2184 tamen
1245 2153 1397 2184 solebant.
1420 2153 1534 2194 Neque
1548 2153 1631 2183 enim

969 2213 1084 2245 magna
1110 2202 1279 2234 oblectatio
1305 2202 1424 2238 fuisset,
1453 2203 1534 2233 solos
1563 2201 1634 2233 illos

969 2252 1091 2294 lapides
1110 2257 1268 2293 spectare:
1306 2262 1377 2281 cum
1407 2251 1516 2282 eodem
1538 2250 1631 2281 modo

968 2299 1064 2332 etiam
1084 2300 1221 2341 antiquis
1243 2299 1354 2340 sigillis
1377 2299 1556 2341 spectandis
1578 2300 1632 2331 ob-

969 2351 1077 2382 lectari
1093 2351 1201 2393 puella
1215 2350 1378 2393 potuisset.
1424 2350 1486 2381 Sed
1502 2350 1561 2381 hoc
1583 2351 1630 2382 in-

970 2400 1037 2431 nuit
1052 2401 1162 2436 Poeta,
1179 2410 1250 2430 cum
1266 2399 1349 2430 varie
1364 2409 1400 2430 ac
1416 2399 1563 2441 speciosis
1580 2410 1630 2431 re—

971 2449 1028 2479 bus
1035 2448 1145 2479 Circus
1158 2453 1324 2479 exornatus
1335 2447 1405 2484 erit,
1418 2448 1462 2479 ita
1473 2454 1508 2479 ut
1518 2448 1632 2490 puellae

970 2496 1032 2528 illis
1047 2496 1295 2539 contemplandis
1306 2507 1416 2528 vacare
1429 2497 1528 2538 magis
1538 2508 1632 2539 quam

971 2546 1100 2577 amatori
1110 2546 1219 2582 velint,
1232 2551 1306 2577 tunc
1319 2546 1537 2577 abstinendum
1545 2557 1613 2577 esse
1625 2559 1633 2577 ε

972 2601 1046 2626 tunc
1062 2595 1143 2626 enim
1158 2605 1281 2636 operam
1298 2595 1329 2625 in
1353 2594 1415 2626 illis
1428 2595 1634 2626 conciliandis

972 2643 1083 2675 frustra
1097 2644 1189 2675 sumi.
1235 2644 1362 2674 Μῐεη.

1016 2693 1090 2723 409.
1111 2693 1212 2733 Differ
1226 2704 1296 2731 opus
1308 2705 1315 2722 :
1341 2700 1414 2722 runc·
1430 2695 1523 2724 tristis
1535 2694 1634 2729 hie-ms,
