<?xml version="1.0" encoding="UTF-8"?>
<!DOCTYPE html PUBLIC "-//W3C//DTD XHTML 1.0 Transitional//EN"
    "http://www.w3.org/TR/xhtml1/DTD/xhtml1-transitional.dtd">
<html xmlns="http://www.w3.org/1999/xhtml" xml:lang="en" lang="en">
 <head>
  <title>
</title>
<meta http-equiv="Content-Type" content="text/html;charset=utf-8" />
  <meta name='ocr-system' content='tesseract 3.04.00' />
  <meta name='ocr-capabilities' content='ocr_page ocr_carea ocr_par ocr_line ocrx_word'/>
</head>
<body>
  <div class='ocr_page' id='page_1' title='image "./povidiinasonisop01oviduoft_0408.png"; bbox 0 0 1849 3198; ppageno 0'>
   <div class='ocr_carea' id='block_1_1' title="bbox 177 193 263 235">
    <p class='ocr_par' dir='ltr' id='par_1_1' title="bbox 177 193 263 235">
     <span class='ocr_line' id='line_1_1' title="bbox 177 193 263 235; baseline -0.012 0"><span class='ocrx_word' id='word_1_1' title='bbox 177 193 263 235; x_wconf 77' lang='lat'>322</span> 
     </span>
    </p>
   </div>
   <div class='ocr_carea' id='block_1_2' title="bbox 572 193 1184 236">
    <p class='ocr_par' dir='ltr' id='par_1_2' title="bbox 572 193 1184 236">
     <span class='ocr_line' id='line_1_2' title="bbox 572 193 1184 236; baseline 0 -1"><span class='ocrx_word' id='word_1_2' title='bbox 572 195 621 235; x_wconf 91' lang='lat' dir='ltr'>P.</span> <span class='ocrx_word' id='word_1_3' title='bbox 656 193 870 236; x_wconf 91' lang='lat' dir='ltr'>OVIDII</span> <span class='ocrx_word' id='word_1_4' title='bbox 903 194 1184 236; x_wconf 87' lang='lat' dir='ltr'>NASONIS</span> 
     </span>
    </p>
   </div>
   <div class='ocr_carea' id='block_1_3' title="bbox 182 309 1567 526">
    <p class='ocr_par' dir='ltr' id='par_1_3' title="bbox 182 309 1567 526">
     <span class='ocr_line' id='line_1_3' title="bbox 182 309 1566 373; baseline 0.001 -17"><span class='ocrx_word' id='word_1_5' title='bbox 182 309 349 363; x_wconf 76' lang='lat' dir='ltr'>Quid?</span> <span class='ocrx_word' id='word_1_6' title='bbox 387 310 505 372; x_wconf 88' lang='lat' dir='ltr'>quia</span> <span class='ocrx_word' id='word_1_7' title='bbox 529 310 736 373; x_wconf 80' lang='lat' dir='ltr'>pulcher</span> <span class='ocrx_word' id='word_1_8' title='bbox 760 310 866 365; x_wconf 87' lang='lat' dir='ltr'>erit,</span> <span class='ocrx_word' id='word_1_9' title='bbox 893 316 1068 373; x_wconf 88' lang='lat' dir='ltr'>poscet</span> <span class='ocrx_word' id='word_1_10' title='bbox 1092 309 1198 356; x_wconf 90' lang='lat' dir='ltr'>sine</span> <span class='ocrx_word' id='word_1_11' title='bbox 1222 325 1426 357; x_wconf 90' lang='lat' dir='ltr'>munere</span> <span class='ocrx_word' id='word_1_12' title='bbox 1452 326 1566 358; x_wconf 91' lang='lat' dir='ltr'>noc-</span> 
     </span>
     <span class='ocr_line' id='line_1_4' title="bbox 249 385 1567 450; baseline 0.002 -18"><span class='ocrx_word' id='word_1_13' title='bbox 249 385 395 440; x_wconf 84' lang='lat' dir='ltr'>Quod</span> <span class='ocrx_word' id='word_1_14' title='bbox 420 387 521 442; x_wconf 87' lang='lat' dir='ltr'>det,</span> <span class='ocrx_word' id='word_1_15' title='bbox 548 393 818 433; x_wconf 81' lang='lat' dir='ltr'>amatorem</span> <span class='ocrx_word' id='word_1_16' title='bbox 843 387 1035 449; x_wconf 80' lang='lat' dir='ltr'>flagitet</span> <span class='ocrx_word' id='word_1_17' title='bbox 1059 394 1174 433; x_wconf 89' lang='lat' dir='ltr'>ante</span> <span class='ocrx_word' id='word_1_18' title='bbox 1198 402 1359 434; x_wconf 90' lang='lat' dir='ltr'>suum.</span> <span class='ocrx_word' id='word_1_19' title='bbox 1407 388 1529 450; x_wconf 88' lang='lat' dir='ltr'>[tem</span> <span class='ocrx_word' id='word_1_20' title='bbox 1550 389 1567 434; x_wconf 63' lang='grc' dir='ltr'><em>ἲ</em></span> 
     </span>
     <span class='ocr_line' id='line_1_5' title="bbox 182 462 1354 526; baseline 0.001 -17"><span class='ocrx_word' id='word_1_21' title='bbox 182 462 387 510; x_wconf 84' lang='lat' dir='ltr'>Parcius</span> <span class='ocrx_word' id='word_1_22' title='bbox 413 463 600 526; x_wconf 80' lang='lat' dir='ltr'>exigito</span> <span class='ocrx_word' id='word_1_23' title='bbox 625 463 856 526; x_wconf 86' lang='lat' dir='ltr'>pretium,</span> <span class='ocrx_word' id='word_1_24' title='bbox 885 464 1003 510; x_wconf 90' lang='lat' dir='ltr'>dum</span> <span class='ocrx_word' id='word_1_25' title='bbox 1028 463 1151 510; x_wconf 88' lang='lat' dir='ltr'>retia</span> <span class='ocrx_word' id='word_1_26' title='bbox 1173 464 1354 519; x_wconf 90' lang='lat' dir='ltr'>tendis,</span> 
     </span>
    </p>
   </div>
   <div class='ocr_carea' id='block_1_4' title="bbox 247 539 1239 611">
    <p class='ocr_par' dir='ltr' id='par_1_4' title="bbox 247 539 1239 611">
     <span class='ocr_line' id='line_1_6' title="bbox 247 539 1239 611; baseline 0 -25"><span class='ocrx_word' id='word_1_27' title='bbox 247 540 326 587; x_wconf 92' lang='lat' dir='ltr'>Ne</span> <span class='ocrx_word' id='word_1_28' title='bbox 351 540 768 611; x_wconf 56' lang='lat' dir='ltr'>fugiant7,.scaptos</span> <span class='ocrx_word' id='word_1_29' title='bbox 793 539 987 601; x_wconf 84' lang='lat' dir='ltr'>legibus</span> <span class='ocrx_word' id='word_1_30' title='bbox 1013 556 1099 586; x_wconf 91' lang='lat' dir='ltr'>ure</span> <span class='ocrx_word' id='word_1_31' title='bbox 1124 540 1239 586; x_wconf 88' lang='lat' dir='ltr'>tuis.</span> 
     </span>
    </p>
   </div>
   <div class='ocr_carea' id='block_1_5' title="bbox 1508 544 1570 587">
    <p class='ocr_par' dir='ltr' id='par_1_5' title="bbox 1508 544 1570 587">
     <span class='ocr_line' id='line_1_7' title="bbox 1508 544 1570 587; baseline 0 0"><span class='ocrx_word' id='word_1_32' title='bbox 1508 544 1570 587; x_wconf 88' lang='grc'>70</span> 
     </span>
    </p>
   </div>
   <div class='ocr_carea' id='block_1_6' title="bbox 176 617 1565 1301">
    <p class='ocr_par' dir='ltr' id='par_1_6' title="bbox 181 617 1497 758">
     <span class='ocr_line' id='line_1_8' title="bbox 181 617 1497 665; baseline 0 0"><span class='ocrx_word' id='word_1_33' title='bbox 181 617 290 665; x_wconf 91' lang='lat' dir='ltr'>Nec</span> <span class='ocrx_word' id='word_1_34' title='bbox 316 618 485 665; x_wconf 81' lang='lat' dir='ltr'>nocuit</span> <span class='ocrx_word' id='word_1_35' title='bbox 509 618 768 664; x_wconf 86' lang='lat' dir='ltr'>simulatus</span> <span class='ocrx_word' id='word_1_36' title='bbox 795 633 947 664; x_wconf 90' lang='lat' dir='ltr'>amor.</span> <span class='ocrx_word' id='word_1_37' title='bbox 988 617 1094 664; x_wconf 89' lang='lat' dir='ltr'>sine</span> <span class='ocrx_word' id='word_1_38' title='bbox 1121 617 1293 664; x_wconf 83' lang='lat' dir='ltr'>credat</span> <span class='ocrx_word' id='word_1_39' title='bbox 1318 618 1497 665; x_wconf 88' lang='lat' dir='ltr'>amari:</span> 
     </span>
     <span class='ocr_line' id='line_1_9' title="bbox 249 694 1398 758; baseline -0.002 -15"><span class='ocrx_word' id='word_1_40' title='bbox 249 697 350 743; x_wconf 86' lang='lat' dir='ltr'>Sed</span> <span class='ocrx_word' id='word_1_41' title='bbox 375 712 511 751; x_wconf 83' lang='lat' dir='ltr'>cave,</span> <span class='ocrx_word' id='word_1_42' title='bbox 539 712 600 743; x_wconf 88' lang='lat' dir='ltr'>ne</span> <span class='ocrx_word' id='word_1_43' title='bbox 626 696 778 758; x_wconf 78' lang='lat' dir='ltr'>gratis</span> <span class='ocrx_word' id='word_1_44' title='bbox 804 695 884 742; x_wconf 92' lang='lat' dir='ltr'>hic</span> <span class='ocrx_word' id='word_1_45' title='bbox 910 694 1000 742; x_wconf 89' lang='lat' dir='ltr'>tibi</span> <span class='ocrx_word' id='word_1_46' title='bbox 1026 701 1222 741; x_wconf 85' lang='lat' dir='ltr'>constet</span> <span class='ocrx_word' id='word_1_47' title='bbox 1247 711 1398 741; x_wconf 87' lang='lat' dir='ltr'>amor.</span> 
     </span>
    </p>

    <p class='ocr_par' dir='ltr' id='par_1_7' title="bbox 181 772 1507 915">
     <span class='ocr_line' id='line_1_10' title="bbox 181 772 1507 837; baseline -0.001 -18"><span class='ocrx_word' id='word_1_48' title='bbox 181 773 327 837; x_wconf 87' lang='lat' dir='ltr'>Saepe</span> <span class='ocrx_word' id='word_1_49' title='bbox 347 790 477 836; x_wconf 84' lang='lat' dir='ltr'>nega</span> <span class='ocrx_word' id='word_1_50' title='bbox 499 781 688 821; x_wconf 87' lang='lat' dir='ltr'>noctes.</span> <span class='ocrx_word' id='word_1_51' title='bbox 728 772 904 837; x_wconf 88' lang='lat' dir='ltr'>capitis</span> <span class='ocrx_word' id='word_1_52' title='bbox 930 772 1077 818; x_wconf 89' lang='lat' dir='ltr'>modo</span> <span class='ocrx_word' id='word_1_53' title='bbox 1103 772 1234 833; x_wconf 79' lang='lat' dir='ltr'>finge</span> <span class='ocrx_word' id='word_1_54' title='bbox 1259 772 1507 819; x_wconf 86' lang='lat' dir='ltr'>dolorem:</span> 
     </span>
     <span class='ocr_line' id='line_1_11' title="bbox 245 849 1367 915; baseline -0.003 -17"><span class='ocrx_word' id='word_1_55' title='bbox 245 851 311 898; x_wconf 85' lang='lat' dir='ltr'>Et</span> <span class='ocrx_word' id='word_1_56' title='bbox 334 853 481 899; x_wconf 84' lang='lat' dir='ltr'>modo</span> <span class='ocrx_word' id='word_1_57' title='bbox 507 868 618 915; x_wconf 85' lang='lat' dir='ltr'>quae</span> <span class='ocrx_word' id='word_1_58' title='bbox 644 867 846 898; x_wconf 79' lang='lat' dir='ltr'>caussas</span> <span class='ocrx_word' id='word_1_59' title='bbox 872 850 1109 914; x_wconf 79' lang='lat' dir='ltr'>praebeat,</span> <span class='ocrx_word' id='word_1_60' title='bbox 1139 849 1233 895; x_wconf 90' lang='lat' dir='ltr'>Isis</span> <span class='ocrx_word' id='word_1_61' title='bbox 1260 849 1367 896; x_wconf 84' lang='lat' dir='ltr'>erit.</span> 
     </span>
    </p>

    <p class='ocr_par' dir='ltr' id='par_1_8' title="bbox 178 926 1565 1068">
     <span class='ocr_line' id='line_1_12' title="bbox 178 926 1565 993; baseline -0.003 -18"><span class='ocrx_word' id='word_1_62' title='bbox 178 928 301 976; x_wconf 87' lang='lat' dir='ltr'>Mox</span> <span class='ocrx_word' id='word_1_63' title='bbox 327 929 520 993; x_wconf 87' lang='lat' dir='ltr'>recipe;</span> <span class='ocrx_word' id='word_1_64' title='bbox 561 936 615 976; x_wconf 86' lang='lat' dir='ltr'>ut</span> <span class='ocrx_word' id='word_1_65' title='bbox 640 929 828 975; x_wconf 91' lang='lat' dir='ltr'>nullum</span> <span class='ocrx_word' id='word_1_66' title='bbox 855 927 1076 991; x_wconf 89' lang='lat' dir='ltr'>patiendi</span> <span class='ocrx_word' id='word_1_67' title='bbox 1102 926 1304 988; x_wconf 83' lang='lat' dir='ltr'>colligat</span> <span class='ocrx_word' id='word_1_68' title='bbox 1327 942 1488 980; x_wconf 85' lang='lat' dir='ltr'>usum,</span> <span class='ocrx_word' id='word_1_69' title='bbox 1504 928 1565 972; x_wconf 81' lang='lat'>75</span> 
     </span>
     <span class='ocr_line' id='line_1_13' title="bbox 245 1004 1297 1068; baseline -0.001 -17"><span class='ocrx_word' id='word_1_70' title='bbox 245 1005 384 1052; x_wconf 86' lang='lat' dir='ltr'>Neve</span> <span class='ocrx_word' id='word_1_71' title='bbox 409 1006 707 1053; x_wconf 79' lang='lat' dir='ltr'>relentescat</span> <span class='ocrx_word' id='word_1_72' title='bbox 731 1020 864 1068; x_wconf 84' lang='lat' dir='ltr'>saepe</span> <span class='ocrx_word' id='word_1_73' title='bbox 890 1004 1119 1066; x_wconf 86' lang='lat' dir='ltr'>repulsus</span> <span class='ocrx_word' id='word_1_74' title='bbox 1146 1019 1297 1050; x_wconf 85' lang='lat' dir='ltr'>amor.</span> 
     </span>
    </p>

    <p class='ocr_par' dir='ltr' id='par_1_9' title="bbox 179 1081 1290 1222">
     <span class='ocr_line' id='line_1_14' title="bbox 179 1081 1271 1145; baseline -0.002 -16"><span class='ocrx_word' id='word_1_75' title='bbox 179 1083 341 1130; x_wconf 81' lang='lat' dir='ltr'>Surda</span> <span class='ocrx_word' id='word_1_76' title='bbox 365 1083 429 1129; x_wconf 91' lang='lat' dir='ltr'>sit</span> <span class='ocrx_word' id='word_1_77' title='bbox 453 1083 612 1129; x_wconf 84' lang='lat' dir='ltr'>oranti</span> <span class='ocrx_word' id='word_1_78' title='bbox 637 1089 724 1129; x_wconf 87' lang='lat' dir='ltr'>tua</span> <span class='ocrx_word' id='word_1_79' title='bbox 742 1083 912 1145; x_wconf 89' lang='lat' dir='ltr'>janua,</span> <span class='ocrx_word' id='word_1_80' title='bbox 939 1082 1055 1128; x_wconf 81' lang='lat' dir='ltr'>laxa</span> <span class='ocrx_word' id='word_1_81' title='bbox 1078 1081 1271 1128; x_wconf 81' lang='lat' dir='ltr'>ferenti.</span> 
     </span>
     <span class='ocr_line' id='line_1_15' title="bbox 241 1160 1290 1222; baseline -0.003 -15"><span class='ocrx_word' id='word_1_82' title='bbox 241 1160 427 1207; x_wconf 88' lang='lat' dir='ltr'>Audiat</span> <span class='ocrx_word' id='word_1_83' title='bbox 452 1161 642 1208; x_wconf 83' lang='lat' dir='ltr'>exclusi</span> <span class='ocrx_word' id='word_1_84' title='bbox 667 1161 818 1207; x_wconf 83' lang='lat' dir='ltr'>verba</span> <span class='ocrx_word' id='word_1_85' title='bbox 843 1166 1075 1222; x_wconf 90' lang='lat' dir='ltr'>receptus</span> <span class='ocrx_word' id='word_1_86' title='bbox 1102 1175 1290 1205; x_wconf 85' lang='lat' dir='ltr'>amans.</span> 
     </span>
    </p>

    <p class='ocr_par' dir='ltr' id='par_1_10' title="bbox 176 1235 1541 1301">
     <span class='ocr_line' id='line_1_16' title="bbox 176 1235 1541 1301; baseline -0.003 -17"><span class='ocrx_word' id='word_1_87' title='bbox 176 1237 255 1293; x_wconf 86' lang='lat' dir='ltr'>Et,</span> <span class='ocrx_word' id='word_1_88' title='bbox 284 1238 425 1301; x_wconf 87' lang='lat' dir='ltr'>quasi</span> <span class='ocrx_word' id='word_1_89' title='bbox 451 1239 571 1285; x_wconf 87' lang='lat' dir='ltr'>laesa</span> <span class='ocrx_word' id='word_1_90' title='bbox 595 1238 742 1301; x_wconf 84' lang='lat' dir='ltr'>prior,</span> <span class='ocrx_word' id='word_1_91' title='bbox 770 1253 1145 1300; x_wconf 87' lang='lat' dir='ltr'>nonnumquam</span> <span class='ocrx_word' id='word_1_92' title='bbox 1171 1237 1382 1283; x_wconf 86' lang='lat' dir='ltr'>irascere</span> <span class='ocrx_word' id='word_1_93' title='bbox 1408 1235 1541 1281; x_wconf 81' lang='lat' dir='ltr'>laeso.</span> 
     </span>
    </p>
   </div>
   <div class='ocr_carea' id='block_1_7' title="bbox 240 1314 1208 1379">
    <p class='ocr_par' dir='ltr' id='par_1_11' title="bbox 240 1314 1208 1379">
     <span class='ocr_line' id='line_1_17' title="bbox 240 1314 1208 1379; baseline -0.001 -18"><span class='ocrx_word' id='word_1_94' title='bbox 240 1315 493 1363; x_wconf 83' lang='lat' dir='ltr'>Vanescat</span> <span class='ocrx_word' id='word_1_95' title='bbox 518 1316 667 1379; x_wconf 69' lang='lat' dir='ltr'>culpa</span> <span class='ocrx_word' id='word_1_96' title='bbox 695 1316 843 1379; x_wconf 88' lang='lat' dir='ltr'>culpa</span> <span class='ocrx_word' id='word_1_97' title='bbox 867 1330 1080 1378; x_wconf 88' lang='lat' dir='ltr'>repensa</span> <span class='ocrx_word' id='word_1_98' title='bbox 1102 1314 1208 1360; x_wconf 67' lang='lat' dir='ltr'>tua.</span> 
     </span>
    </p>
   </div>
   <div class='ocr_carea' id='block_1_8' title="bbox 161 1466 833 2782">
    <p class='ocr_par' dir='ltr' id='par_1_12' title="bbox 215 1466 830 1546">
     <span class='ocr_line' id='line_1_18' title="bbox 215 1466 830 1507; baseline 0.002 -12"><span class='ocrx_word' id='word_1_99' title='bbox 215 1466 277 1496; x_wconf 75' lang='lat' dir='ltr'>Nec</span> <span class='ocrx_word' id='word_1_100' title='bbox 306 1473 334 1496; x_wconf 76' lang='lat' dir='ltr'>te</span> <span class='ocrx_word' id='word_1_101' title='bbox 361 1468 511 1506; x_wconf 72' lang='lat' dir='ltr'>decipiant</span> <span class='ocrx_word' id='word_1_102' title='bbox 537 1469 644 1497; x_wconf 79' lang='lat' dir='ltr'>veteris</span> <span class='ocrx_word' id='word_1_103' title='bbox 672 1468 830 1507; x_wconf 77' lang='lat' dir='ltr'>quicquam</span> 
     </span>
     <span class='ocr_line' id='line_1_19' title="bbox 252 1518 434 1546; baseline 0.011 -2"><span class='ocrx_word' id='word_1_104' title='bbox 252 1518 333 1546; x_wconf 74' lang='lat' dir='ltr'>atriu</span> <span class='ocrx_word' id='word_1_105' title='bbox 349 1528 434 1546; x_wconf 66' lang='lat' dir='ltr'>cerff.</span> 
     </span>
    </p>

    <p class='ocr_par' dir='ltr' id='par_1_13' title="bbox 161 1564 833 2675">
     <span class='ocr_line' id='line_1_20' title="bbox 174 1564 830 1606; baseline 0.002 -12"><span class='ocrx_word' id='word_1_106' title='bbox 174 1565 214 1594; x_wconf 85' lang='lat' dir='ltr'>Ut</span> <span class='ocrx_word' id='word_1_107' title='bbox 229 1564 269 1594; x_wconf 79' lang='lat' dir='ltr'>sit</span> <span class='ocrx_word' id='word_1_108' title='bbox 284 1565 372 1595; x_wconf 88' lang='lat' dir='ltr'>ordo:</span> <span class='ocrx_word' id='word_1_109' title='bbox 398 1566 466 1596; x_wconf 88' lang='lat' dir='ltr'>Nee</span> <span class='ocrx_word' id='word_1_110' title='bbox 482 1571 512 1595; x_wconf 76' lang='lat' dir='ltr'>te</span> <span class='ocrx_word' id='word_1_111' title='bbox 529 1564 698 1606; x_wconf 84' lang='lat' dir='ltr'>quicquam</span> <span class='ocrx_word' id='word_1_112' title='bbox 715 1565 830 1606; x_wconf 78' lang='lat' dir='ltr'>decipi-</span> 
     </span>
     <span class='ocr_line' id='line_1_21' title="bbox 169 1614 833 1651; baseline 0.003 -8"><span class='ocrx_word' id='word_1_113' title='bbox 169 1619 223 1644; x_wconf 98' lang='lat' dir='ltr'>ant</span> <span class='ocrx_word' id='word_1_114' title='bbox 246 1614 325 1645; x_wconf 87' lang='lat' dir='ltr'>atria</span> <span class='ocrx_word' id='word_1_115' title='bbox 344 1625 422 1645; x_wconf 83' lang='lat' dir='ltr'>cerae</span> <span class='ocrx_word' id='word_1_116' title='bbox 438 1615 560 1651; x_wconf 77' lang='lat' dir='ltr'>veteris,</span> <span class='ocrx_word' id='word_1_117' title='bbox 586 1615 645 1644; x_wconf 64' lang='lat' dir='ltr'>Sec.</span> <span class='ocrx_word' id='word_1_118' title='bbox 693 1615 776 1644; x_wconf 82' lang='lat' dir='ltr'>Nam</span> <span class='ocrx_word' id='word_1_119' title='bbox 802 1620 833 1645; x_wconf 86' lang='lat' dir='ltr'>et</span> 
     </span>
     <span class='ocr_line' id='line_1_22' title="bbox 166 1663 830 1704; baseline 0.002 -12"><span class='ocrx_word' id='word_1_120' title='bbox 166 1663 322 1693; x_wconf 85' lang='lat' dir='ltr'>sententia</span> <span class='ocrx_word' id='word_1_121' title='bbox 337 1663 394 1694; x_wconf 87' lang='lat' dir='ltr'>hoc</span> <span class='ocrx_word' id='word_1_122' title='bbox 411 1664 501 1693; x_wconf 90' lang='lat' dir='ltr'>modo</span> <span class='ocrx_word' id='word_1_123' title='bbox 516 1663 611 1704; x_wconf 83' lang='lat' dir='ltr'>plana</span> <span class='ocrx_word' id='word_1_124' title='bbox 633 1663 782 1696; x_wconf 84' lang='lat' dir='ltr'>redditur.</span> <span class='ocrx_word' id='word_1_125' title='bbox 798 1669 830 1693; x_wconf 85' lang='lat' dir='ltr'>et</span> 
     </span>
     <span class='ocr_line' id='line_1_23' title="bbox 166 1711 828 1751; baseline -0.002 -9"><span class='ocrx_word' id='word_1_126' title='bbox 166 1711 266 1742; x_wconf 74' lang='lat' dir='ltr'>facilis</span> <span class='ocrx_word' id='word_1_127' title='bbox 292 1712 438 1742; x_wconf 80' lang='lat' dir='ltr'>transitus</span> <span class='ocrx_word' id='word_1_128' title='bbox 461 1712 520 1742; x_wconf 84' lang='lat' dir='ltr'>fuit</span> <span class='ocrx_word' id='word_1_129' title='bbox 544 1723 581 1742; x_wconf 74' lang='lat' dir='ltr'>ex</span> <span class='ocrx_word' id='word_1_130' title='bbox 613 1712 777 1751; x_wconf 67' lang='lat' dir='ltr'>Quicquam</span> <span class='ocrx_word' id='word_1_131' title='bbox 800 1719 828 1742; x_wconf 78' lang='lat' dir='ltr'>et</span> 
     </span>
     <span class='ocr_line' id='line_1_24' title="bbox 165 1761 828 1801; baseline 0.003 -11"><span class='ocrx_word' id='word_1_132' title='bbox 165 1764 259 1797; x_wconf 73' lang='lat' dir='ltr'>atriu,</span> <span class='ocrx_word' id='word_1_133' title='bbox 276 1761 307 1791; x_wconf 88' lang='lat' dir='ltr'>in</span> <span class='ocrx_word' id='word_1_134' title='bbox 325 1762 542 1801; x_wconf 64' lang='lat' dir='ltr'>Quinquatria,</span> <span class='ocrx_word' id='word_1_135' title='bbox 559 1762 617 1792; x_wconf 55' lang='lat' dir='ltr'>[xc.</span> <span class='ocrx_word' id='word_1_136' title='bbox 645 1762 705 1791; x_wconf 85' lang='lat' dir='ltr'>Sed</span> <span class='ocrx_word' id='word_1_137' title='bbox 723 1767 828 1792; x_wconf 86' lang='lat' dir='ltr'>tamen</span> 
     </span>
     <span class='ocr_line' id='line_1_25' title="bbox 166 1810 827 1852; baseline 0.003 -13"><span class='ocrx_word' id='word_1_138' title='bbox 166 1821 255 1840; x_wconf 84' lang='lat' dir='ltr'>suum</span> <span class='ocrx_word' id='word_1_139' title='bbox 288 1811 402 1852; x_wconf 78' lang='lat' dir='ltr'>cuique</span> <span class='ocrx_word' id='word_1_140' title='bbox 435 1810 589 1852; x_wconf 85' lang='lat' dir='ltr'>judicium</span> <span class='ocrx_word' id='word_1_141' title='bbox 625 1810 827 1852; x_wconf 81' lang='lat' dir='ltr'>relinquatur.</span> 
     </span>
     <span class='ocr_line' id='line_1_26' title="bbox 167 1860 827 1894; baseline 0.003 -6"><span class='ocrx_word' id='word_1_142' title='bbox 167 1860 353 1891; x_wconf 73' lang='lat' dir='ltr'>Micv1.1.us.</span> <span class='ocrx_word' id='word_1_143' title='bbox 408 1860 515 1890; x_wconf 82' lang='lat' dir='ltr'>Codex</span> <span class='ocrx_word' id='word_1_144' title='bbox 554 1861 682 1894; x_wconf 77' lang='lat' dir='ltr'>Douzae,</span> <span class='ocrx_word' id='word_1_145' title='bbox 723 1862 827 1890; x_wconf 71' lang='lat' dir='ltr'>veteris</span> 
     </span>
     <span class='ocr_line' id='line_1_27' title="bbox 164 1910 825 1950; baseline 0.002 -11"><span class='ocrx_word' id='word_1_146' title='bbox 164 1912 367 1950; x_wconf 78' lang='lat' dir='ltr'>quinquennia</span> <span class='ocrx_word' id='word_1_147' title='bbox 384 1922 468 1941; x_wconf 65' lang='lat' dir='ltr'>cerne.</span> <span class='ocrx_word' id='word_1_148' title='bbox 486 1911 518 1940; x_wconf 89' lang='lat' dir='ltr'>id</span> <span class='ocrx_word' id='word_1_149' title='bbox 536 1916 592 1946; x_wconf 89' lang='lat' dir='ltr'>est,</span> <span class='ocrx_word' id='word_1_150' title='bbox 608 1916 641 1941; x_wconf 87' lang='lat' dir='ltr'>ut</span> <span class='ocrx_word' id='word_1_151' title='bbox 657 1910 710 1940; x_wconf 88' lang='lat' dir='ltr'>ille</span> <span class='ocrx_word' id='word_1_152' title='bbox 726 1910 825 1946; x_wconf 82' lang='lat' dir='ltr'>addit,</span> 
     </span>
     <span class='ocr_line' id='line_1_28' title="bbox 166 1959 825 2001; baseline 0.002 -13"><span class='ocrx_word' id='word_1_153' title='bbox 166 1962 308 2001; x_wconf 74' lang='lat' dir='ltr'>imagines</span> <span class='ocrx_word' id='word_1_154' title='bbox 330 1972 430 1991; x_wconf 64' lang='lat' dir='ltr'>cer-ece.</span> <span class='ocrx_word' id='word_1_155' title='bbox 456 1959 531 1989; x_wconf 88' lang='lat' dir='ltr'>mihi</span> <span class='ocrx_word' id='word_1_156' title='bbox 555 1959 677 1990; x_wconf 87' lang='lat' dir='ltr'>Heinsii</span> <span class='ocrx_word' id='word_1_157' title='bbox 703 1960 825 2001; x_wconf 86' lang='lat' dir='ltr'>conjec-</span> 
     </span>
     <span class='ocr_line' id='line_1_29' title="bbox 165 2008 824 2049; baseline -0.002 -10"><span class='ocrx_word' id='word_1_158' title='bbox 165 2015 233 2039; x_wconf 83' lang='lat' dir='ltr'>tura</span> <span class='ocrx_word' id='word_1_159' title='bbox 248 2009 384 2039; x_wconf 81' lang='lat' dir='ltr'>maxime</span> <span class='ocrx_word' id='word_1_160' title='bbox 400 2009 502 2039; x_wconf 83' lang='lat' dir='ltr'>adhuc</span> <span class='ocrx_word' id='word_1_161' title='bbox 519 2008 646 2043; x_wconf 84' lang='lat' dir='ltr'>arridet,</span> <span class='ocrx_word' id='word_1_162' title='bbox 657 2008 681 2038; x_wconf 87' lang='lat' dir='ltr'>si</span> <span class='ocrx_word' id='word_1_163' title='bbox 697 2019 751 2049; x_wconf 85' lang='lat' dir='ltr'>pro</span> <span class='ocrx_word' id='word_1_164' title='bbox 766 2011 824 2038; x_wconf 74' lang='lat' dir='ltr'>cir-</span> 
     </span>
     <span class='ocr_line' id='line_1_30' title="bbox 164 2057 826 2098; baseline 0.003 -12"><span class='ocrx_word' id='word_1_165' title='bbox 164 2069 241 2092; x_wconf 76' lang='lat' dir='ltr'>cum,</span> <span class='ocrx_word' id='word_1_166' title='bbox 257 2060 337 2088; x_wconf 78' lang='lat' dir='ltr'>circa</span> <span class='ocrx_word' id='word_1_167' title='bbox 353 2068 425 2088; x_wconf 92' lang='lat' dir='ltr'>cum</span> <span class='ocrx_word' id='word_1_168' title='bbox 440 2057 590 2088; x_wconf 84' lang='lat' dir='ltr'>Scriverio</span> <span class='ocrx_word' id='word_1_169' title='bbox 606 2058 703 2098; x_wconf 77' lang='lat' dir='ltr'>legaS,</span> <span class='ocrx_word' id='word_1_170' title='bbox 719 2065 826 2088; x_wconf 70' lang='lat' dir='ltr'>veteres</span> 
     </span>
     <span class='ocr_line' id='line_1_31' title="bbox 163 2108 826 2147; baseline 0.003 -12"><span class='ocrx_word' id='word_1_171' title='bbox 163 2108 243 2136; x_wconf 73' lang='lat' dir='ltr'>circa</span> <span class='ocrx_word' id='word_1_172' title='bbox 259 2108 338 2136; x_wconf 74' lang='lat' dir='ltr'>atria</span> <span class='ocrx_word' id='word_1_173' title='bbox 354 2118 437 2137; x_wconf 66' lang='lat' dir='ltr'>cerff.</span> <span class='ocrx_word' id='word_1_174' title='bbox 461 2117 533 2136; x_wconf 86' lang='lat' dir='ltr'>nam</span> <span class='ocrx_word' id='word_1_175' title='bbox 548 2108 628 2136; x_wconf 74' lang='lat' dir='ltr'>eirca</span> <span class='ocrx_word' id='word_1_176' title='bbox 644 2117 697 2147; x_wconf 84' lang='lat' dir='ltr'>pro</span> <span class='ocrx_word' id='word_1_177' title='bbox 712 2108 826 2137; x_wconf 69' lang='lat' dir='ltr'>circum</span> 
     </span>
     <span class='ocr_line' id='line_1_32' title="bbox 163 2155 824 2186; baseline 0.002 -2"><span class='ocrx_word' id='word_1_178' title='bbox 163 2155 259 2184; x_wconf 88' lang='lat' dir='ltr'>ctiam</span> <span class='ocrx_word' id='word_1_179' title='bbox 275 2155 444 2186; x_wconf 79' lang='lat' dir='ltr'>obtinuisse</span> <span class='ocrx_word' id='word_1_180' title='bbox 454 2155 573 2185; x_wconf 83' lang='lat' dir='ltr'>videas.</span> <span class='ocrx_word' id='word_1_181' title='bbox 600 2162 706 2185; x_wconf 54' lang='grc' dir='ltr'>ναίω-ες</span> <span class='ocrx_word' id='word_1_182' title='bbox 721 2161 824 2185; x_wconf 79' lang='lat' dir='ltr'>autem</span> 
     </span>
     <span class='ocr_line' id='line_1_33' title="bbox 164 2204 822 2239; baseline 0 -5"><span class='ocrx_word' id='word_1_183' title='bbox 164 2215 245 2234; x_wconf 72' lang='lat' dir='ltr'>ceras</span> <span class='ocrx_word' id='word_1_184' title='bbox 272 2204 364 2239; x_wconf 72' lang='lat' dir='ltr'>dixit,</span> <span class='ocrx_word' id='word_1_185' title='bbox 394 2211 428 2236; x_wconf 81' lang='lat' dir='ltr'>ut</span> <span class='ocrx_word' id='word_1_186' title='bbox 466 2216 502 2234; x_wconf 70' lang='grc' dir='ltr'>ωε</span> <span class='ocrx_word' id='word_1_187' title='bbox 529 2211 677 2234; x_wconf 65' lang='lat' dir='ltr'>refusum</span> <span class='ocrx_word' id='word_1_188' title='bbox 707 2204 822 2234; x_wconf 81' lang='lat' dir='ltr'>Claud.</span> 
     </span>
     <span class='ocr_line' id='line_1_34' title="bbox 164 2253 822 2295; baseline 0 -12"><span class='ocrx_word' id='word_1_189' title='bbox 164 2254 257 2283; x_wconf 86' lang='lat' dir='ltr'>Cons.</span> <span class='ocrx_word' id='word_1_190' title='bbox 273 2254 343 2294; x_wconf 60' lang='lat' dir='ltr'>Oly*</span> <span class='ocrx_word' id='word_1_191' title='bbox 361 2265 382 2283; x_wconf 90' lang='lat' dir='ltr'>r.</span> <span class='ocrx_word' id='word_1_192' title='bbox 403 2255 452 2283; x_wconf 83' lang='lat'>18.</span> <span class='ocrx_word' id='word_1_193' title='bbox 478 2264 514 2283; x_wconf 88' lang='lat' dir='ltr'>ex</span> <span class='ocrx_word' id='word_1_194' title='bbox 532 2264 592 2283; x_wconf 67' lang='lat' dir='ltr'>rere</span> <span class='ocrx_word' id='word_1_195' title='bbox 617 2253 699 2283; x_wconf 90' lang='lat' dir='ltr'>enim</span> <span class='ocrx_word' id='word_1_196' title='bbox 721 2264 822 2295; x_wconf 82' lang='lat' dir='ltr'>aeqne,</span> 
     </span>
     <span class='ocr_line' id='line_1_35' title="bbox 163 2302 821 2343; baseline 0 -11"><span class='ocrx_word' id='word_1_197' title='bbox 163 2309 255 2343; x_wconf 86' lang='lat' dir='ltr'>atque</span> <span class='ocrx_word' id='word_1_198' title='bbox 272 2313 309 2332; x_wconf 87' lang='lat' dir='ltr'>ex</span> <span class='ocrx_word' id='word_1_199' title='bbox 326 2313 395 2333; x_wconf 81' lang='lat' dir='ltr'>cera</span> <span class='ocrx_word' id='word_1_200' title='bbox 410 2302 503 2332; x_wconf 85' lang='lat' dir='ltr'>fuisse</span> <span class='ocrx_word' id='word_1_201' title='bbox 526 2302 583 2332; x_wconf 85' lang='lat' dir='ltr'>has</span> <span class='ocrx_word' id='word_1_202' title='bbox 602 2302 754 2343; x_wconf 79' lang='lat' dir='ltr'>imagines</span> <span class='ocrx_word' id='word_1_203' title='bbox 768 2302 821 2332; x_wconf 86' lang='lat' dir='ltr'>do·</span> 
     </span>
     <span class='ocr_line' id='line_1_36' title="bbox 162 2351 820 2387; baseline 0 -5"><span class='ocrx_word' id='word_1_204' title='bbox 162 2357 212 2382; x_wconf 89' lang='lat' dir='ltr'>cet</span> <span class='ocrx_word' id='word_1_205' title='bbox 227 2351 269 2381; x_wconf 86' lang='lat' dir='ltr'>ibi</span> <span class='ocrx_word' id='word_1_206' title='bbox 284 2351 443 2382; x_wconf 78' lang='lat' dir='ltr'>Bartliius.</span> <span class='ocrx_word' id='word_1_207' title='bbox 491 2352 578 2381; x_wconf 71' lang='lat' dir='ltr'>Circa</span> <span class='ocrx_word' id='word_1_208' title='bbox 602 2357 705 2381; x_wconf 80' lang='lat' dir='ltr'>autern</span> <span class='ocrx_word' id='word_1_209' title='bbox 727 2354 820 2387; x_wconf 77' lang='lat' dir='ltr'>atria,</span> 
     </span>
     <span class='ocr_line' id='line_1_37' title="bbox 162 2400 825 2442; baseline 0.003 -13"><span class='ocrx_word' id='word_1_210' title='bbox 162 2411 216 2442; x_wconf 82' lang='lat' dir='ltr'>pro</span> <span class='ocrx_word' id='word_1_211' title='bbox 232 2400 263 2430; x_wconf 91' lang='lat' dir='ltr'>in</span> <span class='ocrx_word' id='word_1_212' title='bbox 279 2400 376 2432; x_wconf 81' lang='lat' dir='ltr'>atriis.</span> <span class='ocrx_word' id='word_1_213' title='bbox 396 2400 444 2430; x_wconf 86' lang='lat' dir='ltr'>vel</span> <span class='ocrx_word' id='word_1_214' title='bbox 460 2400 490 2430; x_wconf 88' lang='lat' dir='ltr'>in</span> <span class='ocrx_word' id='word_1_215' title='bbox 509 2400 642 2430; x_wconf 83' lang='lat' dir='ltr'>maxime</span> <span class='ocrx_word' id='word_1_216' title='bbox 658 2400 825 2442; x_wconf 77' lang='lat' dir='ltr'>conspicua</span> 
     </span>
     <span class='ocr_line' id='line_1_38' title="bbox 162 2448 825 2490; baseline 0.003 -12"><span class='ocrx_word' id='word_1_217' title='bbox 162 2448 231 2479; x_wconf 88' lang='lat' dir='ltr'>atrii</span> <span class='ocrx_word' id='word_1_218' title='bbox 267 2455 367 2490; x_wconf 75' lang='lat' dir='ltr'>parte.</span> <span class='ocrx_word' id='word_1_219' title='bbox 425 2450 654 2479; x_wconf 64' lang='lat' dir='ltr'>Bummxxvs.</span> <span class='ocrx_word' id='word_1_220' title='bbox 709 2449 825 2480; x_wconf 81' lang='lat' dir='ltr'>Omnia</span> 
     </span>
     <span class='ocr_line' id='line_1_39' title="bbox 164 2498 823 2539; baseline 0.002 -12"><span class='ocrx_word' id='word_1_221' title='bbox 164 2498 229 2528; x_wconf 78' lang='lat' dir='ltr'>haec</span> <span class='ocrx_word' id='word_1_222' title='bbox 245 2498 367 2533; x_wconf 77' lang='lat' dir='ltr'>frustra,</span> <span class='ocrx_word' id='word_1_223' title='bbox 384 2504 415 2528; x_wconf 85' lang='lat' dir='ltr'>et</span> <span class='ocrx_word' id='word_1_224' title='bbox 430 2498 518 2539; x_wconf 72' lang='lat' dir='ltr'>quasi</span> <span class='ocrx_word' id='word_1_225' title='bbox 536 2498 574 2528; x_wconf 90' lang='lat' dir='ltr'>de</span> <span class='ocrx_word' id='word_1_226' title='bbox 590 2498 697 2527; x_wconf 85' lang='lat' dir='ltr'>nihilo.</span> <span class='ocrx_word' id='word_1_227' title='bbox 727 2498 823 2532; x_wconf 75' lang='lat' dir='ltr'>Quin—</span> 
     </span>
     <span class='ocr_line' id='line_1_40' title="bbox 161 2548 822 2586; baseline 0.002 -11"><span class='ocrx_word' id='word_1_228' title='bbox 161 2548 280 2586; x_wconf 76' lang='lat' dir='ltr'>quatria</span> <span class='ocrx_word' id='word_1_229' title='bbox 303 2548 385 2577; x_wconf 80' lang='lat' dir='ltr'>enini</span> <span class='ocrx_word' id='word_1_230' title='bbox 401 2553 447 2576; x_wconf 77' lang='lat' dir='ltr'>est</span> <span class='ocrx_word' id='word_1_231' title='bbox 464 2548 597 2585; x_wconf 70' lang='lat' dir='ltr'>poi-licus</span> <span class='ocrx_word' id='word_1_232' title='bbox 618 2549 746 2586; x_wconf 67' lang='lat' dir='ltr'>quinque</span> <span class='ocrx_word' id='word_1_233' title='bbox 761 2560 822 2576; x_wconf 78' lang='lat' dir='ltr'>um-</span> 
     </span>
     <span class='ocr_line' id='line_1_41' title="bbox 162 2595 820 2626; baseline 0.002 -1"><span class='ocrx_word' id='word_1_234' title='bbox 162 2596 365 2626; x_wconf 62' lang='lat' dir='ltr'>[macron-«m.</span> <span class='ocrx_word' id='word_1_235' title='bbox 412 2595 531 2626; x_wconf 78' lang='lat' dir='ltr'>Glossae</span> <span class='ocrx_word' id='word_1_236' title='bbox 552 2596 657 2626; x_wconf 85' lang='lat' dir='ltr'>Fausti</span> <span class='ocrx_word' id='word_1_237' title='bbox 674 2596 820 2626; x_wconf 75' lang='lat' dir='ltr'>Romani.</span> 
     </span>
     <span class='ocr_line' id='line_1_42' title="bbox 162 2644 278 2675; baseline 0.017 -2"><span class='ocrx_word' id='word_1_238' title='bbox 162 2644 278 2675; x_wconf 62' lang='lat' dir='ltr'>Anum.</span> 
     </span>
    </p>

    <p class='ocr_par' dir='ltr' id='par_1_14' title="bbox 163 2693 824 2782">
     <span class='ocr_line' id='line_1_43' title="bbox 205 2693 824 2735; baseline 0 -12"><span class='ocrx_word' id='word_1_239' title='bbox 205 2694 259 2723; x_wconf 84' lang='lat'>70.</span> <span class='ocrx_word' id='word_1_240' title='bbox 287 2694 333 2724; x_wconf 77' lang='lat' dir='ltr'>Ne</span> <span class='ocrx_word' id='word_1_241' title='bbox 346 2693 492 2735; x_wconf 70' lang='lat' dir='ltr'>fugiant,</span> <span class='ocrx_word' id='word_1_242' title='bbox 509 2700 608 2733; x_wconf 70' lang='lat' dir='ltr'>captos</span> <span class='ocrx_word' id='word_1_243' title='bbox 634 2694 747 2733; x_wconf 50' lang='lat' dir='ltr'>legibus</span> <span class='ocrx_word' id='word_1_244' title='bbox 770 2705 824 2723; x_wconf 71' lang='lat' dir='ltr'>ure</span> 
     </span>
     <span class='ocr_line' id='line_1_44' title="bbox 163 2742 682 2782; baseline 0.002 -12"><span class='ocrx_word' id='word_1_245' title='bbox 163 2743 252 2782; x_wconf 80' lang='lat' dir='ltr'>tuis.]</span> <span class='ocrx_word' id='word_1_246' title='bbox 281 2742 414 2773; x_wconf 75' lang='lat' dir='ltr'>Videtur</span> <span class='ocrx_word' id='word_1_247' title='bbox 429 2742 662 2773; x_wconf 81' lang='lat' dir='ltr'>rescribendum</span> <span class='ocrx_word' id='word_1_248' title='bbox 677 2754 682 2771; x_wconf 90' lang='lat'>:</span> 
     </span>
    </p>
   </div>
   <div class='ocr_carea' id='block_1_9' title="bbox 1505 1315 1568 1358">
    <p class='ocr_par' dir='ltr' id='par_1_15' title="bbox 1505 1315 1568 1358">
     <span class='ocr_line' id='line_1_45' title="bbox 1505 1315 1568 1358; baseline -0.016 0"><span class='ocrx_word' id='word_1_249' title='bbox 1505 1315 1568 1358; x_wconf 79' lang='lat'>80</span> 
     </span>
    </p>
   </div>
   <div class='ocr_carea' id='block_1_10' title="bbox 892 1464 1566 2294">
    <p class='ocr_par' dir='ltr' id='par_1_16' title="bbox 899 1464 1566 1652">
     <span class='ocr_line' id='line_1_46' title="bbox 946 1464 1543 1506; baseline -0.005 -11"><span class='ocrx_word' id='word_1_250' title='bbox 946 1465 1122 1506; x_wconf 76' lang='lat' dir='ltr'>Nefugiut,</span> <span class='ocrx_word' id='word_1_251' title='bbox 1137 1470 1257 1503; x_wconf 55' lang='lat' dir='ltr'>raptum.</span> <span class='ocrx_word' id='word_1_252' title='bbox 1276 1464 1388 1504; x_wconf 80' lang='lat' dir='ltr'>legibus</span> <span class='ocrx_word' id='word_1_253' title='bbox 1402 1474 1457 1493; x_wconf 68' lang='lat' dir='ltr'>ure</span> <span class='ocrx_word' id='word_1_254' title='bbox 1471 1464 1543 1492; x_wconf 76' lang='lat' dir='ltr'>suis.</span> 
     </span>
     <span class='ocr_line' id='line_1_47' title="bbox 899 1512 1565 1556; baseline -0.005 -12"><span class='ocrx_word' id='word_1_255' title='bbox 899 1515 1063 1556; x_wconf 77' lang='lat' dir='ltr'>Superiora</span> <span class='ocrx_word' id='word_1_256' title='bbox 1085 1518 1183 1554; x_wconf 82' lang='lat' dir='ltr'>agunt</span> <span class='ocrx_word' id='word_1_257' title='bbox 1199 1513 1239 1543; x_wconf 90' lang='lat' dir='ltr'>de</span> <span class='ocrx_word' id='word_1_258' title='bbox 1264 1512 1394 1554; x_wconf 82' lang='lat' dir='ltr'>pulchro</span> <span class='ocrx_word' id='word_1_259' title='bbox 1409 1518 1546 1542; x_wconf 84' lang='lat' dir='ltr'>amatore</span> <span class='ocrx_word' id='word_1_260' title='bbox 1560 1524 1565 1541; x_wconf 90' lang='lat'>:</span> 
     </span>
     <span class='ocr_line' id='line_1_48' title="bbox 900 1562 1566 1604; baseline -0.005 -10"><span class='ocrx_word' id='word_1_261' title='bbox 900 1574 961 1604; x_wconf 92' lang='lat' dir='ltr'>quo</span> <span class='ocrx_word' id='word_1_262' title='bbox 975 1564 1069 1594; x_wconf 87' lang='lat' dir='ltr'>etiam</span> <span class='ocrx_word' id='word_1_263' title='bbox 1084 1563 1152 1593; x_wconf 77' lang='lat' dir='ltr'>haec</span> <span class='ocrx_word' id='word_1_264' title='bbox 1170 1568 1242 1593; x_wconf 87' lang='lat' dir='ltr'>sunt</span> <span class='ocrx_word' id='word_1_265' title='bbox 1257 1562 1432 1592; x_wconf 82' lang='lat' dir='ltr'>referenda.</span> <span class='ocrx_word' id='word_1_266' title='bbox 1459 1562 1566 1592; x_wconf 78' lang='lat' dir='ltr'>Valer.</span> 
     </span>
     <span class='ocr_line' id='line_1_49' title="bbox 900 1612 1374 1652; baseline -0.004 -9"><span class='ocrx_word' id='word_1_267' title='bbox 900 1613 1031 1643; x_wconf 83' lang='lat' dir='ltr'>Flaccus</span> <span class='ocrx_word' id='word_1_268' title='bbox 1046 1613 1085 1643; x_wconf 88' lang='lat' dir='ltr'>de</span> <span class='ocrx_word' id='word_1_269' title='bbox 1102 1612 1222 1652; x_wconf 80' lang='lat' dir='ltr'>Amyco</span> <span class='ocrx_word' id='word_1_270' title='bbox 1238 1612 1281 1642; x_wconf 91' lang='lat' dir='ltr'>iv.</span> <span class='ocrx_word' id='word_1_271' title='bbox 1299 1612 1374 1642; x_wconf 87' lang='grc'><strong>753.</strong></span> 
     </span>
    </p>

    <p class='ocr_par' dir='ltr' id='par_1_17' title="bbox 1086 1661 1478 1703">
     <span class='ocr_line' id='line_1_50' title="bbox 1086 1661 1478 1703; baseline -0.005 -12"><span class='ocrx_word' id='word_1_272' title='bbox 1086 1662 1165 1703; x_wconf 77' lang='lat' dir='ltr'>Lege</span> <span class='ocrx_word' id='word_1_273' title='bbox 1180 1662 1256 1701; x_wconf 81' lang='lat' dir='ltr'>quod</span> <span class='ocrx_word' id='word_1_274' title='bbox 1271 1663 1378 1691; x_wconf 73' lang='lat' dir='ltr'>occidit</span> <span class='ocrx_word' id='word_1_275' title='bbox 1395 1661 1478 1690; x_wconf 78' lang='lat' dir='ltr'>ultus</span> 
     </span>
    </p>

    <p class='ocr_par' dir='ltr' id='par_1_18' title="bbox 893 1710 1564 2088">
     <span class='ocr_line' id='line_1_51' title="bbox 943 1710 1520 1751; baseline -0.002 -11"><span class='ocrx_word' id='word_1_276' title='bbox 943 1711 1008 1751; x_wconf 75' lang='lat' dir='ltr'>Ipse</span> <span class='ocrx_word' id='word_1_277' title='bbox 1024 1724 1090 1741; x_wconf 75' lang='lat' dir='ltr'>suu.</span> <span class='ocrx_word' id='word_1_278' title='bbox 1402 1710 1520 1740; x_wconf 69' lang='lat' dir='ltr'>Hfiixs.</span> 
     </span>
     <span class='ocr_line' id='line_1_52' title="bbox 898 1760 1561 1795; baseline -0.003 -3"><span class='ocrx_word' id='word_1_279' title='bbox 898 1761 978 1792; x_wconf 86' lang='lat' dir='ltr'>Cum</span> <span class='ocrx_word' id='word_1_280' title='bbox 1002 1768 1147 1792; x_wconf 80' lang='lat' dir='ltr'>constans</span> <span class='ocrx_word' id='word_1_281' title='bbox 1169 1761 1207 1791; x_wconf 84' lang='lat' dir='ltr'>sit</span> <span class='ocrx_word' id='word_1_282' title='bbox 1232 1760 1325 1791; x_wconf 89' lang='lat' dir='ltr'>lectio</span> <span class='ocrx_word' id='word_1_283' title='bbox 1349 1762 1418 1795; x_wconf 73' lang='lat' dir='ltr'>tuis,</span> <span class='ocrx_word' id='word_1_284' title='bbox 1434 1760 1561 1790; x_wconf 78' lang='lat' dir='ltr'>retinui.</span> 
     </span>
     <span class='ocr_line' id='line_1_53' title="bbox 896 1809 1564 1852; baseline -0.001 -12"><span class='ocrx_word' id='word_1_285' title='bbox 896 1821 950 1840; x_wconf 85' lang='lat' dir='ltr'>ure</span> <span class='ocrx_word' id='word_1_286' title='bbox 966 1822 1019 1852; x_wconf 85' lang='lat' dir='ltr'>pro</span> <span class='ocrx_word' id='word_1_287' title='bbox 1036 1810 1162 1841; x_wconf 75' lang='lat' dir='ltr'>arbitrio</span> <span class='ocrx_word' id='word_1_288' title='bbox 1177 1816 1240 1843; x_wconf 71' lang='lat' dir='ltr'>tuo,</span> <span class='ocrx_word' id='word_1_289' title='bbox 1259 1809 1390 1850; x_wconf 77' lang='lat' dir='ltr'>legibus,</span> <span class='ocrx_word' id='word_1_290' title='bbox 1408 1820 1485 1850; x_wconf 81' lang='lat' dir='ltr'>quas</span> <span class='ocrx_word' id='word_1_291' title='bbox 1497 1809 1564 1851; x_wconf 82' lang='lat' dir='ltr'>ipsa</span> 
     </span>
     <span class='ocr_line' id='line_1_54' title="bbox 896 1859 1562 1901; baseline 0 -11"><span class='ocrx_word' id='word_1_292' title='bbox 896 1860 981 1890; x_wconf 83' lang='lat' dir='ltr'>(lices</span> <span class='ocrx_word' id='word_1_293' title='bbox 998 1861 1160 1901; x_wconf 83' lang='lat' dir='ltr'>rapacitati</span> <span class='ocrx_word' id='word_1_294' title='bbox 1176 1866 1251 1895; x_wconf 83' lang='lat' dir='ltr'>tuae,</span> <span class='ocrx_word' id='word_1_295' title='bbox 1264 1866 1298 1890; x_wconf 92' lang='lat' dir='ltr'>ut</span> <span class='ocrx_word' id='word_1_296' title='bbox 1314 1860 1384 1889; x_wconf 88' lang='lat' dir='ltr'>leno</span> <span class='ocrx_word' id='word_1_297' title='bbox 1400 1859 1482 1901; x_wconf 84' lang='lat' dir='ltr'>apud</span> <span class='ocrx_word' id='word_1_298' title='bbox 1502 1859 1562 1890; x_wconf 87' lang='lat' dir='ltr'>Te-</span> 
     </span>
     <span class='ocr_line' id='line_1_55' title="bbox 894 1910 1248 1940; baseline 0 -1"><span class='ocrx_word' id='word_1_299' title='bbox 894 1915 974 1939; x_wconf 85' lang='lat' dir='ltr'>rent.</span> <span class='ocrx_word' id='word_1_300' title='bbox 1001 1910 1125 1940; x_wconf 86' lang='lat' dir='ltr'>Phorm.</span> <span class='ocrx_word' id='word_1_301' title='bbox 1148 1910 1192 1940; x_wconf 89' lang='lat' dir='ltr'>iii.</span> <span class='ocrx_word' id='word_1_302' title='bbox 1217 1911 1248 1940; x_wconf 81' lang='lat'>2.</span> 
     </span>
     <span class='ocr_line' id='line_1_56' title="bbox 894 1958 1562 1998; baseline 0 -10"><span class='ocrx_word' id='word_1_303' title='bbox 894 1958 1005 1988; x_wconf 81' lang='lat' dir='ltr'>eadem</span> <span class='ocrx_word' id='word_1_304' title='bbox 1030 1965 1076 1989; x_wconf 84' lang='lat' dir='ltr'>est</span> <span class='ocrx_word' id='word_1_305' title='bbox 1101 1959 1179 1989; x_wconf 85' lang='lat' dir='ltr'>ratio</span> <span class='ocrx_word' id='word_1_306' title='bbox 1210 1959 1242 1988; x_wconf 94' lang='lat' dir='ltr'>in</span> <span class='ocrx_word' id='word_1_307' title='bbox 1257 1961 1335 1998; x_wconf 77' lang='lat' dir='ltr'>jure</span> <span class='ocrx_word' id='word_1_308' title='bbox 1361 1965 1424 1993; x_wconf 75' lang='lat' dir='ltr'>tuo,</span> <span class='ocrx_word' id='word_1_309' title='bbox 1447 1964 1478 1988; x_wconf 87' lang='lat' dir='ltr'>et</span> <span class='ocrx_word' id='word_1_310' title='bbox 1501 1969 1562 1989; x_wconf 80' lang='lat' dir='ltr'>suo.</span> 
     </span>
     <span class='ocr_line' id='line_1_57' title="bbox 894 2007 1561 2048; baseline 0.003 -12"><span class='ocrx_word' id='word_1_311' title='bbox 894 2007 1020 2048; x_wconf 78' lang='lat' dir='ltr'>Ignibus</span> <span class='ocrx_word' id='word_1_312' title='bbox 1038 2019 1092 2038; x_wconf 80' lang='lat' dir='ltr'>ure</span> <span class='ocrx_word' id='word_1_313' title='bbox 1108 2010 1180 2038; x_wconf 72' lang='lat' dir='ltr'>tuis.</span> <span class='ocrx_word' id='word_1_314' title='bbox 1207 2008 1269 2037; x_wconf 89' lang='lat' dir='ltr'>duo</span> <span class='ocrx_word' id='word_1_315' title='bbox 1292 2007 1408 2038; x_wconf 84' lang='lat' dir='ltr'>Moreti</span> <span class='ocrx_word' id='word_1_316' title='bbox 1432 2013 1462 2038; x_wconf 74' lang='lat' dir='ltr'>et</span> <span class='ocrx_word' id='word_1_317' title='bbox 1481 2018 1561 2038; x_wconf 88' lang='lat' dir='ltr'>unus</span> 
     </span>
     <span class='ocr_line' id='line_1_58' title="bbox 893 2057 1230 2088; baseline 0 -2"><span class='ocrx_word' id='word_1_318' title='bbox 893 2057 1067 2088; x_wconf 83' lang='lat' dir='ltr'>Palatinus.</span> <span class='ocrx_word' id='word_1_319' title='bbox 1113 2058 1230 2087; x_wconf 71' lang='lat' dir='ltr'>Bunm.</span> 
     </span>
    </p>

    <p class='ocr_par' dir='ltr' id='par_1_19' title="bbox 892 2106 1562 2294">
     <span class='ocr_line' id='line_1_59' title="bbox 938 2106 1562 2146; baseline 0.002 -10"><span class='ocrx_word' id='word_1_320' title='bbox 938 2107 989 2137; x_wconf 84' lang='lat'>74.</span> <span class='ocrx_word' id='word_1_321' title='bbox 1011 2107 1066 2137; x_wconf 83' lang='lat' dir='ltr'>Isis</span> <span class='ocrx_word' id='word_1_322' title='bbox 1092 2107 1176 2146; x_wconf 44' lang='lat' dir='ltr'>erin]</span> <span class='ocrx_word' id='word_1_323' title='bbox 1200 2107 1277 2136; x_wconf 83' lang='lat' dir='ltr'>Haec</span> <span class='ocrx_word' id='word_1_324' title='bbox 1294 2106 1403 2137; x_wconf 85' lang='lat' dir='ltr'>Inachi</span> <span class='ocrx_word' id='word_1_325' title='bbox 1426 2106 1562 2137; x_wconf 82' lang='lat' dir='ltr'>fluminis</span> 
     </span>
     <span class='ocr_line' id='line_1_60' title="bbox 892 2155 1559 2190; baseline 0.003 -6"><span class='ocrx_word' id='word_1_326' title='bbox 892 2155 967 2190; x_wconf 85' lang='lat' dir='ltr'>filia,</span> <span class='ocrx_word' id='word_1_327' title='bbox 978 2156 1083 2186; x_wconf 86' lang='lat' dir='ltr'>aJove</span> <span class='ocrx_word' id='word_1_328' title='bbox 1098 2156 1129 2185; x_wconf 87' lang='lat' dir='ltr'>in</span> <span class='ocrx_word' id='word_1_329' title='bbox 1140 2166 1269 2186; x_wconf 85' lang='lat' dir='ltr'>vaccam</span> <span class='ocrx_word' id='word_1_330' title='bbox 1279 2160 1398 2185; x_wconf 85' lang='lat' dir='ltr'>mutata</span> <span class='ocrx_word' id='word_1_331' title='bbox 1406 2162 1452 2186; x_wconf 81' lang='lat' dir='ltr'>est</span> <span class='ocrx_word' id='word_1_332' title='bbox 1467 2168 1472 2185; x_wconf 91' lang='lat'>:</span> <span class='ocrx_word' id='word_1_333' title='bbox 1493 2161 1559 2186; x_wconf 90' lang='lat' dir='ltr'>tum</span> 
     </span>
     <span class='ocr_line' id='line_1_61' title="bbox 892 2203 1560 2245; baseline 0.001 -11"><span class='ocrx_word' id='word_1_334' title='bbox 892 2204 923 2234; x_wconf 90' lang='lat' dir='ltr'>in</span> <span class='ocrx_word' id='word_1_335' title='bbox 932 2204 1092 2245; x_wconf 79' lang='lat' dir='ltr'>pristinam</span> <span class='ocrx_word' id='word_1_336' title='bbox 1104 2205 1232 2234; x_wconf 84' lang='lat' dir='ltr'>formam</span> <span class='ocrx_word' id='word_1_337' title='bbox 1242 2214 1377 2238; x_wconf 82' lang='lat' dir='ltr'>reversa,</span> <span class='ocrx_word' id='word_1_338' title='bbox 1387 2209 1417 2233; x_wconf 85' lang='lat' dir='ltr'>et</span> <span class='ocrx_word' id='word_1_339' title='bbox 1428 2203 1487 2234; x_wconf 81' lang='lat' dir='ltr'>dea</span> <span class='ocrx_word' id='word_1_340' title='bbox 1497 2205 1560 2235; x_wconf 83' lang='lat' dir='ltr'>fac-</span> 
     </span>
     <span class='ocr_line' id='line_1_62' title="bbox 892 2253 1559 2294; baseline 0.001 -11"><span class='ocrx_word' id='word_1_341' title='bbox 892 2258 935 2288; x_wconf 86' lang='lat' dir='ltr'>ta,</span> <span class='ocrx_word' id='word_1_342' title='bbox 952 2254 990 2283; x_wconf 88' lang='lat' dir='ltr'>ab</span> <span class='ocrx_word' id='word_1_343' title='bbox 1010 2253 1171 2294; x_wconf 79' lang='lat' dir='ltr'>AEgyptiis</span> <span class='ocrx_word' id='word_1_344' title='bbox 1195 2253 1373 2283; x_wconf 83' lang='lat' dir='ltr'>colebatur:</span> <span class='ocrx_word' id='word_1_345' title='bbox 1400 2253 1490 2294; x_wconf 83' lang='lat' dir='ltr'>cnjus</span> <span class='ocrx_word' id='word_1_346' title='bbox 1510 2264 1559 2284; x_wconf 82' lang='lat' dir='ltr'>sa-</span> 
     </span>
    </p>
   </div>
   <div class='ocr_carea' id='block_1_11' title="bbox 941 1679 1070 1686">
    <p class='ocr_par' dir='ltr' id='par_1_20' title="bbox 941 1679 1070 1686">
     <span class='ocr_line' id='line_1_63' title="bbox 941 1679 1070 1686; baseline 0 0"><span class='ocrx_word' id='word_1_347' title='bbox 941 1679 1070 1686; x_wconf 95' lang='lat' dir='ltr'> </span> 
     </span>
    </p>
   </div>
   <div class='ocr_carea' id='block_1_12' title="bbox 1298 1910 1562 1950">
    <p class='ocr_par' dir='ltr' id='par_1_21' title="bbox 1298 1910 1562 1950">
     <span class='ocr_line' id='line_1_64' title="bbox 1298 1910 1562 1950; baseline 0.004 -12"><span class='ocrx_word' id='word_1_348' title='bbox 1298 1910 1367 1939; x_wconf 76' lang='lat' dir='ltr'>Mea</span> <span class='ocrx_word' id='word_1_349' title='bbox 1395 1911 1456 1950; x_wconf 81' lang='lat' dir='ltr'>lege</span> <span class='ocrx_word' id='word_1_350' title='bbox 1479 1915 1562 1940; x_wconf 73' lang='lat' dir='ltr'>utar.</span> 
     </span>
    </p>
   </div>
   <div class='ocr_carea' id='block_1_13' title="bbox 890 2302 1560 2782">
    <p class='ocr_par' dir='ltr' id='par_1_22' title="bbox 890 2302 1560 2626">
     <span class='ocr_line' id='line_1_65' title="bbox 891 2302 1559 2342; baseline -0.001 -10"><span class='ocrx_word' id='word_1_351' title='bbox 891 2312 943 2332; x_wconf 87' lang='lat' dir='ltr'>cra</span> <span class='ocrx_word' id='word_1_352' title='bbox 959 2302 998 2332; x_wconf 84' lang='lat' dir='ltr'>ad</span> <span class='ocrx_word' id='word_1_353' title='bbox 1012 2302 1170 2332; x_wconf 77' lang='lat' dir='ltr'>Romanos</span> <span class='ocrx_word' id='word_1_354' title='bbox 1189 2302 1341 2332; x_wconf 81' lang='lat' dir='ltr'>translata</span> <span class='ocrx_word' id='word_1_355' title='bbox 1352 2308 1434 2337; x_wconf 75' lang='lat' dir='ltr'>sunt,</span> <span class='ocrx_word' id='word_1_356' title='bbox 1445 2303 1559 2342; x_wconf 83' lang='lat' dir='ltr'>quibus</span> 
     </span>
     <span class='ocr_line' id='line_1_66' title="bbox 891 2350 1558 2382; baseline 0.001 -1"><span class='ocrx_word' id='word_1_357' title='bbox 891 2351 1070 2381; x_wconf 79' lang='lat' dir='ltr'>solennibus</span> <span class='ocrx_word' id='word_1_358' title='bbox 1084 2352 1239 2381; x_wconf 66' lang='lat' dir='ltr'>Romanae</span> <span class='ocrx_word' id='word_1_359' title='bbox 1261 2350 1406 2381; x_wconf 78' lang='lat' dir='ltr'>mulieres</span> <span class='ocrx_word' id='word_1_360' title='bbox 1429 2352 1558 2382; x_wconf 84' lang='lat' dir='ltr'>secuba-</span> 
     </span>
     <span class='ocr_line' id='line_1_67' title="bbox 892 2400 1560 2442; baseline 0.004 -14"><span class='ocrx_word' id='word_1_361' title='bbox 892 2401 968 2431; x_wconf 84' lang='lat' dir='ltr'>bant</span> <span class='ocrx_word' id='word_1_362' title='bbox 993 2412 1047 2442; x_wconf 87' lang='lat' dir='ltr'>per</span> <span class='ocrx_word' id='word_1_363' title='bbox 1070 2400 1219 2442; x_wconf 80' lang='lat' dir='ltr'>plurimos</span> <span class='ocrx_word' id='word_1_364' title='bbox 1246 2400 1323 2435; x_wconf 83' lang='lat' dir='ltr'>(lies,</span> <span class='ocrx_word' id='word_1_365' title='bbox 1351 2411 1407 2430; x_wconf 81' lang='lat' dir='ltr'>nec</span> <span class='ocrx_word' id='word_1_366' title='bbox 1432 2410 1464 2430; x_wconf 89' lang='lat' dir='ltr'>se</span> <span class='ocrx_word' id='word_1_367' title='bbox 1487 2400 1560 2431; x_wconf 80' lang='lat' dir='ltr'>viris</span> 
     </span>
     <span class='ocr_line' id='line_1_68' title="bbox 894 2450 1560 2489; baseline 0.003 -11"><span class='ocrx_word' id='word_1_368' title='bbox 894 2450 1120 2480; x_wconf 77' lang='lat' dir='ltr'>admiscebant.</span> <span class='ocrx_word' id='word_1_369' title='bbox 1170 2450 1224 2479; x_wconf 72' lang='lat' dir='ltr'>Isis</span> <span class='ocrx_word' id='word_1_370' title='bbox 1258 2452 1327 2485; x_wconf 79' lang='lat' dir='ltr'>erit,</span> <span class='ocrx_word' id='word_1_371' title='bbox 1359 2461 1421 2489; x_wconf 58' lang='lat' dir='ltr'>qun*</span> <span class='ocrx_word' id='word_1_372' title='bbox 1455 2461 1560 2480; x_wconf 75' lang='lat' dir='ltr'>causas</span> 
     </span>
     <span class='ocr_line' id='line_1_69' title="bbox 890 2499 1557 2538; baseline 0 -10"><span class='ocrx_word' id='word_1_373' title='bbox 890 2499 1045 2538; x_wconf 58' lang='lat' dir='ltr'>przcbeat]</span> <span class='ocrx_word' id='word_1_374' title='bbox 1074 2499 1202 2528; x_wconf 70' lang='lat' dir='ltr'>Simulat</span> <span class='ocrx_word' id='word_1_375' title='bbox 1219 2510 1246 2528; x_wconf 80' lang='lat' dir='ltr'>se</span> <span class='ocrx_word' id='word_1_376' title='bbox 1260 2511 1276 2528; x_wconf 79' lang='lat' dir='ltr'><em>a</em></span> <span class='ocrx_word' id='word_1_377' title='bbox 1294 2505 1388 2528; x_wconf 68' lang='lat' dir='ltr'>matt-e</span> <span class='ocrx_word' id='word_1_378' title='bbox 1397 2501 1503 2528; x_wconf 76' lang='lat' dir='ltr'>arcessi</span> <span class='ocrx_word' id='word_1_379' title='bbox 1518 2501 1557 2529; x_wconf 80' lang='lat' dir='ltr'>ud</span> 
     </span>
     <span class='ocr_line' id='line_1_70' title="bbox 894 2547 1557 2587; baseline 0 -10"><span class='ocrx_word' id='word_1_380' title='bbox 894 2558 951 2577; x_wconf 68' lang='lat' dir='ltr'>rem</span> <span class='ocrx_word' id='word_1_381' title='bbox 976 2549 1119 2582; x_wconf 69' lang='lat' dir='ltr'>divinum,</span> <span class='ocrx_word' id='word_1_382' title='bbox 1137 2548 1210 2577; x_wconf 73' lang='lat' dir='ltr'>abit.</span> <span class='ocrx_word' id='word_1_383' title='bbox 1257 2547 1328 2577; x_wconf 72' lang='lat' dir='ltr'>Ter.</span> <span class='ocrx_word' id='word_1_384' title='bbox 1346 2548 1461 2587; x_wconf 82' lang='lat' dir='ltr'>Hecyr.</span> <span class='ocrx_word' id='word_1_385' title='bbox 1486 2547 1507 2577; x_wconf 84' lang='lat' dir='ltr'>i.</span> <span class='ocrx_word' id='word_1_386' title='bbox 1526 2549 1557 2580; x_wconf 79' lang='lat'>2.</span> 
     </span>
     <span class='ocr_line' id='line_1_71' title="bbox 890 2595 1409 2626; baseline -0.002 0"><span class='ocrx_word' id='word_1_387' title='bbox 890 2596 933 2626; x_wconf 86' lang='lat' dir='ltr'>sic</span> <span class='ocrx_word' id='word_1_388' title='bbox 949 2602 979 2626; x_wconf 89' lang='lat' dir='ltr'>et</span> <span class='ocrx_word' id='word_1_389' title='bbox 994 2596 1100 2625; x_wconf 86' lang='lat' dir='ltr'>Tibul.</span> <span class='ocrx_word' id='word_1_390' title='bbox 1118 2596 1150 2625; x_wconf 83' lang='lat'>4.</span> <span class='ocrx_word' id='word_1_391' title='bbox 1168 2595 1221 2626; x_wconf 90' lang='lat' dir='ltr'>lib.</span> <span class='ocrx_word' id='word_1_392' title='bbox 1238 2595 1276 2625; x_wconf 86' lang='lat' dir='ltr'>ad</span> <span class='ocrx_word' id='word_1_393' title='bbox 1292 2596 1409 2626; x_wconf 91' lang='lat' dir='ltr'>Junon.</span> 
     </span>
    </p>

    <p class='ocr_par' dir='ltr' id='par_1_23' title="bbox 936 2644 1554 2685">
     <span class='ocr_line' id='line_1_72' title="bbox 936 2644 1554 2685; baseline -0.002 -11"><span class='ocrx_word' id='word_1_394' title='bbox 936 2645 996 2675; x_wconf 76' lang='lat' dir='ltr'>Illa</span> <span class='ocrx_word' id='word_1_395' title='bbox 1013 2646 1129 2685; x_wconf 69' lang='lat' dir='ltr'>quidem</span> <span class='ocrx_word' id='word_1_396' title='bbox 1148 2647 1276 2675; x_wconf 76' lang='lat' dir='ltr'>ornandi</span> <span class='ocrx_word' id='word_1_397' title='bbox 1288 2655 1395 2678; x_wconf 66' lang='lat' dir='ltr'>„causas</span> <span class='ocrx_word' id='word_1_398' title='bbox 1410 2646 1473 2679; x_wconf 74' lang='lat' dir='ltr'>eibi,</span> <span class='ocrx_word' id='word_1_399' title='bbox 1498 2644 1554 2674; x_wconf 90' lang='lat' dir='ltr'>Di-</span> 
     </span>
    </p>

    <p class='ocr_par' dir='ltr' id='par_1_24' title="bbox 938 2696 1556 2782">
     <span class='ocr_line' id='line_1_73' title="bbox 978 2696 1167 2735; baseline 0 -12"><span class='ocrx_word' id='word_1_400' title='bbox 978 2706 1025 2730; x_wconf 70' lang='lat' dir='ltr'>ra,</span> <span class='ocrx_word' id='word_1_401' title='bbox 1043 2696 1167 2735; x_wconf 71' lang='lat' dir='ltr'>relegat,</span> 
     </span>
     <span class='ocr_line' id='line_1_74' title="bbox 938 2743 1556 2782; baseline -0.002 -9"><span class='ocrx_word' id='word_1_402' title='bbox 938 2744 988 2773; x_wconf 79' lang='lat' dir='ltr'>Es!</span> <span class='ocrx_word' id='word_1_403' title='bbox 1009 2750 1105 2773; x_wconf 73' lang='lat' dir='ltr'>tamon</span> <span class='ocrx_word' id='word_1_404' title='bbox 1122 2744 1236 2773; x_wconf 78' lang='lat' dir='ltr'>occulte</span> <span class='ocrx_word' id='word_1_405' title='bbox 1252 2744 1301 2773; x_wconf 80' lang='lat' dir='ltr'>cui</span> <span class='ocrx_word' id='word_1_406' title='bbox 1312 2744 1458 2782; x_wconf 71' lang='lat' dir='ltr'>placuisse</span> <span class='ocrx_word' id='word_1_407' title='bbox 1474 2743 1556 2772; x_wconf 66' lang='lat' dir='ltr'>velit.</span> 
     </span>
    </p>
   </div>
  </div>
 </body>
</html>
