1849 3198
596 196 894 239 AMORUM.

959 196 1077 237 LIB.
1115 197 1152 237 I.
1186 198 1254 238 13.
1543 199 1626 240 :337

231 313 340 360 Nec
366 320 419 360 tu
445 312 742 368 caussidico,
770 328 862 359 nec
887 319 942 358 tu
960 312 1185 374 jucunda
1209 313 1423 360 diserto:

300 390 509 452 Cogitur
533 390 597 436 ad
620 390 733 437 lites
759 405 960 451 surgere
987 397 1197 452 uterque
1223 406 1377 437 novas

227 466 322 522 Tu,
350 483 464 513 cum
489 466 688 513 feminei
714 466 908 529 possint
931 481 1130 512 cessare
1154 467 1366 521 labores,

301 543 570 590 Lanificam
595 559 797 590 revocas
823 544 886 590 ad
908 559 998 590 sua
1023 559 1181 606 pensa
1205 559 1423 590 manum.

231 620 418 667 Omnia
441 627 742 684 perpeterer.
759 621 872 669 „sed
899 637 1101 683 surgere
1127 636 1273 667 mane
1298 621 1490 684 puellas

1563 624 1625 667 25

302 696 444 752 Quis,
472 697 565 743 nisi
590 697 669 744 cui
696 692 795 743 non
821 704 898 744 est
922 698 1023 743 ulla
1043 697 1230 760 puella,
1257 697 1416 744 ferat?

237 773 419 837 Optavi
446 774 658 836 quoties,
687 790 749 821 ne
774 791 874 820 nox
898 774 989 820 tibi
1012 774 1193 821 cedere
1218 774 1394 831 vellet3

304 851 419 899 Neu
443 851 672 914 fugerent
694 852 859 898 vultus
886 852 1050 898 sidera
1074 858 1209 898 mota
1232 851 1371 898 tuos!

236 928 421 992 Optavi
447 928 661 991 quoties,
691 935 776 975 aut
800 935 976 975 ventus
1002 928 1252 990 frangeret
1277 943 1441 982 axem,

304 1005 407 1052 Aut
430 1005 632 1052 caderet
656 1005 818 1068 spissa
842 1006 975 1052 nube
1001 1012 1224 1052 retentus
1251 1004 1438 1067 equus!

1567 1007 1630 1049 30

239 1082 428 1138 lnvida,
457 1099 556 1145 quo
582 1098 818 1146 properas
835 1082 1026 1144 quuod
1052 1089 1158 1129 erat
1182 1081 1273 1128 tibi
1298 1081 1428 1127 filius
1456 1088 1576 1135 ater,

305 1160 522 1208 Materni
547 1159 707 1206 fuerat
731 1160 946 1223 pectoris
973 1160 1054 1206 ille
1080 1159 1230 1206 color.

239 1236 429 1298 [Quiffl
468 1237 507 1283 si
534 1253 631 1283 non
650 1236 862 1300 Cephali
890 1237 1144 1299 quondam
1159 1236 1420 1297 flagrasset
1445 1250 1628 1288 amore,

306 1314 385 1360 An
412 1321 556 1377 putat
580 1314 800 1376 ignotam
828 1313 1102 1376 nequitiam
1130 1328 1240 1360 esse
1266 1327 1407 1358 suain
1424 1311 1465 1372 ἲ]

281 1419 333 1448 21.
359 1417 422 1447 Nec
441 1417 648 1457 means-ulta]
677 1416 899 1448 Offendithaec

237 1479 298 1497 vox
314 1467 491 1504 Heinsium,
506 1473 538 1498 et
552 1467 711 1509 praecipue
722 1467 856 1504 induxit,
868 1474 902 1499 ut

237 1515 394 1546 distichon
431 1515 610 1557 praecedens
638 1515 810 1547 induceret.
848 1517 903 1547 sed

238 1565 328 1596 salva
348 1576 396 1596 res
411 1570 470 1595 est.
495 1565 646 1595 succurrit
669 1565 767 1596 codex
784 1566 903 1596 Barbe-

239 1614 336 1649 rinus,
352 1614 406 1655 qui
422 1613 536 1644 diserte
552 1614 665 1644 habet:

287 1664 350 1694 Nec
375 1669 407 1693 ίιι
433 1664 605 1699 caussidico,
631 1673 684 1693 nec
710 1669 741 1693 tu
758 1665 905 1703 jucunda

328 1715 451 1743 diserto.

243 1763 285 1794 Ut
315 1762 359 1793 ita
388 1761 526 1792 diversos
549 1761 646 1792 faciat
673 1761 864 1793 caussidicos
888 1773 907 1792 a

242 1810 403 1847 consultis,
425 1811 564 1852 patronis
589 1816 621 1841 et
645 1810 841 1849 oratoribus;
867 1811 906 1841 de

243 1861 356 1902 quibus
379 1859 500 1901 egimus
525 1859 564 1890 ad
588 1860 714 1890 Petron.
738 1870 810 1901 cap.
828 1859 905 1890 xlvi.

242 1917 273 1940 et
289 1910 434 1940 dicuntur
458 1908 507 1939 hic
521 1914 651 1949 uterque
668 1908 708 1939 ad
727 1919 823 1939 novas
837 1909 908 1939 lites

244 1969 380 2000 surgere,
397 1957 472 1999 quia
495 1957 634 1998 quotidie
658 1957 736 1989 alias
757 1963 789 1988 et
812 1968 909 1988 novas

240 2008 405 2039 clientium
421 2017 547 2038 caussas
560 2013 669 2048 agunt.
697 2007 831 2038 maxime
847 2007 908 2038 huc

246 2057 321 2088 facit
336 2056 478 2088 Martial.
494 2056 551 2087 lib.
569 2057 592 2087 i.
610 2056 718 2099 Epigr.
735 2058 787 2088 98.

292 2107 368 2138 Cum
397 2108 530 2137 clamant
567 2117 675 2142 omnes,
709 2108 834 2147 loqueris
865 2113 908 2142 lu,

376 2156 506 2193 Naevole,
523 2167 646 2196 semper,

336 2206 376 2236 Et
406 2212 434 2236 te
463 2212 626 2245 patronum
657 2206 911 2246 caussz'clicumque

375 2261 477 2294 putas.

250 2303 313 2335 Ubi
328 2303 492 2345 distinguit
515 2310 680 2346 patronum
705 2310 736 2334 et
759 2303 908 2334 caussidi-

248 2363 333 2383 cum.
352 2352 423 2383 vide
446 2353 619 2384 Strebaeum
645 2353 683 2383 ad
705 2353 807 2383 Cicer.
823 2352 845 2382 i.
871 2352 909 2383 de

249 2401 341 2431 Orat.
358 2402 409 2431 46.
457 2402 576 2432 Eunu.

292 2451 347 2481 33.
381 2451 462 2484 Quid
487 2452 510 2481 si
534 2463 592 2481 uon
616 2452 740 2491 Cephali
763 2453 910 2491 quondum

243 2503 406 2543 flagrasset
422 2512 531 2537 umore,
545 2503 592 2532 An
608 2508 697 2542 putat
717 2504 848 2543 ignotum
862 2512 911 2531 ue-

250 2552 377 2590 quitiam
405 2561 461 2580 esse
495 2550 607 2590 suam]
646 2551 697 2581 De
722 2550 850 2580 Aurorae
880 2549 911 2579 in

250 2599 426 2641 Cephalum
457 2610 558 2630 amore
591 2599 635 2630 sic
666 2600 811 2641 Hyginus
840 2609 911 2641 cap.

249 2648 390 2679 clxxxix.
462 2649 583 2679 Procris
625 2649 790 2680 Pandionis
817 2649 912 2689 filia.-

252 2699 328 2727 hcmc
346 2698 493 2738 Cephalus
513 2699 632 2729 Deionis
648 2699 740 2739 filius
764 2699 866 2727 habuit
883 2700 913 2728 in

250 2749 400 2788 eanjugio,
423 2749 474 2788 qui
495 2759 561 2778 cum
585 2754 688 2777 mulus)
711 2759 808 2777 amore
832 2754 912 2776 ren?-

302 2800 398 2829 VOL.
422 2801 445 2829 1.

970 1424 1089 1453 rentur,
1108 1418 1187 1447 alter
1202 1417 1294 1446 alteri
1309 1416 1405 1456 fidem
1422 1416 1582 1450 dederunt,
1599 1424 1635 1444 ne

970 1468 1036 1507 quis
1051 1478 1117 1496 cum
1142 1467 1201 1496 alio
1222 1466 1437 1496 concumberet.
1487 1464 1637 1503 Cephalus

971 1521 1082 1551 autem,
1099 1526 1165 1545 cum
1190 1516 1289 1545 studio
1315 1515 1445 1544 venandi
1472 1519 1636 1549 teneretur,

973 1571 1001 1594 et
1016 1566 1165 1594 matutino
1180 1570 1306 1603 tempore
1326 1565 1356 1593 in
1379 1569 1502 1592 montem
1525 1563 1637 1598 misser,

974 1615 1095 1644 Aurora
1114 1613 1233 1643 Tithoni
1258 1615 1365 1653 cory'ua.
1383 1624 1449 1643 eum
1473 1613 1637 1647 adamarit,

970 1665 1103 1703 petitque
1127 1664 1164 1692 ab
1192 1673 1223 1692 eo
1248 1662 1451 1692 concubitum.
1501 1660 1560 1690 Cui
1583 1660 1638 1690 Ce—

971 1713 1082 1751 phalus
1105 1713 1237 1753 negarit,
1254 1712 1332 1751 quod
1350 1711 1458 1740 Procri
1470 1710 1565 1750 fidem
1588 1712 1639 1740 de-

974 1763 1071 1792 derat.
1120 1761 1204 1791 Tunc
1215 1761 1335 1790 Aurora
1349 1761 1410 1789 ait:
1435 1758 1513 1788 Nolo
1526 1758 1638 1799 utfal-

976 1811 1019 1841 las
1034 1811 1142 1851 fidem,
1169 1812 1226 1840 *nisi
1248 1810 1302 1839 illa
1317 1808 1484 1850 fefellerit.
1533 1807 1640 1848 Itaque

975 1865 1137 1889 commutat
1151 1870 1218 1890 eum
1242 1860 1273 1888 in
1293 1859 1412 1897 hospitis
1425 1858 1577 1899 figuram,
1593 1863 1639 1887 at-

976 1920 1030 1948 que
1056 1911 1108 1939 dat
1136 1918 1261 1937 munera
1287 1908 1424 1946 speciosa,
1443 1917 1505 1946 quae
1531 1906 1639 1936 Procri

975 1958 1117 1999 deferret.

976 2014 1028 2043 set,
1055 2009 1214 2037 immutata
1248 2008 1340 2045 specie
1375 2016 1502 2035 munera
1533 2004 1642 2035 Procri

977 2059 1070 2093 dedit,
1090 2063 1119 2087 ec
1139 2068 1208 2086 cum
1229 2067 1263 2086 ea
1283 2056 1456 2086 concubuit.
1506 2053 1591 2084 Tunc
1615 2055 1642 2084 ei

978 2107 1098 2136 Aurora
1115 2107 1234 2145 speciem
1250 2105 1370 2144 hospitis
1384 2104 1520 2133 abstulit.
1568 2103 1640 2138 Quae

1176 1957 1242 1991 Quo
1270 1967 1337 1986 cum
1370 1955 1518 1994 Cephalus
1548 1957 1640 1985 venis-

979 2167 1045 2185 cum
1062 2157 1188 2191 vidisset,
1205 2156 1294 2185 sensit
1309 2165 1337 2184 se
1351 2155 1388 2183 ab
1404 2154 1523 2183 Aurora
1538 2153 1640 2191 decep-

979 2211 1050 2241 tum,
1067 2211 1095 2235 et
1120 2206 1189 2235 inde
1210 2204 1347 2245 profugit
1371 2205 1403 2232 in
1423 2202 1542 2232 Cretam
1559 2203 1640 2231 insu-

980 2255 1050 2289 lam,
1089 2255 1141 2283 ubi
1179 2253 1283 2283 Diana
1317 2252 1495 2283 venabatur.
1543 2250 1641 2284 Quum

978 2315 1043 2333 cum
1063 2303 1165 2333 Diana
1181 2303 1381 2342 comperisset,
1397 2303 1441 2331 ait
1453 2302 1496 2331 ei:
1522 2299 1642 2330 RIecum

979 2354 1110 2395 virgines
1125 2358 1287 2388 venantur,
1305 2358 1338 2382 tu
1362 2352 1447 2392 virgo
1464 2361 1522 2380 non
1538 2360 1577 2385 es,
1596 2360 1642 2379 ¹re-

979 2404 1059 2432 cede.
1084 2407 1114 2431 et
1129 2411 1201 2442 cap.
1219 2400 1324 2431 cclxx.
1342 2404 1504 2430 enumerat
1517 2397 1641 2439 Cepha-

979 2453 1043 2482 lum
1068 2452 1147 2483 inter
1172 2462 1236 2486 eos,
1261 2450 1314 2492 qui
1336 2448 1546 2481 formosissimi
1572 2448 1640 2478 sue-

980 2507 1062 2536 runt,
1078 2500 1130 2531 ubi
1154 2500 1199 2530 ita
1213 2506 1277 2530 est:
1306 2499 1454 2539 Cephalus
1476 2498 1644 2527 Pandionis

970 2551 1073 2590 filius,
1097 2560 1181 2589 quem
1200 2550 1321 2578 Aurora
1348 2548 1474 2578 amavit.
1521 2545 1641 2576 C1om-

982 2610 1057 2629 xrs.
1104 2597 1236 2628 Numeri
1259 2596 1331 2628 huic
1347 2595 1481 2627 disticho
1504 2594 1643 2624 duriores

981 2653 1063 2683 sunt,
1080 2658 1174 2689 quam
1197 2657 1275 2688 quos
1290 2656 1346 2687 pro
1361 2645 1425 2675 suis
1441 2643 1575 2675 Ovidius
1588 2642 1643 2672 ad-

982 2696 1097 2726 mittat.
1128 2701 1159 2726 et
1185 2706 1258 2726 sane
1285 2695 1315 2725 in
1341 2695 1458 2735 optimo
1484 2692 1644 2721 Puteaneo

983 2746 1114 2786 margini
1131 2744 1319 2785 adscriptum
1338 2748 1414 2773 erat.
1439 2741 1533 2782 idque
1549 2750 1642 2770 mauu

1067 2799 1087 2826 Z
