1849 3198
205 231 263 272 92
598 227 648 267 Ρ.
682 224 893 267 OVIDII
927 223 1205 266 NASONIS

206 348 344 395 Pone
371 344 521 398 Deos,
547 348 598 389 et
621 356 732 404 quae
757 340 1004 403 tangendo
1031 355 1170 386 sacra
1194 338 1449 402 profanas:

272 424 385 470 Non
409 423 536 469 bene
561 418 788 465 coelestes
812 417 964 480 impia
987 415 1162 463 dextra
1185 416 1316 462 colit.

1495 420 1587 464 130

209 501 261 548 Si
287 507 339 546 tu
366 499 523 546 cultor
548 511 656 543 eras
682 493 862 556 elapsis
888 493 1001 554 igne
1026 492 1244 549 futurus;

271 577 488 624 Poeuitet
512 575 706 640 elapsos
733 576 929 638 ignibus
955 591 1066 622 esse
1092 574 1245 621 Deos.

207 654 432 701 Forsitan
458 659 508 700 et
532 654 784 715 gravidam
811 652 958 707 Dido,
987 651 1242 706 scelerate,
1270 649 1547 711 relinquas3

271 731 496 793 Parsque
521 730 592 777 tui
617 731 769 777 lateat
792 745 996 792 corpore
1016 729 1186 775 clausa
1210 744 1335 774 meo.

204 808 429 856 Accedet
452 807 563 854 fatis
589 807 758 853 matris
784 805 1075 853 miserabilis
1108 804 1294 860 iufaus3

1494 803 1584 847 135

271 885 336 932 Et
359 885 576 931 nondum
601 891 716 931 nato
736 883 919 931 funeris
945 890 1116 930 auctor
1141 882 1251 929 eris.

207 963 436 1024 Cumque
461 968 665 1025 parente
691 978 780 1008 sua
804 961 951 1008 frater
976 961 1208 1007 morietur
1235 958 1357 1012 1iili;

270 1039 524 1101 Poenaque
549 1054 800 1085 connexos
826 1037 1013 1084 auferet
1036 1053 1133 1083 una
1157 1036 1298 1082 duos.

207 1117 307 1164 Sed
327 1116 471 1178 jubet
495 1115 564 1161 ire
591 1114 745 1161 Deus.
783 1114 959 1160 vellem
983 1113 1222 1160 vetuisset
1247 1111 1408 1165 adire3

271 1192 463 1239 Punica
486 1207 576 1237 nec
602 1190 804 1238 Teucris
830 1205 1002 1253 pressa
1024 1189 1198 1235 fuisset
1221 1189 1415 1234 humuS.

1493 1187 1585 1230 140

205 1269 315 1317 Hoc
340 1270 466 1316 duee
492 1270 694 1331 (nempe
721 1267 852 1327 Deo)
876 1267 1034 1314 ventis
1061 1266 1259 1328 agitaris
1284 1263 1482 1327 iniquis,

271 1347 336 1393 Et
359 1345 476 1393 teris
502 1346 552 1391 in
576 1344 748 1408 rapido
774 1351 999 1407 tempora
1022 1343 1169 1404 longa
1191 1341 1332 1388 freto.

205 1425 450 1486 Pergama
472 1423 554 1469 vix
579 1430 717 1469 tanto
742 1422 831 1468 tibi
857 1427 996 1468 eraut
1020 1419 1292 1483 repetenda
1314 1418 1497 1471 labore,

270 1501 487 1548 Hectore
513 1499 553 1546 si
576 1500 699 1554 vivo,
727 1505 914 1561 quanta
937 1497 1089 1553 fuere,
1117 1497 1291 1544 forent.

204 1579 318 1626 Non
334 1577 546 1641 patrium
565 1576 817 1623 Sinio'einta
830 1575 980 1638 petis;
1005 1575 1092 1621 sed
1109 1572 1389 1637 Thybridas
1404 1570 1577 1617 undas.

271 1655 483 1717 Nempe,
500 1660 555 1700 ut
570 1653 825 1716 pervenias
845 1669 942 1715 quo
968 1653 1124 1715 cupis,
1142 1652 1323 1714 hospes
1345 1649 1455 1696 eris.
1490 1650 1579 1694 146

204 1732 374 1795 thue
398 1731 533 1785 latet,
560 1730 778 1792 vitatque
804 1737 914 1776 tuas
940 1731 1168 1777 abstrusa
1191 1728 1399 1782 carinas,

268 1808 365 1854 Vix
390 1807 479 1854 tibi
503 1808 758 1870 continget
780 1814 909 1854 terra
934 1808 1089 1871 petita
1113 1806 1233 1854 seni.

248 1928 318 1957 135.
344 1924 565 1965 Accedatfalis
579 1924 711 1964 matris]
742 1924 854 1955 Malim

201 1975 395 2017 muti-issam),
412 1986 449 2005 ne
466 1980 526 2004 tres
542 1984 630 2005 voees
646 1973 676 2004 in
690 1976 714 2004 is
730 1979 853 2004 exeant.

199 2026 243 2056 ita
257 2036 337 2056 vers.
356 2025 429 2055 187.
478 2024 574 2057 Quam
590 2025 659 2053 bene
673 2025 855 2053 conveniant

190 2075 263 2117 fato
278 2080 330 2103 tua
343 2083 466 2102 munera
481 2079 591 2102 nostro.
637 2072 753 2102 BunM.

246 2123 316 2152 136.
343 2122 479 2151 Nondum
493 2121 585 2160 nath]
604 2120 709 2150 Scribe
726 2127 806 2155 nato,
821 2125 855 2150 ut

200 2169 386 2210 ambiguitas
415 2168 546 2207 vitetur3
572 2175 603 2199 et
631 2168 675 2198 ita
702 2168 854 2198 Slichten-

199 2219 342 2249 horstius.
388 2217 506 2247 Hmns.

246 2269 318 2298 138.
346 2266 521 2305 comesos]
562 2266 704 2296 Comiiros
732 2266 853 2295 Bersm.

201 2317 272 2346 MS.
285 2315 367 2356 quod
382 2315 434 2345 ille
450 2314 585 2356 explicat
599 2320 688 2356 partu
703 2314 793 2344 simul
809 2314 853 2344 la-

199 2367 355 2395 borantes.

246 2413 318 2443 145.
345 2411 413 2441 Non
439 2413 573 2450 patrium
598 2410 747 2441 Simo'enta
768 2412 853 2449 petis,

199 2464 249 2493 sed
273 2461 402 2491 Tun-idi.»-
419 2460 547 2500 undas]
575 2460 718 2501 Optimus
742 2460 854 2490 Putea-

200 2521 276 2541 neus
295 2510 438 2549 'l'yliridus
452 2510 560 2538 inid-¹5.
584 2508 719 2549 egregie.
739 2508 782 2538 sic
801 2509 853 2538 Ce-

198 2560 329 2598 phisidas
343 2560 436 2587 undas
453 2558 562 2588 Noster
577 2557 656 2588 dixit
670 2557 746 2587 libro
757 2558 854 2599 primo

201 2608 283 2638 Met.
297 2618 328 2637 v.
343 2607 416 2636 369.
431 2605 583 2636 etibidem
599 2606 743 2636 Pene‘ides
758 2608 854 2637 nndae.

199 2656 233 2687 ii.
251 2657 334 2687 Fast.
351 2656 424 2686 597.
454 2655 635 2685 Tiberinides
660 2658 756 2685 midan
802 2656 853 2685 Ti-

200 2705 265 2736 bul.
280 2705 302 2736 i.
319 2704 409 2745 Eleg.
426 2704 456 2734 6.
487 2704 755 2744 Anienaflmnina.
778 2714 853 2744 quo-

922 1924 1012 1954 modo
1027 1929 1058 1954 et
1080 1924 1190 1954 Horat.
1211 1922 1256 1953 iii.
1274 1921 1338 1953 Od.
1355 1921 1411 1952 xii.
1460 1920 1579 1961 Tyberi—

922 1986 976 2004 ηαδ
990 1975 1096 2003 midas.
1120 1978 1151 2003 et
1173 1972 1205 2002 in
1230 1971 1325 2002 veteri
1349 1970 1579 2012 Epigrammate

923 2022 1033 2053 Graeeo
1053 2021 1250 2062 Anthologiae
1279 2020 1441 2062 Θίνμβριας
1468 2020 1579 2060 Ρώμη.

922 2076 953 2100 et
976 2071 1120 2101 Lucanus
1141 2070 1219 2101 libro
1244 2069 1289 2100 iii.
1314 2070 1390 2099 277.
1427 2069 1581 2099 Meotidas

921 2121 1028 2155 undas,
1044 2130 1081 2149 ex
1098 2118 1194 2149 veteri
1210 2117 1333 2148 codice:

968 2169 1088 2208 Quoque
1114 2168 1237 2209 fretum
1275 2174 1389 2197 torrens
1423 2165 1581 2197 Moeozidas

1007 2218 1100 2258 egerit
1113 2218 1222 2246 undas.

922 2267 962 2296 Et
979 2266 1214 2297 Garamantidas
1237 2266 1334 2294 undas
1356 2263 1438 2293 idem
1462 2263 1518 2294 lib.
1535 2264 1579 2295 ix.

922 2315 996 2345 369-
1042 2314 1161 2344 HEINs.

968 2363 1039 2392 146.
1066 2362 1175 2401 Hospes
1197 2361 1287 2401 eris.]
1315 2360 1501 2391 Gebhardus
1524 2372 1578 2392 no-

921 2416 1039 2442 taverat
1054 2410 1085 2440 in
1098 2420 1149 2440 ora
1164 2409 1280 2439 codicis
1295 2409 1341 2439 sui
1356 2419 1388 2439 se
1404 2409 1579 2441 existimare

921 2459 1099 2500 legendum,
1130 2458 1230 2488 Hostis
1266 2469 1341 2488 eras.
1379 2469 1439 2488 non
1468 2460 1577 2500 probo.

922 2509 1039 2538 Buxm.

968 2557 1039 2587 147.
1070 2555 1165 2595 thue
1188 2556 1262 2585 lutet
1285 2554 1458 2595 refugitque
1481 2556 1574 2595 tuas]

926 2606 1063 2646 Vitatque
1086 2612 1152 2634 tuus
1177 2605 1353 2634 l'uteaneus
1375 2609 1406 2634 et
1430 2604 1482 2635 alii
1507 2605 1577 2646 qui-

921 2655 1004 2685 dam.
1035 2654 1078 2684 sic
1095 2652 1225 2693 Virgilio
1241 2664 1271 2682 v.
1288 2652 1363 2682 629.

966 2703 1086 2734 Italiam
1101 2701 1436 2742 sequimztrjitgientmn.
