1849 3198
555 186 744 229 ARTIS
777 185 1135 229 AMATORIAE
1168 185 1288 227 LIB.
1323 186 1359 227 I.

1568 189 1656 230 477

259 301 372 348 Sint
395 302 546 349 etiam
571 309 658 349 tua
680 309 794 349 vota
817 302 919 349 viro
945 302 1194 365 placuisse
1219 302 1414 366 puellae.

325 378 506 425 Utilior
528 379 655 425 votis
680 378 841 426 factus
867 379 1057 427 amicus
1083 379 1191 427 erit.

1556 383 1654 428 480

259 453 407 510 Huic,
435 455 476 501 si
501 462 633 502 sorte
659 455 818 511 bibes,
846 462 1030 502 sortem
1056 455 1277 502 concede
1301 455 1543 519 priorem:

324 531 456 578 Huic
482 532 628 578 detur
652 532 804 596 capiti
829 533 1036 595 dempta
1059 548 1241 579 corona
1265 538 1367 579 tuo.

260 608 375 655 Sive
402 609 466 655 sit
490 607 703 664 inferior,
732 625 820 656 seu
845 624 951 672 par,
979 608 1112 672 prior
1135 608 1303 655 omnia
1327 615 1517 656 sumat:

326 684 442 733 Neu
467 685 668 732 dubites
693 685 763 732 illi
787 686 939 732 verba
963 685 1186 732 secunda
1208 684 1363 747 loqui.

257 761 388 808 Tuta
397 761 734 824 frequensque
743 761 822 808 via
837 769 928 817 est,
942 777 1031 825 per
1046 761 1261 808 amicum
1272 761 1440 808 fallere
1455 777 1652 809 nomen.

324 838 455 886 Tuta
470 838 807 902 frequensque
822 838 941 885 licet
955 838 1020 884 sit
1032 838 1133 894 via3
1163 837 1351 884 crimen
1370 838 1538 884 habet.
1557 841 1653 884 586

260 914 384 962 Inde
409 922 697 979 procurator
717 915 924 961 nimium
950 928 1153 977 quoque
1179 915 1335 961 multa
1358 921 1608 978 procurat,

328 991 394 1039 Et
417 993 513 1039 sibi
538 992 786 1039 mandatis
811 992 955 1055 plura
977 991 1192 1039 videnda
1215 998 1375 1055 putat.

260 1068 413 1116 Certa
436 1070 527 1116 tibi
552 1085 581 1117 a
605 1070 747 1118 nobis
773 1070 973 1117 dabitur
997 1086 1231 1117 mensura
1253 1069 1486 1117 bibendi:

328 1145 560 1193 Officium
582 1154 820 1210 praestent
840 1164 1084 1210 mensque
1103 1148 1361 1211 pedesque
1376 1162 1538 1194 suum.
1557 1148 1655 1193 590

257 1222 287 1268 J
292 1224 432 1286 urgia
456 1225 724 1288 praecipue,
751 1225 864 1272 vino
890 1225 1159 1280 stimulata,
1186 1231 1378 1280 caveto,

327 1299 394 1347 Et
418 1301 624 1347 nimium
649 1301 819 1349 faciles
846 1302 908 1349 ad
933 1301 1038 1348 fera
1061 1302 1194 1349 bella
1218 1316 1411 1347 manus.

261 1376 463 1424 Occidit
489 1378 734 1443 Eurytion
761 1380 911 1427 stulte
936 1379 1055 1426 data
1077 1379 1191 1426 vina
1214 1378 1450 1426 bibendo.

325 1454 503 1518 Aptior
527 1462 604 1502 est
628 1455 762 1503 dulci
787 1472 962 1503 mensa
985 1472 1279 1518 merumque
1298 1456 1431 1518 joco.

263 1531 316 1578 Si
340 1548 437 1579 vox
463 1539 555 1588 est,
583 1541 757 1581 canta:
805 1534 845 1581 si
872 1534 1040 1580 mollia
1063 1533 1285 1588 brachia,
1312 1531 1461 1578 salta:

1557 1533 1653 1577 595

329 1609 410 1666 Et,
438 1626 759 1675 quacumque
783 1619 928 1676 potes
954 1612 1070 1659 dote
1094 1611 1309 1675 placere,
1336 1608 1496 1672 place.

303 1798 378 1829 581.
403 1798 487 1829 Huic
510 1799 639 1840 siforte
654 1800 764 1840 bibas.]
793 1799 824 1831 Si
846 1807 923 1832 sorte

264 1847 397 1878 Puteani
421 1855 455 1878 et
479 1848 630 1889 Scaligeri
653 1856 815 1891 excerpta.
840 1860 924 1880 vere.

259 1902 366 1927 notum
389 1897 480 1933 illud,
506 1898 569 1928 Nec
594 1909 689 1939 regna
714 1900 776 1929 vini
802 1901 924 1930 sortiere

261 1947 344 1977 talis.
368 1952 436 1976 tum
462 1953 493 1978 et
518 1947 588 1983 hoc,
610 1947 705 1982 Quem
725 1947 822 1978 Venus
843 1950 923 1978 urhi-

260 2001 341 2025 erum
365 1997 444 2026 dicet
468 1997 596 2026 bibendi.
641 1996 691 2026 De
711 1996 781 2037 lege
800 1997 924 2027 Talaria

260 2043 472 2075 conviviorum
483 2045 550 2086 jam
572 2045 696 2075 abunde
713 2044 925 2076 disseruerunt

260 2092 401 2123 homines
413 2093 537 2124 eruditi.
583 2093 703 2124 Hiems.

303 2143 379 2172 582.
406 2142 507 2182 Capiti
523 2144 608 2173 missa
619 2154 725 2173 corona
739 2142 815 2182 tum]
833 2142 922 2172 Dou—

261 2202 297 2222 za
320 2191 474 2223 retinebat
497 2194 592 2228 missa,
609 2197 640 2222 et
663 2191 854 2233 explicabat,
873 2201 925 2221 co-

262 2251 367 2271 ronam
384 2246 437 2271 tuo
453 2240 548 2283 capiti
563 2247 703 2283 paratam
720 2241 925 2271 destinatam-

262 2300 323 2331 que
347 2289 395 2319 illi
424 2289 560 2332 impone,
587 2295 736 2330 tanquam
766 2288 925 2320 meliorem

262 2350 298 2370 ac
315 2339 487 2380 digniorem
503 2339 656 2370 demereri
672 2349 813 2380 cuperes.
838 2340 925 2369 missa

262 2400 370 2419 corona
386 2388 481 2419 etiam
496 2388 551 2419 lib.
567 2388 601 2419 ii.
620 2388 689 2418 Art.
703 2389 778 2419 269.

306 2437 381 2467 584.
402 2437 495 2467 Verba.
509 2439 639 2468 secunda
657 2437 763 2477 loqui.]
784 2437 924 2467 Prart'mn

264 2487 351 2516 verba
364 2485 539 2517 Palatinus.
564 2486 664 2515 male:
689 2493 735 2516 est
748 2485 830 2516 idem
843 2485 925 2526 quod

264 2534 430 2565 Terentius
442 2535 559 2565 Heaut.
572 2534 613 2565 iv.
623 2535 663 2565 vi.
674 2536 730 2565 22.
746 2540 776 2564 ct
789 2534 926 2575 Adelph.

265 2595 297 2614 v.
324 2583 366 2613 ix.
391 2583 445 2613 37.
468 2582 547 2613 dixit
573 2585 770 2613 obsecundare
795 2585 827 2613 in
855 2584 926 2618 Ioco,

265 2643 325 2662 non
348 2631 573 2667 contradicere,
592 2643 648 2662 nec
673 2632 849 2670 adversari3
872 2631 925 2662 sed

265 2681 415 2711 assentari
439 2687 469 2712 et
494 2681 561 2722 ejus
583 2681 742 2712 sententiae
767 2680 927 2711 accedere.

269 2730 385 2760 Burni.

1035 1800 1109 1831 587.
1134 1798 1209 1829 Inde
1229 1798 1414 1837 Propinazor
1434 1798 1560 1826 nimium
1585 1807 1655 1836 quo-

991 1861 1046 1890 que
1059 1850 1156 1879 multa
1167 1849 1319 1888 propinet.
1354 1847 1394 1876 Et
1407 1845 1492 1886 sibi]
1521 1846 1572 1875 De
1585 1856 1654 1884 pro-

989 1901 1128 1938 pinatore
1149 1899 1340 1936 propinante,
1356 1895 1439 1936 quod
1454 1894 1511 1924 viri
1531 1893 1655 1930 eruditi,

992 1947 1178 1988 depravatos
1190 1944 1313 1976 codices
1329 1944 1438 1979 secuti,
1447 1942 1498 1973 hic
1511 1942 1656 1984 produnt,

992 2006 1009 2026 a
1022 2006 1094 2025 vero
1107 1994 1244 2024 alienum
1259 1999 1317 2024 est.
1348 1992 1431 2023 Libri
1449 1997 1533 2022 certe
1547 1991 1653 2021 melio·

992 2056 1039 2075 res
1057 2044 1133 2074 nihil
1148 2043 1279 2074 variant.
1324 2041 1401 2083 Agit
1416 2042 1455 2072 de
1478 2046 1654 2083 procurato—

993 2092 1088 2128 ribus,
1102 2103 1180 2134 quos
1195 2091 1311 2122 domini
1328 2092 1473 2121 absentes
1488 2090 1579 2120 rebus
1592 2089 1656 2119 suis

993 2141 1236 2176 constituebant,
1264 2139 1379 2181 quique
1404 2138 1464 2169 ista
1491 2137 1654 2168 occasione

993 2201 1099 2221 eorum
1123 2190 1318 2224 auctoritate,
1340 2198 1471 2229 quorum
1496 2198 1543 2217 res
1566 2198 1653 2218 cura-

993 2240 1079 2275 bant,
1097 2248 1321 2279 nonnunquam
1338 2237 1559 2267 abutebantur.
1604 2236 1654 2267 Ita

993 2297 1064 2318 cum
1081 2286 1239 2328 Naugerio
1254 2286 1348 2316 etiam
1364 2285 1558 2316 doctissimus
1573 2286 1653 2315 Gro-

993 2336 1101 2367 novius
1119 2337 1222 2367 locum
1241 2336 1336 2377 capit.
1354 2335 1408 2376 qui
1428 2334 1505 2365 illud
1526 2336 1654 2365 videnda

991 2384 1135 2426 sequenti
1156 2395 1244 2415 versu
1269 2384 1488 2425 interpretatur
1509 2394 1564 2424 pro
1585 2394 1653 2424 pro-

994 2434 1131 2465 videnda
1147 2440 1178 2465 et
1193 2433 1345 2464 curanda.
1392 2433 1510 2463 BunM.

1037 2485 1113 2514 592.
1141 2483 1256 2513 Faciles
1278 2485 1317 2513 ad
1328 2483 1405 2524 sera
1426 2483 1501 2512 bella
1518 2482 1650 2522 manus]

995 2532 1127 2574 RegiuS,
1149 2539 1180 2563 et
1206 2543 1259 2563 sex
1285 2531 1436 2573 alii,sera
1466 2532 1562 2561 verba.
1597 2531 1654 2562 hoc

995 2587 1054 2616 est,
1072 2591 1183 2611 manus
1197 2585 1305 2611 cavete
1318 2581 1396 2610 inter
1407 2579 1512 2620 jurgia
1525 2579 1653 2609 nimium

996 2635 1120 2671 paratas
1135 2636 1166 2659 et
1181 2636 1327 2670 promtas,
1338 2638 1392 2670 per
1405 2639 1482 2668 quas
1497 2628 1536 2658 ad
1548 2629 1655 2659 verbe—

997 2689 1028 2709 ra
1046 2688 1063 2708 a
1080 2678 1180 2708 verbis
1195 2677 1350 2708 veniatur.
1396 2677 1511 2707 llems.
