<?xml version="1.0" encoding="UTF-8"?>
<!DOCTYPE html PUBLIC "-//W3C//DTD XHTML 1.0 Transitional//EN"
    "http://www.w3.org/TR/xhtml1/DTD/xhtml1-transitional.dtd">
<html xmlns="http://www.w3.org/1999/xhtml" xml:lang="en" lang="en">
 <head>
  <title>
</title>
<meta http-equiv="Content-Type" content="text/html;charset=utf-8" />
  <meta name='ocr-system' content='tesseract 3.04.00' />
  <meta name='ocr-capabilities' content='ocr_page ocr_carea ocr_par ocr_line ocrx_word'/>
</head>
<body>
  <div class='ocr_page' id='page_1' title='image "./povidiinasonisop01oviduoft_0110.png"; bbox 0 0 1849 3198; ppageno 0'>
   <div class='ocr_carea' id='block_1_1' title="bbox 234 210 1220 255">
    <p class='ocr_par' dir='ltr' id='par_1_1' title="bbox 234 210 1220 255">
     <span class='ocr_line' id='line_1_1' title="bbox 234 210 1220 255; baseline 0.002 -2"><span class='ocrx_word' id='word_1_1' title='bbox 234 211 292 253; x_wconf 76' lang='lat'>28</span> <span class='ocrx_word' id='word_1_2' title='bbox 612 212 663 253; x_wconf 91' lang='lat' dir='ltr'>P.</span> <span class='ocrx_word' id='word_1_3' title='bbox 697 210 909 254; x_wconf 87' lang='lat' dir='ltr'><strong>OVIDII</strong></span> <span class='ocrx_word' id='word_1_4' title='bbox 941 211 1220 255; x_wconf 89' lang='lat' dir='ltr'><strong>NASONIS</strong></span> 
     </span>
    </p>
   </div>
   <div class='ocr_carea' id='block_1_2' title="bbox 237 326 1434 623">
    <p class='ocr_par' dir='ltr' id='par_1_2' title="bbox 237 326 1434 623">
     <span class='ocr_line' id='line_1_2' title="bbox 239 326 1331 390; baseline 0.003 -16"><span class='ocrx_word' id='word_1_5' title='bbox 239 326 351 381; x_wconf 85' lang='lat' dir='ltr'>Qua</span> <span class='ocrx_word' id='word_1_6' title='bbox 373 326 528 374; x_wconf 90' lang='lat' dir='ltr'>merui</span> <span class='ocrx_word' id='word_1_7' title='bbox 554 327 703 390; x_wconf 86' lang='lat' dir='ltr'>culpa</span> <span class='ocrx_word' id='word_1_8' title='bbox 723 326 828 374; x_wconf 90' lang='lat' dir='ltr'>fieri</span> <span class='ocrx_word' id='word_1_9' title='bbox 851 327 940 374; x_wconf 89' lang='lat' dir='ltr'>tibi</span> <span class='ocrx_word' id='word_1_10' title='bbox 963 327 1088 385; x_wconf 90' lang='lat' dir='ltr'>vilis,</span> <span class='ocrx_word' id='word_1_11' title='bbox 1106 328 1331 377; x_wconf 81' lang='lat' dir='ltr'>Achille?</span> 
     </span>
     <span class='ocr_line' id='line_1_3' title="bbox 305 403 1363 468; baseline 0.005 -19"><span class='ocrx_word' id='word_1_12' title='bbox 305 405 415 460; x_wconf 82' lang='lat' dir='ltr'>Quo</span> <span class='ocrx_word' id='word_1_13' title='bbox 438 403 557 450; x_wconf 89' lang='lat' dir='ltr'>levis</span> <span class='ocrx_word' id='word_1_14' title='bbox 583 419 612 450; x_wconf 89' lang='lat' dir='ltr'>a</span> <span class='ocrx_word' id='word_1_15' title='bbox 634 403 775 451; x_wconf 87' lang='lat' dir='ltr'>nobis</span> <span class='ocrx_word' id='word_1_16' title='bbox 800 410 901 451; x_wconf 90' lang='lat' dir='ltr'>tam</span> <span class='ocrx_word' id='word_1_17' title='bbox 925 404 1022 452; x_wconf 92' lang='lat' dir='ltr'>cito</span> <span class='ocrx_word' id='word_1_18' title='bbox 1047 404 1172 468; x_wconf 82' lang='lat' dir='ltr'>fugit</span> <span class='ocrx_word' id='word_1_19' title='bbox 1195 407 1363 454; x_wconf 78' lang='lat' dir='ltr'>amor?</span> 
     </span>
     <span class='ocr_line' id='line_1_4' title="bbox 237 479 1434 546; baseline 0.003 -19"><span class='ocrx_word' id='word_1_20' title='bbox 237 479 317 527; x_wconf 93' lang='lat' dir='ltr'>An</span> <span class='ocrx_word' id='word_1_21' title='bbox 342 481 546 528; x_wconf 89' lang='lat' dir='ltr'>miseros</span> <span class='ocrx_word' id='word_1_22' title='bbox 570 481 722 528; x_wconf 91' lang='lat' dir='ltr'>tristis</span> <span class='ocrx_word' id='word_1_23' title='bbox 746 481 940 529; x_wconf 86' lang='lat' dir='ltr'>fortuna</span> <span class='ocrx_word' id='word_1_24' title='bbox 962 483 1202 531; x_wconf 82' lang='lat' dir='ltr'>tenaciter</span> <span class='ocrx_word' id='word_1_25' title='bbox 1224 484 1434 546; x_wconf 75' lang='lat' dir='ltr'>urguet?</span> 
     </span>
     <span class='ocr_line' id='line_1_5' title="bbox 307 558 1339 623; baseline 0.003 -19"><span class='ocrx_word' id='word_1_26' title='bbox 307 558 414 605; x_wconf 90' lang='lat' dir='ltr'>Nec</span> <span class='ocrx_word' id='word_1_27' title='bbox 438 559 572 605; x_wconf 90' lang='lat' dir='ltr'>venit</span> <span class='ocrx_word' id='word_1_28' title='bbox 596 559 806 623; x_wconf 80' lang='lat' dir='ltr'>inceptis</span> <span class='ocrx_word' id='word_1_29' title='bbox 832 559 1022 607; x_wconf 85' lang='lat' dir='ltr'>mollior</span> <span class='ocrx_word' id='word_1_30' title='bbox 1046 576 1165 607; x_wconf 88' lang='lat' dir='ltr'>aura</span> <span class='ocrx_word' id='word_1_31' title='bbox 1187 560 1339 607; x_wconf 78' lang='lat' dir='ltr'>meis?</span> 
     </span>
    </p>
   </div>
   <div class='ocr_carea' id='block_1_3' title="bbox 239 635 1327 700">
    <p class='ocr_par' dir='ltr' id='par_1_3' title="bbox 239 635 1327 700">
     <span class='ocr_line' id='line_1_6' title="bbox 239 635 1327 700; baseline 0.003 -18"><span class='ocrx_word' id='word_1_32' title='bbox 239 636 416 684; x_wconf 81' lang='lat' dir='ltr'>Diruta</span> <span class='ocrx_word' id='word_1_33' title='bbox 440 635 604 684; x_wconf 87' lang='lat' dir='ltr'>Marte</span> <span class='ocrx_word' id='word_1_34' title='bbox 627 644 712 684; x_wconf 92' lang='lat' dir='ltr'>tuo</span> <span class='ocrx_word' id='word_1_35' title='bbox 739 637 978 700; x_wconf 82' lang='lat' dir='ltr'>Lyrnesia</span> <span class='ocrx_word' id='word_1_36' title='bbox 1000 637 1181 685; x_wconf 82' lang='lat' dir='ltr'>moenia</span> <span class='ocrx_word' id='word_1_37' title='bbox 1202 638 1299 685; x_wconf 87' lang='lat' dir='ltr'>vidi</span> <span class='ocrx_word' id='word_1_38' title='bbox 1318 654 1327 685; x_wconf 91' lang='lat'>:</span> 
     </span>
    </p>
   </div>
   <div class='ocr_carea' id='block_1_4' title="bbox 1554 639 1617 684">
    <p class='ocr_par' dir='ltr' id='par_1_4' title="bbox 1554 639 1617 684">
     <span class='ocr_line' id='line_1_7' title="bbox 1554 639 1617 684; baseline 0.016 -1"><span class='ocrx_word' id='word_1_39' title='bbox 1554 639 1617 684; x_wconf 80' lang='lat'>45</span> 
     </span>
    </p>
   </div>
   <div class='ocr_carea' id='block_1_5' title="bbox 236 712 1534 1008">
    <p class='ocr_par' dir='ltr' id='par_1_5' title="bbox 237 712 1534 854">
     <span class='ocr_line' id='line_1_8' title="bbox 304 712 1397 777; baseline 0.001 -18"><span class='ocrx_word' id='word_1_40' title='bbox 304 712 370 759; x_wconf 90' lang='lat' dir='ltr'>Et</span> <span class='ocrx_word' id='word_1_41' title='bbox 393 713 579 760; x_wconf 86' lang='lat' dir='ltr'>fueram</span> <span class='ocrx_word' id='word_1_42' title='bbox 604 714 773 777; x_wconf 85' lang='lat' dir='ltr'>patriae</span> <span class='ocrx_word' id='word_1_43' title='bbox 798 730 912 777; x_wconf 86' lang='lat' dir='ltr'>pars</span> <span class='ocrx_word' id='word_1_44' title='bbox 938 730 1030 776; x_wconf 85' lang='lat' dir='ltr'>ego</span> <span class='ocrx_word' id='word_1_45' title='bbox 1055 731 1234 776; x_wconf 83' lang='lat' dir='ltr'>magna</span> <span class='ocrx_word' id='word_1_46' title='bbox 1258 729 1397 761; x_wconf 88' lang='lat' dir='ltr'>meae.</span> 
     </span>
     <span class='ocr_line' id='line_1_9' title="bbox 237 790 1534 854; baseline 0.001 -17"><span class='ocrx_word' id='word_1_47' title='bbox 237 790 352 837; x_wconf 89' lang='lat' dir='ltr'>Vidi</span> <span class='ocrx_word' id='word_1_48' title='bbox 377 806 468 853; x_wconf 80' lang='lat' dir='ltr'>ego</span> <span class='ocrx_word' id='word_1_49' title='bbox 494 798 744 837; x_wconf 80' lang='lat' dir='ltr'>consortes</span> <span class='ocrx_word' id='word_1_50' title='bbox 771 791 953 854; x_wconf 85' lang='lat' dir='ltr'>pariter</span> <span class='ocrx_word' id='word_1_51' title='bbox 978 792 1272 854; x_wconf 81' lang='lat' dir='ltr'>generisque</span> <span class='ocrx_word' id='word_1_52' title='bbox 1296 791 1534 854; x_wconf 82' lang='lat' dir='ltr'>necisque</span> 
     </span>
    </p>

    <p class='ocr_par' dir='ltr' id='par_1_6' title="bbox 236 867 1515 1008">
     <span class='ocr_line' id='line_1_10' title="bbox 303 867 1515 931; baseline 0 -17"><span class='ocrx_word' id='word_1_53' title='bbox 303 867 424 915; x_wconf 82' lang='lat' dir='ltr'>Tres</span> <span class='ocrx_word' id='word_1_54' title='bbox 449 868 687 915; x_wconf 83' lang='lat' dir='ltr'>cecidisse</span> <span class='ocrx_word' id='word_1_55' title='bbox 706 885 715 915; x_wconf 92' lang='lat'><strong>:</strong></span> <span class='ocrx_word' id='word_1_56' title='bbox 735 868 907 924; x_wconf 87' lang='lat' dir='ltr'>tribus,</span> <span class='ocrx_word' id='word_1_57' title='bbox 926 885 1035 931; x_wconf 85' lang='lat' dir='ltr'>quae</span> <span class='ocrx_word' id='word_1_58' title='bbox 1062 869 1196 924; x_wconf 88' lang='lat' dir='ltr'>mihi,</span> <span class='ocrx_word' id='word_1_59' title='bbox 1214 876 1371 916; x_wconf 87' lang='lat' dir='ltr'>mater</span> <span class='ocrx_word' id='word_1_60' title='bbox 1395 875 1515 915; x_wconf 86' lang='lat' dir='ltr'>erat.</span> 
     </span>
     <span class='ocr_line' id='line_1_11' title="bbox 236 944 1493 1008; baseline 0.001 -17"><span class='ocrx_word' id='word_1_61' title='bbox 236 944 351 991; x_wconf 90' lang='lat' dir='ltr'>Vidi</span> <span class='ocrx_word' id='word_1_62' title='bbox 376 961 484 1007; x_wconf 82' lang='lat' dir='ltr'>ego,</span> <span class='ocrx_word' id='word_1_63' title='bbox 513 952 726 1008; x_wconf 85' lang='lat' dir='ltr'>quantus</span> <span class='ocrx_word' id='word_1_64' title='bbox 752 953 871 1001; x_wconf 87' lang='lat' dir='ltr'>erat,</span> <span class='ocrx_word' id='word_1_65' title='bbox 889 946 1052 992; x_wconf 85' lang='lat' dir='ltr'>fusum</span> <span class='ocrx_word' id='word_1_66' title='bbox 1076 947 1250 993; x_wconf 89' lang='lat' dir='ltr'>tellure</span> <span class='ocrx_word' id='word_1_67' title='bbox 1274 953 1493 1002; x_wconf 90' lang='lat' dir='ltr'>cruenta,</span> 
     </span>
    </p>
   </div>
   <div class='ocr_carea' id='block_1_6' title="bbox 305 1021 1409 1086">
    <p class='ocr_par' dir='ltr' id='par_1_7' title="bbox 305 1021 1409 1086">
     <span class='ocr_line' id='line_1_12' title="bbox 305 1021 1409 1086; baseline 0 -17"><span class='ocrx_word' id='word_1_68' title='bbox 305 1021 517 1070; x_wconf 83' lang='lat' dir='ltr'>Pectora</span> <span class='ocrx_word' id='word_1_69' title='bbox 534 1024 807 1086; x_wconf 84' lang='lat' dir='ltr'>jactantem</span> <span class='ocrx_word' id='word_1_70' title='bbox 833 1023 1221 1086; x_wconf 83' lang='lat' dir='ltr'>sanguinolenta,</span> <span class='ocrx_word' id='word_1_71' title='bbox 1238 1023 1409 1071; x_wconf 89' lang='lat' dir='ltr'>virum.</span> 
     </span>
    </p>
   </div>
   <div class='ocr_carea' id='block_1_7' title="bbox 1554 1025 1619 1070">
    <p class='ocr_par' dir='ltr' id='par_1_8' title="bbox 1554 1025 1619 1070">
     <span class='ocr_line' id='line_1_13' title="bbox 1554 1025 1619 1070; baseline -0.015 0"><span class='ocrx_word' id='word_1_72' title='bbox 1554 1025 1619 1070; x_wconf 87' lang='lat'>50</span> 
     </span>
    </p>
   </div>
   <div class='ocr_carea' id='block_1_8' title="bbox 235 1099 1464 1394">
    <p class='ocr_par' dir='ltr' id='par_1_9' title="bbox 235 1099 1453 1234">
     <span class='ocr_line' id='line_1_14' title="bbox 235 1099 1453 1164; baseline 0 -18"><span class='ocrx_word' id='word_1_73' title='bbox 235 1099 331 1146; x_wconf 88' lang='lat' dir='ltr'>Tot</span> <span class='ocrx_word' id='word_1_74' title='bbox 353 1106 519 1147; x_wconf 88' lang='lat' dir='ltr'>tamen</span> <span class='ocrx_word' id='word_1_75' title='bbox 544 1101 735 1148; x_wconf 84' lang='lat' dir='ltr'>amissis</span> <span class='ocrx_word' id='word_1_76' title='bbox 760 1108 808 1149; x_wconf 89' lang='lat' dir='ltr'>te</span> <span class='ocrx_word' id='word_1_77' title='bbox 834 1101 1260 1164; x_wconf 84' lang='lat' dir='ltr'>compensavimus</span> <span class='ocrx_word' id='word_1_78' title='bbox 1284 1116 1453 1147; x_wconf 90' lang='lat' dir='ltr'>unum.</span> 
     </span>
     <span class='ocr_line' id='line_1_15' title="bbox 303 1176 1362 1234; baseline 0.002 -12"><span class='ocrx_word' id='word_1_79' title='bbox 303 1176 378 1222; x_wconf 90' lang='lat' dir='ltr'>Tu</span> <span class='ocrx_word' id='word_1_80' title='bbox 403 1177 645 1233; x_wconf 84' lang='lat' dir='ltr'>dominus,</span> <span class='ocrx_word' id='word_1_81' title='bbox 662 1186 716 1224; x_wconf 93' lang='lat' dir='ltr'>tu</span> <span class='ocrx_word' id='word_1_82' title='bbox 740 1179 826 1234; x_wconf 86' lang='lat' dir='ltr'>vir,</span> <span class='ocrx_word' id='word_1_83' title='bbox 843 1185 896 1225; x_wconf 93' lang='lat' dir='ltr'>tu</span> <span class='ocrx_word' id='word_1_84' title='bbox 922 1178 1040 1224; x_wconf 89' lang='lat' dir='ltr'>mihi</span> <span class='ocrx_word' id='word_1_85' title='bbox 1066 1178 1213 1224; x_wconf 82' lang='lat' dir='ltr'>frater</span> <span class='ocrx_word' id='word_1_86' title='bbox 1238 1192 1362 1224; x_wconf 87' lang='lat' dir='ltr'>eras.</span> 
     </span>
    </p>

    <p class='ocr_par' dir='ltr' id='par_1_10' title="bbox 236 1252 1464 1394">
     <span class='ocr_line' id='line_1_16' title="bbox 236 1252 1464 1318; baseline 0.002 -20"><span class='ocrx_word' id='word_1_87' title='bbox 236 1252 310 1299; x_wconf 93' lang='lat' dir='ltr'>Tu</span> <span class='ocrx_word' id='word_1_88' title='bbox 336 1253 470 1308; x_wconf 83' lang='lat' dir='ltr'>mihi,</span> <span class='ocrx_word' id='word_1_89' title='bbox 491 1255 684 1316; x_wconf 83' lang='lat' dir='ltr'>juratus</span> <span class='ocrx_word' id='word_1_90' title='bbox 709 1271 797 1318; x_wconf 82' lang='lat' dir='ltr'>per</span> <span class='ocrx_word' id='word_1_91' title='bbox 821 1255 1022 1301; x_wconf 87' lang='lat' dir='ltr'>numina</span> <span class='ocrx_word' id='word_1_92' title='bbox 1048 1254 1223 1301; x_wconf 85' lang='lat' dir='ltr'>Matris</span> <span class='ocrx_word' id='word_1_93' title='bbox 1249 1270 1464 1318; x_wconf 74' lang='lat' dir='ltr'>aquosae,</span> 
     </span>
     <span class='ocr_line' id='line_1_17' title="bbox 304 1328 1122 1394; baseline 0.004 -20"><span class='ocrx_word' id='word_1_94' title='bbox 304 1328 438 1376; x_wconf 88' lang='lat' dir='ltr'>Utile</span> <span class='ocrx_word' id='word_1_95' title='bbox 463 1330 665 1377; x_wconf 79' lang='lat' dir='ltr'>dicebas</span> <span class='ocrx_word' id='word_1_96' title='bbox 690 1331 795 1394; x_wconf 87' lang='lat' dir='ltr'>ipse</span> <span class='ocrx_word' id='word_1_97' title='bbox 820 1331 970 1378; x_wconf 83' lang='lat' dir='ltr'>fuisse</span> <span class='ocrx_word' id='word_1_98' title='bbox 995 1332 1122 1394; x_wconf 90' lang='lat' dir='ltr'>capi.</span> 
     </span>
    </p>
   </div>
   <div class='ocr_carea' id='block_1_9' title="bbox 243 1405 1458 1472">
    <p class='ocr_par' dir='ltr' id='par_1_11' title="bbox 243 1405 1458 1472">
     <span class='ocr_line' id='line_1_18' title="bbox 243 1405 1458 1472; baseline 0.002 -21"><span class='ocrx_word' id='word_1_99' title='bbox 243 1405 446 1452; x_wconf 83' lang='lat' dir='ltr'>Scilicet</span> <span class='ocrx_word' id='word_1_100' title='bbox 469 1413 537 1462; x_wconf 85' lang='lat' dir='ltr'>ut,</span> <span class='ocrx_word' id='word_1_101' title='bbox 557 1408 780 1469; x_wconf 87' lang='lat' dir='ltr'>quamvis</span> <span class='ocrx_word' id='word_1_102' title='bbox 803 1407 996 1455; x_wconf 82' lang='lat' dir='ltr'>veniam</span> <span class='ocrx_word' id='word_1_103' title='bbox 1021 1408 1204 1463; x_wconf 82' lang='lat' dir='ltr'>dotata,</span> <span class='ocrx_word' id='word_1_104' title='bbox 1222 1408 1458 1472; x_wconf 77' lang='lat' dir='ltr'>repellas3</span> 
     </span>
    </p>
   </div>
   <div class='ocr_carea' id='block_1_10' title="bbox 1554 1409 1615 1455">
    <p class='ocr_par' dir='ltr' id='par_1_12' title="bbox 1554 1409 1615 1455">
     <span class='ocr_line' id='line_1_19' title="bbox 1554 1409 1615 1455; baseline -0.016 0"><span class='ocrx_word' id='word_1_105' title='bbox 1554 1409 1615 1455; x_wconf 87' lang='grc'>55</span> 
     </span>
    </p>
   </div>
   <div class='ocr_carea' id='block_1_11' title="bbox 239 1482 1540 1687">
    <p class='ocr_par' dir='ltr' id='par_1_13' title="bbox 239 1482 1540 1687">
     <span class='ocr_line' id='line_1_20' title="bbox 303 1482 1399 1548; baseline 0.002 -19"><span class='ocrx_word' id='word_1_106' title='bbox 303 1482 368 1529; x_wconf 87' lang='lat' dir='ltr'>Et</span> <span class='ocrx_word' id='word_1_107' title='bbox 392 1499 586 1530; x_wconf 87' lang='lat' dir='ltr'>mecum</span> <span class='ocrx_word' id='word_1_108' title='bbox 610 1484 785 1547; x_wconf 83' lang='lat' dir='ltr'>fugias,</span> <span class='ocrx_word' id='word_1_109' title='bbox 804 1502 914 1548; x_wconf 86' lang='lat' dir='ltr'>quae</span> <span class='ocrx_word' id='word_1_110' title='bbox 939 1486 1027 1532; x_wconf 89' lang='lat' dir='ltr'>tibi</span> <span class='ocrx_word' id='word_1_111' title='bbox 1054 1486 1245 1540; x_wconf 88' lang='lat' dir='ltr'>dentur,</span> <span class='ocrx_word' id='word_1_112' title='bbox 1263 1501 1399 1548; x_wconf 79' lang='lat' dir='ltr'>opes,</span> 
     </span>
     <span class='ocr_line' id='line_1_21' title="bbox 239 1559 1540 1618; baseline 0 -11"><span class='ocrx_word' id='word_1_113' title='bbox 239 1559 371 1614; x_wconf 85' lang='lat' dir='ltr'>Quin</span> <span class='ocrx_word' id='word_1_114' title='bbox 397 1561 544 1607; x_wconf 84' lang='lat' dir='ltr'>etiam</span> <span class='ocrx_word' id='word_1_115' title='bbox 570 1562 700 1609; x_wconf 86' lang='lat' dir='ltr'>fama</span> <span class='ocrx_word' id='word_1_116' title='bbox 723 1570 814 1618; x_wconf 83' lang='lat' dir='ltr'>est,</span> <span class='ocrx_word' id='word_1_117' title='bbox 833 1579 947 1609; x_wconf 88' lang='lat' dir='ltr'>cum</span> <span class='ocrx_word' id='word_1_118' title='bbox 971 1563 1185 1609; x_wconf 80' lang='lat' dir='ltr'>crastina</span> <span class='ocrx_word' id='word_1_119' title='bbox 1208 1561 1398 1608; x_wconf 84' lang='lat' dir='ltr'>fulserit</span> <span class='ocrx_word' id='word_1_120' title='bbox 1424 1560 1540 1616; x_wconf 84' lang='lat' dir='ltr'>Eos,</span> 
     </span>
     <span class='ocr_line' id='line_1_22' title="bbox 302 1637 1218 1687; baseline 0.002 -4"><span class='ocrx_word' id='word_1_121' title='bbox 302 1637 373 1684; x_wconf 90' lang='lat' dir='ltr'>Te</span> <span class='ocrx_word' id='word_1_122' title='bbox 398 1638 514 1685; x_wconf 88' lang='lat' dir='ltr'>dare</span> <span class='ocrx_word' id='word_1_123' title='bbox 533 1640 765 1687; x_wconf 88' lang='lat' dir='ltr'>nubiferis</span> <span class='ocrx_word' id='word_1_124' title='bbox 791 1641 920 1687; x_wconf 90' lang='lat' dir='ltr'>linea</span> <span class='ocrx_word' id='word_1_125' title='bbox 942 1641 1050 1687; x_wconf 81' lang='lat' dir='ltr'>vela</span> <span class='ocrx_word' id='word_1_126' title='bbox 1074 1639 1218 1686; x_wconf 87' lang='lat' dir='ltr'>notis.</span> 
     </span>
    </p>
   </div>
   <div class='ocr_carea' id='block_1_12' title="bbox 232 1770 888 2047">
    <p class='ocr_par' dir='ltr' id='par_1_14' title="bbox 232 1770 888 1948">
     <span class='ocr_line' id='line_1_23' title="bbox 278 1770 888 1812; baseline 0.007 -12"><span class='ocrx_word' id='word_1_127' title='bbox 278 1771 333 1800; x_wconf 88' lang='grc'>47.</span> <span class='ocrx_word' id='word_1_128' title='bbox 372 1770 440 1800; x_wconf 75' lang='lat' dir='ltr'>Vidi</span> <span class='ocrx_word' id='word_1_129' title='bbox 465 1772 634 1812; x_wconf 68' lang='lat' dir='ltr'>consortes]</span> <span class='ocrx_word' id='word_1_130' title='bbox 673 1773 803 1803; x_wconf 87' lang='lat' dir='ltr'>Mollius</span> <span class='ocrx_word' id='word_1_131' title='bbox 831 1780 888 1809; x_wconf 83' lang='lat' dir='ltr'>est,</span> 
     </span>
     <span class='ocr_line' id='line_1_24' title="bbox 235 1819 888 1863; baseline 0.006 -14"><span class='ocrx_word' id='word_1_132' title='bbox 235 1819 317 1859; x_wconf 84' lang='lat' dir='ltr'>quod</span> <span class='ocrx_word' id='word_1_133' title='bbox 338 1819 368 1849; x_wconf 90' lang='lat' dir='ltr'>in</span> <span class='ocrx_word' id='word_1_134' title='bbox 383 1819 504 1850; x_wconf 85' lang='lat' dir='ltr'>duobus</span> <span class='ocrx_word' id='word_1_135' title='bbox 524 1819 610 1850; x_wconf 87' lang='lat' dir='ltr'>libris</span> <span class='ocrx_word' id='word_1_136' title='bbox 631 1821 680 1851; x_wconf 91' lang='lat' dir='ltr'>hic</span> <span class='ocrx_word' id='word_1_137' title='bbox 697 1827 727 1851; x_wconf 84' lang='lat' dir='ltr'>et</span> <span class='ocrx_word' id='word_1_138' title='bbox 747 1823 888 1863; x_wconf 84' lang='lat' dir='ltr'>sequenti</span> 
     </span>
     <span class='ocr_line' id='line_1_25' title="bbox 234 1867 888 1911; baseline 0.008 -14"><span class='ocrx_word' id='word_1_139' title='bbox 234 1867 366 1898; x_wconf 74' lang='lat' dir='ltr'>disticho</span> <span class='ocrx_word' id='word_1_140' title='bbox 381 1875 437 1905; x_wconf 84' lang='lat' dir='ltr'>est,</span> <span class='ocrx_word' id='word_1_141' title='bbox 454 1871 515 1899; x_wconf 70' lang='lat' dir='ltr'>vidi</span> <span class='ocrx_word' id='word_1_142' title='bbox 531 1882 595 1911; x_wconf 75' lang='lat' dir='ltr'>ego,</span> <span class='ocrx_word' id='word_1_143' title='bbox 611 1871 654 1901; x_wconf 87' lang='lat' dir='ltr'>sic</span> <span class='ocrx_word' id='word_1_144' title='bbox 670 1877 701 1901; x_wconf 90' lang='lat' dir='ltr'>et</span> <span class='ocrx_word' id='word_1_145' title='bbox 716 1870 761 1901; x_wconf 84' lang='lat' dir='ltr'>iii.</span> <span class='ocrx_word' id='word_1_146' title='bbox 779 1872 888 1903; x_wconf 85' lang='lat' dir='ltr'>Amor.</span> 
     </span>
     <span class='ocr_line' id='line_1_26' title="bbox 232 1916 347 1948; baseline 0.017 -2"><span class='ocrx_word' id='word_1_147' title='bbox 232 1916 274 1947; x_wconf 90' lang='lat' dir='ltr'>iv.</span> <span class='ocrx_word' id='word_1_148' title='bbox 296 1918 347 1948; x_wconf 89' lang='lat'>13.</span> 
     </span>
    </p>

    <p class='ocr_par' dir='ltr' id='par_1_15' title="bbox 280 1966 888 2008">
     <span class='ocr_line' id='line_1_27' title="bbox 280 1966 888 2008; baseline 0.008 -13"><span class='ocrx_word' id='word_1_149' title='bbox 280 1966 348 1996; x_wconf 65' lang='lat' dir='ltr'>Vidi</span> <span class='ocrx_word' id='word_1_150' title='bbox 375 1977 427 2007; x_wconf 82' lang='lat' dir='ltr'>ego</span> <span class='ocrx_word' id='word_1_151' title='bbox 455 1978 550 2006; x_wconf 50' lang='lat' dir='ltr'>&#39;nuper</span> <span class='ocrx_word' id='word_1_152' title='bbox 575 1978 681 2008; x_wconf 70' lang='lat' dir='ltr'>equum</span> <span class='ocrx_word' id='word_1_153' title='bbox 705 1976 809 1999; x_wconf 76' lang='lat' dir='ltr'>contra</span> <span class='ocrx_word' id='word_1_154' title='bbox 835 1981 888 2000; x_wconf 79' lang='lat' dir='ltr'>sna</span> 
     </span>
    </p>

    <p class='ocr_par' dir='ltr' id='par_1_16' title="bbox 318 2017 576 2047">
     <span class='ocr_line' id='line_1_28' title="bbox 318 2017 576 2047; baseline 0.008 -2"><span class='ocrx_word' id='word_1_155' title='bbox 318 2017 418 2046; x_wconf 71' lang='lat' dir='ltr'>vincla</span> <span class='ocrx_word' id='word_1_156' title='bbox 434 2022 576 2047; x_wconf 78' lang='lat' dir='ltr'>tenacem.</span> 
     </span>
    </p>
   </div>
   <div class='ocr_carea' id='block_1_13' title="bbox 233 2069 892 2597">
    <p class='ocr_par' dir='ltr' id='par_1_17' title="bbox 233 2069 892 2597">
     <span class='ocr_line' id='line_1_29' title="bbox 234 2069 624 2102; baseline 0.003 -1"><span class='ocrx_word' id='word_1_157' title='bbox 234 2071 274 2101; x_wconf 82' lang='lat' dir='ltr'>Et</span> <span class='ocrx_word' id='word_1_158' title='bbox 288 2069 333 2100; x_wconf 88' lang='lat' dir='ltr'>iii.</span> <span class='ocrx_word' id='word_1_159' title='bbox 347 2070 389 2100; x_wconf 85' lang='lat' dir='ltr'>ix.</span> <span class='ocrx_word' id='word_1_160' title='bbox 410 2071 460 2101; x_wconf 89' lang='grc'>13.</span> <span class='ocrx_word' id='word_1_161' title='bbox 477 2082 514 2102; x_wconf 83' lang='lat' dir='ltr'>ex</span> <span class='ocrx_word' id='word_1_162' title='bbox 531 2072 624 2102; x_wconf 83' lang='lat' dir='ltr'><strong>MSS.</strong></span> 
     </span>
     <span class='ocr_line' id='line_1_30' title="bbox 281 2120 890 2161; baseline 0.005 -12"><span class='ocrx_word' id='word_1_163' title='bbox 281 2120 348 2149; x_wconf 70' lang='lat' dir='ltr'>Vidi</span> <span class='ocrx_word' id='word_1_164' title='bbox 363 2130 413 2159; x_wconf 75' lang='lat' dir='ltr'>ego</span> <span class='ocrx_word' id='word_1_165' title='bbox 427 2131 493 2150; x_wconf 79' lang='lat' dir='ltr'>cum</span> <span class='ocrx_word' id='word_1_166' title='bbox 507 2120 630 2161; x_wconf 67' lang='lat' dir='ltr'>foribus</span> <span class='ocrx_word' id='word_1_167' title='bbox 646 2123 737 2152; x_wconf 78' lang='lat' dir='ltr'>lassus</span> <span class='ocrx_word' id='word_1_168' title='bbox 758 2123 890 2161; x_wconf 76' lang='lat' dir='ltr'>prodiret</span> 
     </span>
     <span class='ocr_line' id='line_1_31' title="bbox 317 2174 445 2198; baseline 0.008 -1"><span class='ocrx_word' id='word_1_169' title='bbox 317 2174 445 2198; x_wconf 71' lang='lat' dir='ltr'>amator.</span> 
     </span>
     <span class='ocr_line' id='line_1_32' title="bbox 234 2214 581 2247; baseline 0.003 -1"><span class='ocrx_word' id='word_1_170' title='bbox 234 2217 313 2246; x_wconf 79' lang='lat' dir='ltr'>Stat.</span> <span class='ocrx_word' id='word_1_171' title='bbox 330 2214 364 2246; x_wconf 87' lang='lat' dir='ltr'>ii.</span> <span class='ocrx_word' id='word_1_172' title='bbox 378 2215 455 2246; x_wconf 68' lang='lat' dir='ltr'>Silv.</span> <span class='ocrx_word' id='word_1_173' title='bbox 469 2216 491 2246; x_wconf 89' lang='lat' dir='ltr'>i.</span> <span class='ocrx_word' id='word_1_174' title='bbox 511 2218 581 2247; x_wconf 91' lang='grc'><strong>101.</strong></span> 
     </span>
     <span class='ocr_line' id='line_1_33' title="bbox 280 2265 892 2305; baseline 0.007 -11"><span class='ocrx_word' id='word_1_175' title='bbox 280 2265 347 2295; x_wconf 75' lang='lat' dir='ltr'>Vidi</span> <span class='ocrx_word' id='word_1_176' title='bbox 366 2276 417 2305; x_wconf 76' lang='lat' dir='ltr'>ego</span> <span class='ocrx_word' id='word_1_177' title='bbox 441 2272 599 2297; x_wconf 73' lang='lat' dir='ltr'>transertos</span> <span class='ocrx_word' id='word_1_178' title='bbox 621 2268 716 2298; x_wconf 77' lang='lat' dir='ltr'>alieno</span> <span class='ocrx_word' id='word_1_179' title='bbox 740 2270 772 2298; x_wconf 86' lang='grc' dir='ltr'><strong>ιή</strong></span> <span class='ocrx_word' id='word_1_180' title='bbox 792 2269 892 2298; x_wconf 52' lang='lat' dir='ltr'>*robore</span> 
     </span>
     <span class='ocr_line' id='line_1_34' title="bbox 317 2325 423 2343; baseline 0.009 -1"><span class='ocrx_word' id='word_1_181' title='bbox 317 2325 423 2343; x_wconf 74' lang='lat' dir='ltr'>ramos.</span> 
     </span>
     <span class='ocr_line' id='line_1_35' title="bbox 234 2361 575 2393; baseline 0.003 -1"><span class='ocrx_word' id='word_1_182' title='bbox 234 2362 343 2392; x_wconf 81' lang='lat' dir='ltr'>Horat.</span> <span class='ocrx_word' id='word_1_183' title='bbox 357 2361 401 2391; x_wconf 90' lang='lat' dir='ltr'>iii.</span> <span class='ocrx_word' id='word_1_184' title='bbox 419 2362 457 2392; x_wconf 71' lang='lat' dir='ltr'>ad</span> <span class='ocrx_word' id='word_1_185' title='bbox 475 2374 504 2392; x_wconf 95' lang='lat' dir='ltr'>v.</span> <span class='ocrx_word' id='word_1_186' title='bbox 522 2363 575 2393; x_wconf 81' lang='lat'>22.</span> 
     </span>
     <span class='ocr_line' id='line_1_36' title="bbox 408 2411 664 2452; baseline 0 -12"><span class='ocrx_word' id='word_1_187' title='bbox 408 2411 473 2440; x_wconf 64' lang='lat' dir='ltr'>Vidi</span> <span class='ocrx_word' id='word_1_188' title='bbox 489 2423 539 2452; x_wconf 75' lang='lat' dir='ltr'>ego</span> <span class='ocrx_word' id='word_1_189' title='bbox 554 2412 664 2441; x_wconf 73' lang='lat' dir='ltr'>civium</span> 
     </span>
     <span class='ocr_line' id='line_1_37' title="bbox 320 2458 789 2499; baseline 0.004 -11"><span class='ocrx_word' id='word_1_190' title='bbox 320 2458 441 2488; x_wconf 64' lang='lat' dir='ltr'>Reum-ta</span> <span class='ocrx_word' id='word_1_191' title='bbox 459 2465 538 2499; x_wconf 67' lang='lat' dir='ltr'>tergo</span> <span class='ocrx_word' id='word_1_192' title='bbox 554 2461 672 2489; x_wconf 75' lang='lat' dir='ltr'>brachia</span> <span class='ocrx_word' id='word_1_193' title='bbox 689 2461 789 2491; x_wconf 76' lang='lat' dir='ltr'>libero.</span> 
     </span>
     <span class='ocr_line' id='line_1_38' title="bbox 233 2506 626 2548; baseline 0.005 -12"><span class='ocrx_word' id='word_1_194' title='bbox 233 2506 408 2547; x_wconf 80' lang='lat' dir='ltr'>Propertius</span> <span class='ocrx_word' id='word_1_195' title='bbox 423 2506 456 2537; x_wconf 86' lang='lat' dir='ltr'>ii.</span> <span class='ocrx_word' id='word_1_196' title='bbox 471 2508 559 2548; x_wconf 80' lang='lat' dir='ltr'>Eleg.</span> <span class='ocrx_word' id='word_1_197' title='bbox 573 2508 626 2538; x_wconf 80' lang='lat'>20.</span> 
     </span>
     <span class='ocr_line' id='line_1_39' title="bbox 265 2555 884 2597; baseline 0.005 -13"><span class='ocrx_word' id='word_1_198' title='bbox 265 2555 331 2585; x_wconf 68' lang='lat' dir='ltr'>Vidi</span> <span class='ocrx_word' id='word_1_199' title='bbox 343 2566 393 2596; x_wconf 79' lang='lat' dir='ltr'>ego</span> <span class='ocrx_word' id='word_1_200' title='bbox 409 2562 436 2585; x_wconf 82' lang='lat' dir='ltr'>te</span> <span class='ocrx_word' id='word_1_201' title='bbox 447 2558 479 2586; x_wconf 75' lang='lat' dir='ltr'>vin</span> <span class='ocrx_word' id='word_1_202' title='bbox 493 2556 724 2597; x_wconf 71' lang='lat' dir='ltr'>somnisfractd,</span> <span class='ocrx_word' id='word_1_203' title='bbox 736 2568 797 2587; x_wconf 79' lang='lat' dir='ltr'>mea</span> <span class='ocrx_word' id='word_1_204' title='bbox 814 2558 884 2593; x_wconf 76' lang='lat' dir='ltr'>vita,</span> 
     </span>
    </p>
   </div>
   <div class='ocr_carea' id='block_1_14' title="bbox 317 2428 401 2433">
    <p class='ocr_par' dir='ltr' id='par_1_18' title="bbox 317 2428 401 2433">
     <span class='ocr_line' id='line_1_40' title="bbox 317 2428 401 2433; baseline 0 0"><span class='ocrx_word' id='word_1_205' title='bbox 317 2428 401 2433; x_wconf 95' lang='lat' dir='ltr'> </span> 
     </span>
    </p>
   </div>
   <div class='ocr_carea' id='block_1_15' title="bbox 232 2614 884 2792">
    <p class='ocr_par' dir='ltr' id='par_1_19' title="bbox 232 2614 884 2792">
     <span class='ocr_line' id='line_1_41' title="bbox 318 2614 435 2634; baseline 0.009 -1"><span class='ocrx_word' id='word_1_206' title='bbox 318 2614 435 2634; x_wconf 73' lang='grc' dir='ltr'>ι’(ιΓιΙιιι.</span> 
     </span>
     <span class='ocr_line' id='line_1_42' title="bbox 233 2651 884 2689; baseline 0.003 -7"><span class='ocrx_word' id='word_1_207' title='bbox 233 2651 325 2689; x_wconf 82' lang='lat' dir='ltr'>Quod</span> <span class='ocrx_word' id='word_1_208' title='bbox 349 2652 451 2682; x_wconf 80' lang='lat' dir='ltr'>nescio</span> <span class='ocrx_word' id='word_1_209' title='bbox 467 2663 521 2683; x_wconf 89' lang='lat' dir='ltr'>cur</span> <span class='ocrx_word' id='word_1_210' title='bbox 543 2653 644 2684; x_wconf 84' lang='lat' dir='ltr'>minus</span> <span class='ocrx_word' id='word_1_211' title='bbox 665 2653 757 2684; x_wconf 84' lang='lat' dir='ltr'>molle</span> <span class='ocrx_word' id='word_1_212' title='bbox 781 2659 813 2684; x_wconf 84' lang='lat' dir='ltr'>et</span> <span class='ocrx_word' id='word_1_213' title='bbox 832 2664 884 2684; x_wconf 88' lang='lat' dir='ltr'>ve-</span> 
     </span>
     <span class='ocr_line' id='line_1_43' title="bbox 233 2700 883 2737; baseline 0.003 -7"><span class='ocrx_word' id='word_1_214' title='bbox 233 2706 356 2731; x_wconf 86' lang='lat' dir='ltr'>nustum</span> <span class='ocrx_word' id='word_1_215' title='bbox 395 2700 589 2732; x_wconf 82' lang='lat' dir='ltr'>Broukliusio</span> <span class='ocrx_word' id='word_1_216' title='bbox 628 2701 777 2737; x_wconf 86' lang='lat' dir='ltr'>videatur,</span> <span class='ocrx_word' id='word_1_217' title='bbox 813 2712 883 2732; x_wconf 90' lang='lat' dir='ltr'>cum</span> 
     </span>
     <span class='ocr_line' id='line_1_44' title="bbox 232 2749 882 2792; baseline 0.003 -12"><span class='ocrx_word' id='word_1_218' title='bbox 232 2749 351 2791; x_wconf 83' lang='lat' dir='ltr'>pondus</span> <span class='ocrx_word' id='word_1_219' title='bbox 366 2755 514 2792; x_wconf 84' lang='lat' dir='ltr'>praeterea</span> <span class='ocrx_word' id='word_1_220' title='bbox 527 2750 565 2782; x_wconf 87' lang='lat' dir='ltr'>sit</span> <span class='ocrx_word' id='word_1_221' title='bbox 580 2749 611 2781; x_wconf 90' lang='lat' dir='ltr'>in</span> <span class='ocrx_word' id='word_1_222' title='bbox 627 2750 803 2792; x_wconf 83' lang='lat' dir='ltr'>pronomine</span> <span class='ocrx_word' id='word_1_223' title='bbox 819 2763 882 2792; x_wconf 69' lang='lat' dir='ltr'>ego.</span> 
     </span>
    </p>
   </div>
   <div class='ocr_carea' id='block_1_16' title="bbox 951 1772 1617 2792">
    <p class='ocr_par' dir='ltr' id='par_1_20' title="bbox 956 1772 1617 1960">
     <span class='ocr_line' id='line_1_45' title="bbox 956 1772 1615 1813; baseline -0.005 -8"><span class='ocrx_word' id='word_1_224' title='bbox 956 1779 991 1804; x_wconf 85' lang='lat' dir='ltr'>ut</span> <span class='ocrx_word' id='word_1_225' title='bbox 1016 1773 1105 1804; x_wconf 83' lang='lat' dir='ltr'>toties</span> <span class='ocrx_word' id='word_1_226' title='bbox 1132 1772 1185 1803; x_wconf 84' lang='lat' dir='ltr'>alii</span> <span class='ocrx_word' id='word_1_227' title='bbox 1207 1774 1250 1802; x_wconf 87' lang='lat' dir='ltr'>his</span> <span class='ocrx_word' id='word_1_228' title='bbox 1274 1773 1367 1802; x_wconf 67' lang='lat' dir='ltr'>oculis</span> <span class='ocrx_word' id='word_1_229' title='bbox 1395 1773 1464 1807; x_wconf 71' lang='lat' dir='ltr'>ridi,</span> <span class='ocrx_word' id='word_1_230' title='bbox 1481 1783 1532 1813; x_wconf 68' lang='lat' dir='ltr'>ogo</span> <span class='ocrx_word' id='word_1_231' title='bbox 1558 1773 1615 1811; x_wconf 80' lang='lat' dir='ltr'>ipse</span> 
     </span>
     <span class='ocr_line' id='line_1_46' title="bbox 957 1820 1613 1863; baseline 0.002 -11"><span class='ocrx_word' id='word_1_232' title='bbox 957 1824 1031 1852; x_wconf 66' lang='lat' dir='ltr'>ridi.</span> <span class='ocrx_word' id='word_1_233' title='bbox 1055 1822 1094 1852; x_wconf 84' lang='lat' dir='ltr'>de</span> <span class='ocrx_word' id='word_1_234' title='bbox 1118 1822 1230 1863; x_wconf 85' lang='lat' dir='ltr'>quibus</span> <span class='ocrx_word' id='word_1_235' title='bbox 1253 1820 1462 1857; x_wconf 76' lang='lat' dir='ltr'>Quinct.viii.</span> <span class='ocrx_word' id='word_1_236' title='bbox 1487 1821 1564 1851; x_wconf 86' lang='lat' dir='ltr'>Inst.</span> <span class='ocrx_word' id='word_1_237' title='bbox 1581 1823 1613 1853; x_wconf 82' lang='lat'>3.</span> 
     </span>
     <span class='ocr_line' id='line_1_47' title="bbox 956 1871 1617 1912; baseline -0.002 -11"><span class='ocrx_word' id='word_1_238' title='bbox 956 1871 1000 1901; x_wconf 89' lang='lat' dir='ltr'>sic</span> <span class='ocrx_word' id='word_1_239' title='bbox 1009 1882 1130 1912; x_wconf 85' lang='lat' dir='ltr'>quoque</span> <span class='ocrx_word' id='word_1_240' title='bbox 1142 1877 1210 1912; x_wconf 86' lang='lat' dir='ltr'>post</span> <span class='ocrx_word' id='word_1_241' title='bbox 1222 1882 1290 1911; x_wconf 76' lang='lat' dir='ltr'>ergo</span> <span class='ocrx_word' id='word_1_242' title='bbox 1301 1881 1382 1911; x_wconf 83' lang='lat' dir='ltr'>saepe</span> <span class='ocrx_word' id='word_1_243' title='bbox 1394 1881 1445 1910; x_wconf 79' lang='lat' dir='ltr'>ego</span> <span class='ocrx_word' id='word_1_244' title='bbox 1457 1871 1617 1912; x_wconf 74' lang='lat' dir='ltr'>repetitur,</span> 
     </span>
     <span class='ocr_line' id='line_1_48' title="bbox 957 1918 1455 1960; baseline -0.004 -11"><span class='ocrx_word' id='word_1_245' title='bbox 957 1931 988 1949; x_wconf 87' lang='lat' dir='ltr'>v.</span> <span class='ocrx_word' id='word_1_246' title='bbox 1003 1919 1042 1949; x_wconf 84' lang='lat' dir='ltr'>ad</span> <span class='ocrx_word' id='word_1_247' title='bbox 1058 1931 1089 1949; x_wconf 79' lang='lat' dir='ltr'>x.</span> <span class='ocrx_word' id='word_1_248' title='bbox 1103 1919 1204 1960; x_wconf 84' lang='lat' dir='ltr'>Epist.</span> <span class='ocrx_word' id='word_1_249' title='bbox 1220 1919 1293 1948; x_wconf 84' lang='lat'>119.</span> <span class='ocrx_word' id='word_1_250' title='bbox 1338 1918 1455 1948; x_wconf 65' lang='lat' dir='ltr'>Bcnm.</span> 
     </span>
    </p>

    <p class='ocr_par' dir='ltr' id='par_1_21' title="bbox 956 1965 1615 2243">
     <span class='ocr_line' id='line_1_49' title="bbox 1004 1965 1613 2008; baseline -0.002 -10"><span class='ocrx_word' id='word_1_251' title='bbox 1004 1969 1101 2008; x_wconf 60' lang='lat' dir='ltr'>Vidi]</span> <span class='ocrx_word' id='word_1_252' title='bbox 1130 1967 1214 2005; x_wconf 84' lang='lat' dir='ltr'>Quia</span> <span class='ocrx_word' id='word_1_253' title='bbox 1229 1973 1262 1998; x_wconf 86' lang='lat' dir='ltr'>ut</span> <span class='ocrx_word' id='word_1_254' title='bbox 1285 1973 1371 1997; x_wconf 83' lang='lat' dir='ltr'>erant</span> <span class='ocrx_word' id='word_1_255' title='bbox 1387 1965 1544 2008; x_wconf 76' lang='lat' dir='ltr'>conjuncti</span> <span class='ocrx_word' id='word_1_256' title='bbox 1560 1978 1613 2008; x_wconf 83' lang='lat' dir='ltr'>ge-</span> 
     </span>
     <span class='ocr_line' id='line_1_50' title="bbox 957 2015 1615 2057; baseline 0 -10"><span class='ocrx_word' id='word_1_257' title='bbox 957 2028 1039 2053; x_wconf 85' lang='lat' dir='ltr'>nere,</span> <span class='ocrx_word' id='word_1_258' title='bbox 1053 2017 1096 2047; x_wconf 84' lang='lat' dir='ltr'>ita</span> <span class='ocrx_word' id='word_1_259' title='bbox 1115 2017 1238 2047; x_wconf 83' lang='lat' dir='ltr'>fuerunt</span> <span class='ocrx_word' id='word_1_260' title='bbox 1259 2016 1415 2057; x_wconf 78' lang='lat' dir='ltr'>conjuncti</span> <span class='ocrx_word' id='word_1_261' title='bbox 1437 2027 1523 2051; x_wconf 87' lang='lat' dir='ltr'>nece,</span> <span class='ocrx_word' id='word_1_262' title='bbox 1542 2015 1615 2057; x_wconf 89' lang='lat' dir='ltr'>quia</span> 
     </span>
     <span class='ocr_line' id='line_1_51' title="bbox 956 2065 1613 2097; baseline 0 -1"><span class='ocrx_word' id='word_1_263' title='bbox 956 2065 1047 2097; x_wconf 83' lang='lat' dir='ltr'>simul</span> <span class='ocrx_word' id='word_1_264' title='bbox 1066 2066 1217 2096; x_wconf 80' lang='lat' dir='ltr'>interfecti</span> <span class='ocrx_word' id='word_1_265' title='bbox 1237 2071 1320 2095; x_wconf 84' lang='lat' dir='ltr'>sunt.</span> <span class='ocrx_word' id='word_1_266' title='bbox 1341 2065 1428 2095; x_wconf 75' lang='lat' dir='ltr'><strong>HUB.</strong></span> <span class='ocrx_word' id='word_1_267' title='bbox 1463 2065 1530 2095; x_wconf 77' lang='lat' dir='ltr'>Vidi</span> <span class='ocrx_word' id='word_1_268' title='bbox 1546 2077 1613 2096; x_wconf 79' lang='lat' dir='ltr'>cou-</span> 
     </span>
     <span class='ocr_line' id='line_1_52' title="bbox 957 2113 1614 2155; baseline 0 -10"><span class='ocrx_word' id='word_1_269' title='bbox 957 2115 1075 2155; x_wconf 62' lang='lat' dir='ltr'>sortes]</span> <span class='ocrx_word' id='word_1_270' title='bbox 1099 2115 1174 2145; x_wconf 89' lang='lat' dir='ltr'>Tres</span> <span class='ocrx_word' id='word_1_271' title='bbox 1189 2115 1295 2144; x_wconf 78' lang='lat' dir='ltr'>fratres</span> <span class='ocrx_word' id='word_1_272' title='bbox 1317 2113 1534 2154; x_wconf 60' lang='lat' dir='ltr'>Hippodamiae</span> <span class='ocrx_word' id='word_1_273' title='bbox 1551 2120 1614 2145; x_wconf 81' lang='lat' dir='ltr'>tru-</span> 
     </span>
     <span class='ocr_line' id='line_1_53' title="bbox 958 2161 1614 2205; baseline 0 -12"><span class='ocrx_word' id='word_1_274' title='bbox 958 2163 1073 2194; x_wconf 72' lang='lat' dir='ltr'>cidavit</span> <span class='ocrx_word' id='word_1_275' title='bbox 1088 2162 1240 2194; x_wconf 85' lang='lat' dir='ltr'>Achilles.</span> <span class='ocrx_word' id='word_1_276' title='bbox 1260 2168 1346 2204; x_wconf 85' lang='lat' dir='ltr'>pater</span> <span class='ocrx_word' id='word_1_277' title='bbox 1362 2161 1464 2192; x_wconf 85' lang='lat' dir='ltr'>Brises</span> <span class='ocrx_word' id='word_1_278' title='bbox 1486 2173 1614 2205; x_wconf 86' lang='lat' dir='ltr'>suspen-</span> 
     </span>
     <span class='ocr_line' id='line_1_54' title="bbox 957 2210 1375 2243; baseline -0.005 -1"><span class='ocrx_word' id='word_1_279' title='bbox 957 2212 1008 2243; x_wconf 87' lang='lat' dir='ltr'>dio</span> <span class='ocrx_word' id='word_1_280' title='bbox 1023 2211 1118 2243; x_wconf 87' lang='lat' dir='ltr'>vitam</span> <span class='ocrx_word' id='word_1_281' title='bbox 1133 2211 1242 2242; x_wconf 81' lang='lat' dir='ltr'>finivit.</span> <span class='ocrx_word' id='word_1_282' title='bbox 1289 2210 1375 2241; x_wconf 58' lang='lat' dir='ltr'>Am.</span> 
     </span>
    </p>

    <p class='ocr_par' dir='ltr' id='par_1_22' title="bbox 958 2261 1614 2351">
     <span class='ocr_line' id='line_1_55' title="bbox 1000 2261 1614 2302; baseline -0.002 -10"><span class='ocrx_word' id='word_1_283' title='bbox 1000 2263 1054 2292; x_wconf 87' lang='grc'>50.</span> <span class='ocrx_word' id='word_1_284' title='bbox 1076 2261 1209 2302; x_wconf 60' lang='lat' dir='ltr'>Virmn]</span> <span class='ocrx_word' id='word_1_285' title='bbox 1236 2261 1398 2295; x_wconf 84' lang='lat' dir='ltr'>Minetem‚</span> <span class='ocrx_word' id='word_1_286' title='bbox 1422 2271 1514 2301; x_wconf 84' lang='lat' dir='ltr'>quem</span> <span class='ocrx_word' id='word_1_287' title='bbox 1539 2261 1614 2302; x_wconf 78' lang='lat' dir='ltr'>Lyr—</span> 
     </span>
     <span class='ocr_line' id='line_1_56' title="bbox 958 2309 1599 2351; baseline 0 -10"><span class='ocrx_word' id='word_1_288' title='bbox 958 2311 1050 2341; x_wconf 79' lang='lat' dir='ltr'>nesiae</span> <span class='ocrx_word' id='word_1_289' title='bbox 1067 2310 1186 2341; x_wconf 84' lang='lat' dir='ltr'>Ciliciae</span> <span class='ocrx_word' id='word_1_290' title='bbox 1202 2321 1304 2351; x_wconf 74' lang='lat' dir='ltr'>regen]</span> <span class='ocrx_word' id='word_1_291' title='bbox 1320 2309 1466 2340; x_wconf 75' lang='lat' dir='ltr'>diximus.</span> <span class='ocrx_word' id='word_1_292' title='bbox 1512 2310 1599 2341; x_wconf 63' lang='lat' dir='ltr'>Am.</span> 
     </span>
    </p>

    <p class='ocr_par' dir='ltr' id='par_1_23' title="bbox 952 2360 1613 2440">
     <span class='ocr_line' id='line_1_57' title="bbox 1001 2360 1613 2400; baseline 0 -9"><span class='ocrx_word' id='word_1_293' title='bbox 1001 2362 1041 2391; x_wconf 82' lang='lat'>53</span> <span class='ocrx_word' id='word_1_294' title='bbox 1060 2361 1119 2391; x_wconf 80' lang='lat' dir='ltr'>Per</span> <span class='ocrx_word' id='word_1_295' title='bbox 1134 2362 1257 2390; x_wconf 73' lang='lat' dir='ltr'>numina</span> <span class='ocrx_word' id='word_1_296' title='bbox 1274 2361 1377 2389; x_wconf 72' lang='lat' dir='ltr'>matris</span> <span class='ocrx_word' id='word_1_297' title='bbox 1392 2360 1533 2400; x_wconf 43' lang='lat' dir='ltr'>[niuosa]</span> <span class='ocrx_word' id='word_1_298' title='bbox 1553 2361 1613 2391; x_wconf 82' lang='lat' dir='ltr'>Per</span> 
     </span>
     <span class='ocr_line' id='line_1_58' title="bbox 952 2409 1279 2440; baseline -0.003 -1"><span class='ocrx_word' id='word_1_299' title='bbox 952 2409 1117 2439; x_wconf 77' lang='lat' dir='ltr'>Thetidem</span> <span class='ocrx_word' id='word_1_300' title='bbox 1134 2416 1279 2440; x_wconf 77' lang='lat' dir='ltr'>matrem.</span> 
     </span>
    </p>

    <p class='ocr_par' dir='ltr' id='par_1_24' title="bbox 951 2458 1613 2792">
     <span class='ocr_line' id='line_1_59' title="bbox 994 2458 1610 2500; baseline 0 -11"><span class='ocrx_word' id='word_1_301' title='bbox 994 2460 1047 2489; x_wconf 81' lang='lat'>58.</span> <span class='ocrx_word' id='word_1_302' title='bbox 1060 2459 1166 2489; x_wconf 77' lang='lat' dir='ltr'>Lintea</span> <span class='ocrx_word' id='word_1_303' title='bbox 1180 2458 1296 2499; x_wconf 63' lang='lat' dir='ltr'>plenu]</span> <span class='ocrx_word' id='word_1_304' title='bbox 1312 2458 1538 2500; x_wconf 83' lang='lat' dir='ltr'>Reponendum</span> <span class='ocrx_word' id='word_1_305' title='bbox 1551 2460 1610 2489; x_wconf 83' lang='grc' dir='ltr'><em>Ιῐιι-</em></span> 
     </span>
     <span class='ocr_line' id='line_1_60' title="bbox 953 2506 1613 2544; baseline 0.002 -7"><span class='ocrx_word' id='word_1_306' title='bbox 953 2514 997 2537; x_wconf 69' lang='grc' dir='ltr'>(εὐ</span> <span class='ocrx_word' id='word_1_307' title='bbox 1023 2508 1106 2544; x_wconf 73' lang='lat' dir='ltr'>velle,</span> <span class='ocrx_word' id='word_1_308' title='bbox 1127 2507 1170 2538; x_wconf 90' lang='lat' dir='ltr'>sic</span> <span class='ocrx_word' id='word_1_309' title='bbox 1198 2506 1279 2537; x_wconf 87' lang='lat' dir='ltr'>enim</span> <span class='ocrx_word' id='word_1_310' title='bbox 1304 2513 1334 2537; x_wconf 88' lang='lat' dir='ltr'>et</span> <span class='ocrx_word' id='word_1_311' title='bbox 1358 2517 1464 2537; x_wconf 85' lang='lat' dir='ltr'>sensus</span> <span class='ocrx_word' id='word_1_312' title='bbox 1487 2513 1518 2537; x_wconf 77' lang='lat' dir='ltr'>et</span> <span class='ocrx_word' id='word_1_313' title='bbox 1540 2508 1613 2538; x_wconf 86' lang='lat' dir='ltr'>ordo</span> 
     </span>
     <span class='ocr_line' id='line_1_61' title="bbox 953 2556 1612 2597; baseline 0.003 -12"><span class='ocrx_word' id='word_1_314' title='bbox 953 2557 1187 2587; x_wconf 78' lang='lat' dir='ltr'>constructionis</span> <span class='ocrx_word' id='word_1_315' title='bbox 1220 2556 1365 2597; x_wconf 82' lang='lat' dir='ltr'>postulat.</span> <span class='ocrx_word' id='word_1_316' title='bbox 1424 2556 1612 2587; x_wconf 58' lang='lat' dir='ltr'>chnaxs.</span> 
     </span>
     <span class='ocr_line' id='line_1_62' title="bbox 953 2605 1610 2642; baseline 0 -7"><span class='ocrx_word' id='word_1_317' title='bbox 953 2605 1069 2636; x_wconf 79' lang='lat' dir='ltr'>Notum</span> <span class='ocrx_word' id='word_1_318' title='bbox 1095 2606 1212 2636; x_wconf 80' lang='lat' dir='ltr'>variare</span> <span class='ocrx_word' id='word_1_319' title='bbox 1241 2605 1290 2635; x_wconf 90' lang='lat' dir='ltr'>hic</span> <span class='ocrx_word' id='word_1_320' title='bbox 1321 2605 1423 2639; x_wconf 79' lang='lat' dir='ltr'>libros,</span> <span class='ocrx_word' id='word_1_321' title='bbox 1453 2615 1523 2635; x_wconf 86' lang='lat' dir='ltr'>cum</span> <span class='ocrx_word' id='word_1_322' title='bbox 1547 2605 1610 2642; x_wconf 86' lang='lat' dir='ltr'>alii,</span> 
     </span>
     <span class='ocr_line' id='line_1_63' title="bbox 952 2652 1611 2695; baseline 0.002 -11"><span class='ocrx_word' id='word_1_323' title='bbox 952 2663 988 2684; x_wconf 88' lang='lat' dir='ltr'>eo</span> <span class='ocrx_word' id='word_1_324' title='bbox 1000 2665 1060 2695; x_wconf 89' lang='lat' dir='ltr'>quo</span> <span class='ocrx_word' id='word_1_325' title='bbox 1071 2654 1226 2684; x_wconf 83' lang='lat' dir='ltr'>edidimus</span> <span class='ocrx_word' id='word_1_326' title='bbox 1238 2653 1338 2689; x_wconf 83' lang='lat' dir='ltr'>modo,</span> <span class='ocrx_word' id='word_1_327' title='bbox 1350 2652 1402 2683; x_wconf 83' lang='lat' dir='ltr'>alii</span> <span class='ocrx_word' id='word_1_328' title='bbox 1419 2654 1510 2682; x_wconf 76' lang='lat' dir='ltr'>lintea.</span> <span class='ocrx_word' id='word_1_329' title='bbox 1522 2655 1611 2693; x_wconf 70' lang='lat' dir='ltr'>plena</span> 
     </span>
     <span class='ocr_line' id='line_1_64' title="bbox 951 2701 1609 2743; baseline 0.002 -12"><span class='ocrx_word' id='word_1_330' title='bbox 951 2702 1068 2742; x_wconf 76' lang='lat' dir='ltr'>legant.</span> <span class='ocrx_word' id='word_1_331' title='bbox 1112 2703 1178 2743; x_wconf 78' lang='lat' dir='ltr'>Ego</span> <span class='ocrx_word' id='word_1_332' title='bbox 1194 2701 1329 2732; x_wconf 84' lang='lat' dir='ltr'>nondum</span> <span class='ocrx_word' id='word_1_333' title='bbox 1345 2702 1384 2731; x_wconf 84' lang='lat' dir='ltr'>ab</span> <span class='ocrx_word' id='word_1_334' title='bbox 1400 2701 1436 2731; x_wconf 88' lang='lat' dir='ltr'>iis</span> <span class='ocrx_word' id='word_1_335' title='bbox 1452 2701 1609 2739; x_wconf 67' lang='lat' dir='ltr'>dissentio,</span> 
     </span>
     <span class='ocr_line' id='line_1_65' title="bbox 951 2749 1608 2792; baseline 0.003 -12"><span class='ocrx_word' id='word_1_336' title='bbox 951 2750 1004 2792; x_wconf 84' lang='lat' dir='ltr'>qui</span> <span class='ocrx_word' id='word_1_337' title='bbox 1029 2762 1066 2781; x_wconf 78' lang='lat' dir='ltr'>cx</span> <span class='ocrx_word' id='word_1_338' title='bbox 1099 2757 1227 2792; x_wconf 77' lang='lat' dir='ltr'>utraque</span> <span class='ocrx_word' id='word_1_339' title='bbox 1253 2749 1383 2781; x_wconf 84' lang='lat' dir='ltr'>lectione</span> <span class='ocrx_word' id='word_1_340' title='bbox 1408 2760 1511 2781; x_wconf 79' lang='lat' dir='ltr'>veram</span> <span class='ocrx_word' id='word_1_341' title='bbox 1536 2761 1608 2782; x_wconf 88' lang='lat' dir='ltr'>con-</span> 
     </span>
    </p>
   </div>
  </div>
 </body>
</html>
