1849 3198
629 193 974 237 HEROIDES.
1008 194 1101 237 ΕΡ.
1134 193 1271 238 XVI.

1557 199 1640 240 201

256 310 328 359 Te
352 318 497 375 peto3
538 327 688 375 quam
713 311 842 359 lecto
867 310 1059 375 pepigit
1082 310 1254 358 Venus
1281 327 1430 360 aurea
1453 321 1637 363 nostro.

321 388 394 436 Te
418 389 552 453 prius
577 388 759 452 optavi,
787 403 937 451 quam
962 388 1081 435 mihi
1107 396 1225 436 nota
1247 388 1394 437 fores.

1576 395 1639 440 36

256 465 388 514 Ante
411 473 522 514 tuos
548 466 710 514 animo
735 465 851 521 vidi,
880 482 1031 529 quam
1056 466 1258 523 lumine,
1285 468 1449 515 vultus
1472 486 1483 517 :

322 542 492 590 Prima
513 543 606 590 fuit
628 543 791 590 vultus
817 542 991 591 nuntia
1013 542 1145 590 fama
1167 543 1256 590 tui.

258 619 305 669 N
310 636 366 668 ec
392 627 558 668 tamen
584 627 660 668 est
683 620 878 677 mirum,
906 620 963 677 si,
992 620 1122 668 sicut
1145 627 1388 684 oporteat,
1416 639 1531 671 arcu

323 696 600 745 Missilibus
625 698 737 745 telis
763 698 955 745 eminus
982 698 1127 754 ictuS‚
1155 714 1283 746 amo.

1576 704 1640 749 40

257 773 341 822 Sic
367 775 554 839 placuit
578 775 720 823 fatis:
760 791 872 838 quae
899 791 961 823 ne
986 775 1263 823 convellere
1287 783 1466 833 tentes,

321 851 511 916 Accipe
536 869 650 900 cum
674 852 789 900 vera
813 852 948 900 dicta
971 853 1127 899 relata
1149 852 1264 900 fide.

256 928 433 977 Matris
460 931 621 978 adhuc
646 938 802 987 utero,
829 937 973 995 partu
999 937 1291 986 remorante,
1319 932 1553 980 tenebar:

319 1006 350 1053 J
355 1023 433 1054 am
459 1008 688 1070 gravidus
707 1009 845 1072 justo
871 1008 1091 1072 pondere
1116 1015 1286 1055 venter
1311 1015 1431 1056 erat.

255 1083 349 1131 Illa
372 1085 466 1132 sibi
491 1086 744 1148 ingentem
768 1086 873 1134 visa
898 1093 974 1133 est
998 1087 1089 1133 sub
1116 1086 1331 1148 imagine
1357 1087 1515 1134 somni
1575 1091 1638 1135 45

322 1161 685 1211 Flammiferam
710 1164 857 1227 pleno
883 1164 1090 1211 reddere
1115 1170 1286 1211 ventre
1311 1164 1487 1212 facem.

252 1311 323 1343 vide
351 1312 492 1344 Servium
519 1314 559 1344 ad
588 1313 702 1356 Virgil.
732 1314 754 1344 i.
786 1313 913 1344 AEneid.

254 1363 329 1393 384.
355 1362 432 1393 sorte
448 1363 618 1405 scripserit:

299 1411 362 1442 Nec
372 1413 466 1447 venio,
481 1419 513 1442 ut
530 1413 629 1449 multi,
643 1412 754 1453 Grajas
769 1420 914 1453 spectator

338 1463 378 1492 ad
392 1462 489 1492 nrbes.
752 1462 871 1493 Bmm.

297 1511 352 1541 39.
381 1511 443 1542 Nec
460 1518 556 1541 tamen
578 1518 619 1542 est
641 1514 764 1546 mirum,
782 1513 819 1547 si,
838 1513 915 1542 sicut

252 1566 394 1600 oporteat,
410 1561 488 1600 &c.]
516 1561 632 1591 Locum
656 1561 739 1592 varie
755 1567 915 1592 tentarunt

252 1609 309 1640 viri
331 1609 428 1641 docti.
475 1610 600 1651 Micylli
623 1611 814 1652 conjectura,
838 1613 915 1642 sicut

251 1661 394 1699 oportuit,
412 1660 555 1701 quamvis
571 1658 699 1691 lenitate
712 1671 768 1690 sua
783 1671 815 1691 se
830 1671 913 1690 com-

252 1709 415 1744 mendans,
445 1708 514 1739 ideo
543 1709 665 1750 probari
703 1720 764 1740 non
802 1716 914 1750 potest,

252 1758 327 1799 quia
340 1758 384 1788 sic
401 1758 483 1789 idem
498 1757 546 1789 bis
561 1758 676 1789 dixisse
696 1758 912 1800 deprehenda-

253 1813 301 1838 tur
324 1807 471 1839 Ovidius.
517 1807 663 1849 Sequitur
677 1807 770 1845 enini,
787 1810 828 1839 sic
846 1810 898 1848 pla

251 1859 317 1888 cuit
329 1857 424 1898 fatis.
472 1856 637 1898 Ingeniose
662 1858 772 1888 Douza
800 1868 912 1889 nomen

251 1907 302 1937 hic
324 1907 420 1937 latere
446 1907 576 1948 putabat
599 1908 744 1937 amatoris
768 1907 911 1943 fabulosi,

253 1957 305 1998 qui
321 1956 376 1993 ita,
394 1962 427 1987 ut
444 1957 542 1993 Paris,
562 1967 720 1997 nunquam
736 1957 810 1987 visae
824 1957 913 1999 puel-

253 2006 291 2037 lae
308 2017 410 2037 amore
426 2007 596 2047 flagrasset.
633 2005 782 2037 Heinsius
797 2007 912 2049 triplici

252 2056 370 2087 ratione
393 2055 602 2087 emendabat:
634 2058 657 2086 si
682 2058 759 2086 sicut
782 2059 913 2095 oportuit

251 2112 372 2143 actum5
397 2105 458 2141 vel,
474 2107 550 2136 sicut
569 2107 698 2145 oportuit
714 2107 827 2142 ictum;
852 2106 911 2143 vel,

250 2157 329 2186 sicut
356 2161 467 2195 oportet
503 2156 539 2184 αΙ)
569 2166 657 2185 arcu.
719 2155 912 2186 Postremum

252 2204 386 2236 maxime
415 2203 543 2234 arridet.
590 2204 701 2234 Posses
729 2205 823 2235 etiam
854 2205 912 2235 hoc

253 2254 343 2285 modo
358 2253 463 2294 legere
478 2263 514 2283 ac
530 2252 719 2293 distinguere
733 2265 739 2282 :

468 2303 511 2340 Si,
525 2305 602 2333 sicut
618 2304 734 2333 Amoris
744 2304 779 2332 ab
794 2314 869 2333 arcu.

296 2353 461 2384 sssissilibns
479 2354 544 2383 telis
559 2355 672 2383 eminus
688 2355 774 2388 ictus,
789 2364 865 2382 amo.

253 2402 399 2434 Ceterum
426 2413 506 2433 vers.
537 2403 591 2433 39.
620 2408 651 2432 et
674 2412 742 2443 sqq.
766 2402 806 2432 ad
836 2403 908 2432 143.

252 2458 373 2483 veteres
400 2451 482 2483 Edd.
511 2462 572 2482 non
602 2458 788 2492 agnoscunt.
847 2452 909 2482 Sed

251 2507 363 2544 praeter
385 2511 479 2542 quarn
503 2501 585 2542 quod
615 2501 790 2531 Ovidi-anus
816 2501 846 2530 in
871 2501 907 2531 iis

250 2551 334 2582 color
362 2556 419 2586 est,
447 2561 504 2581 nec
535 2550 599 2581 ullo
628 2550 718 2580 modo
744 2549 907 2580 verisimile

251 2599 383 2636 videtur,
402 2605 506 2630 uttam
522 2599 638 2630 bellam
650 2599 804 2641 judicium
822 2600 907 2629 Pari-

251 2649 299 2680 dis
314 2649 508 2680 describendi
523 2649 717 2680 occasionem
731 2649 815 2678 Naso
831 2660 907 2690 pra:—

252 2698 426 2734 termiserit,
442 2709 514 2729 sane
531 2698 586 2728 illa
600 2698 704 2728 insunt
720 2698 752 2731 in
769 2698 908 2739 Epistola

252 2747 444 2789 insequente,
471 2759 539 2788 quat
578 2747 727 2778 dictorum
766 2758 907 2777 versuum

982 1313 1139 1344 nonnullis
1154 1313 1245 1344 unice
1267 1313 1452 1355 respondere
1468 1313 1642 1346 videantur.

982 1363 1129 1393 LENNEP.

1026 1412 1057 1442 Si
1079 1414 1157 1442 sicut
1179 1413 1342 1453 oporteat]
1380 1413 1411 1444 Si
1437 1413 1577 1455 perinde,
1605 1424 1641 1445 ac

983 1472 1109 1492 necesse
1134 1461 1173 1492 sit
1199 1461 1242 1492 ita
1266 1461 1344 1491 fieri.
1391 1462 1484 1498 Quod
1506 1462 1530 1492 si
1557 1462 1643 1503 legas

985 1511 1135 1550 oportuit,
1149 1522 1257 1541 sensus
1270 1510 1342 1541 erit:
1368 1510 1642 1547 Quemadmodum

983 1571 1108 1591 neccsse
1134 1560 1192 1590 fuit
1215 1560 1300 1598 lieri3
1324 1565 1447 1602 propter
1471 1560 1536 1592 fata
1558 1561 1641 1592 scili-

982 1615 1055 1640 cet:
1080 1610 1119 1641 de
1141 1610 1255 1652 quibus
1276 1609 1418 1651 sequenti
1443 1621 1544 1642 versu.
1574 1612 1641 1642 M1-

981 1670 1118 1690 cx'LLcs.
1164 1659 1242 1689 Haec
1256 1670 1317 1689 non
1332 1665 1403 1689 sunt
1419 1670 1506 1690 sana.
1546 1661 1639 1697 Puto,

982 1709 1067 1739 Sicut
1082 1710 1210 1748 oportuit
1226 1716 1339 1739 actum.
1365 1714 1399 1739 ut
1419 1708 1469 1750 agi
1493 1710 1640 1751 oportuit.

981 1757 1135 1800 Apulejus
1149 1759 1231 1788 Met.
1248 1770 1280 1788 v.
1316 1758 1347 1788 Si
1361 1759 1456 1797 proles
1468 1767 1641 1797 parentum,

981 1814 1016 1837 ut
1035 1814 1158 1846 opturet,
1178 1809 1404 1847 pulchritudini
1425 1811 1641 1847 respumlerz'nl,

983 1856 1097 1896 Cupido
1112 1864 1264 1887 nascetur.
1286 1857 1396 1887 Posses
1411 1863 1452 1893 et,
1466 1860 1543 1889 sicut
1558 1872 1641 1899 opar-

982 1908 1041 1936 tait
1057 1908 1159 1942 ictum,
1176 1906 1236 1942 vel,
1253 1908 1277 1936 si
1290 1908 1366 1936 sicut
1377 1914 1489 1946 oportet
1504 1910 1541 1937 ab
1555 1920 1640 1940 ιινσιι.

981 1954 1153 1985 luamus.
1199 1955 1311 1985 Douza
1333 1955 1511 1997 explicabat
1531 1958 1639 1998 vulga-

981 2009 1056 2040 tam,
1073 2004 1153 2034 sicut
1167 2005 1198 2034 in
1215 2004 1286 2035 fatis
1301 2003 1370 2034 fuit.
1386 2004 1440 2035 sed
1456 2005 1559 2037 locum
1574 2018 1641 2037 cor-

980 2060 1105 2094 ruptum
1125 2054 1268 2095 putabat,
1284 2059 1315 2084 et
1338 2053 1505 2084 desiderari
1528 2066 1640 2087 nomen

981 2102 1125 2133 amatoris
1143 2101 1287 2138 fabulosi,
1310 2102 1363 2143 qui
1387 2113 1423 2133 eo
1446 2103 1511 2144 ipso
1534 2105 1638 2141 modo,

981 2162 1042 2192 quo
1076 2151 1176 2187 Paris,
1209 2162 1367 2193 nunquam
1398 2151 1470 2182 visae
1504 2153 1641 2194 flagrarit

981 2210 1083 2231 amore
1099 2200 1225 2242 puellae.

1023 2252 1075 2282 41.
1100 2251 1148 2281 Sic
1160 2251 1396 2292 placuitfatis]
1423 2251 1540 2293 Rejicit
1556 2263 1639 2283 amo-

980 2311 1044 2331 rem
1067 2311 1157 2331 suum
1182 2299 1214 2330 in
1239 2300 1432 2330 voluntatem
1454 2300 1593 2337 deorum,
1610 2307 1638 2331 et

980 2350 1196 2381 necessitatem
1212 2350 1286 2380 fati:
1304 2360 1365 2391 quo
1381 2350 1528 2381 videlicet
1542 2351 1638 2381 Hele*

978 2410 1049 2430 nam
1061 2400 1160 2441 magis
1174 2400 1326 2441 impellat.
1373 2400 1489 2441 Estque
1507 2401 1638 2431 transla-

978 2449 1032 2485 tio,
1050 2449 1132 2480 color
1152 2449 1333 2479 rhetoricus.
1380 2449 1507 2479 Mic-vn.

1020 2501 1074 2530 45.
1100 2499 1160 2529 Illa
1183 2500 1237 2529 sibi
1261 2500 1407 2539 ingentem
1435 2501 1497 2529 'risa
1522 2506 1562 2529 est
1586 2503 1640 2529 sul>

978 2551 1105 2589 imagine
1145 2550 1248 2585 sumni,
1284 2548 1511 2590 Fluuung'j'eram.
1550 2550 1638 2587 plena

978 2601 1101 2629 reddere
1131 2605 1231 2629 ventre
1249 2598 1383 2639 suanm]
1410 2598 1556 2629 Meminit
1581 2598 1636 2628 hu-›

973 2650 1025 2690 jus
1047 2660 1169 2689 quoquc
1192 2647 1233 2679 rci
1253 2647 1483 2689 Tryphiodorus
1504 2648 1550 2678 liis
1566 2658 1631 2678 ver-

978 2697 1040 2728 bis:
