1849 3198
196 186 281 228 :320

586 183 636 223 P.
673 181 783 222 OVI
793 180 885 221 DII
921 179 1200 221 NASONIS

195 302 327 348 Cum
353 301 481 346 bene
505 297 715 361 deJectis
741 296 982 358 gremium
1008 294 1249 358 spectaris
1274 292 1459 347 ocellis,

261 377 515 431 Quantum
540 374 753 438 quisque
779 372 919 427 ferat,
947 370 1286 435 respiciendus
1311 369 1431 416 erit:

198 453 423 500 Forsitan
449 451 734 505 immundae,
761 448 904 495 Tatio
930 454 1184 510 regnante,
1215 446 1414 493 Sabinae

264 530 527 577 Noluerint
551 528 742 575 habiles
768 526 993 590 pluribus
1020 541 1129 572 esse
1153 524 1286 571 viris.

1521 523 1586 566 40

199 607 347 654 Nunc
376 606 514 652 Mars
540 604 759 652 externis
786 603 976 649 animos
1002 608 1203 648 exercet
1226 601 1275 646 in
1301 599 1477 646 armis:

264 684 331 730 At
354 683 524 730 Venus
551 681 719 728 AEneae
748 686 922 741 regnat
947 678 995 724 in
1015 679 1137 724 urbe
1163 678 1254 724 sui.

199 761 377 807 Ludite
403 760 646 806 formosae.
686 763 824 803 casta
848 761 940 808 est,
969 770 1120 817 quarn
1146 770 1291 800 nemo
1317 750 1533 814 rogavit:

266 836 383 892 Aut,
412 837 451 882 si
477 834 725 882 rusticitas
753 849 849 879 non
874 838 1023 887 vetat,
1052 832 1161 894 ipsa
1186 836 1341 892 rogat.

201 913 306 960 Has
333 928 549 976 quoque,
578 927 703 973 quas
729 909 901 957 frontis
927 924 1074 970 rugas
1101 908 1149 953 in
1173 907 1357 954 vertice
1382 911 1565 968 portas,

269 989 465 1036 Excute
483 987 594 1054 3³‘de
620 987 754 1049 rugis
781 985 986 1033 crimina
1010 985 1167 1031 multa
1190 984 1387 1031 cadent.

1527 982 1590 1027 46

202 1067 455 1129 'Penelope
475 1066 715 1127 juvenum
740 1063 866 1109 vires
891 1062 1117 1109 tentabat
1141 1061 1191 1107 in
1218 1076 1362 1107 arcu:

270 1143 368 1197 Qui
394 1143 522 1189 latus
550 1148 793 1204 argueret,
821 1156 1030 1187 corneus
1057 1154 1200 1185 arcus
1226 1143 1346 1184 erat.

205 1220 409 1266 Labitur
433 1219 643 1273 occulte,
670 1217 895 1279 fallitque
920 1214 1148 1263 volubilis
1175 1221 1323 1261 aetas:

272 1297 343 1342 Ut
367 1297 498 1342 celer
523 1295 752 1341 admissis
779 1294 960 1340 labitur
985 1292 1142 1339 amnis
1169 1290 1329 1353 aquis.
1530 1291 1593 1334 50

206 1373 320 1420 AEra
344 1373 503 1419 nitent
528 1388 620 1418 usu
642 1389 650 1419 :
691 1371 842 1418 vestis
868 1371 999 1417 bona
1023 1369 1201 1432 quaerit
1224 1366 1394 1414 haberi
1414 1382 1423 1413 ε

273 1450 561 1497 Canescunt
586 1448 717 1512 turpi
743 1454 878 1495 tecta
902 1447 1074 1493 relicta
1099 1445 1213 1492 situ,

204 1593 427 1624 hir-ludendum
464 1593 521 1623 hoc
549 1593 749 1624 vocabulum.
796 1603 867 1623 nam

204 1646 285 1673 decet
306 1643 417 1673 iterum
440 1648 486 1673 est
512 1644 590 1673 lena}
616 1653 729 1673 sermo.
755 1647 865 1684 praete-

205 1703 268 1727 rea,
283 1694 365 1722 decet
380 1693 447 1721 alba
462 1693 578 1732 quidem
597 1693 688 1721 rubor
705 1702 754 1721 ora
776 1691 868 1721 Pala-

205 1740 299 1770 tinus.
323 1751 383 1770 non
398 1741 491 1775 male,
514 1746 547 1770 ut
563 1739 712 1781 oppositio
736 1739 774 1769 sit
790 1739 869 1769 inter

206 1790 273 1818 ullm
289 1794 320 1818 et
336 1790 483 1818 ruborem.
530 1789 646 1818 hcm.

250 1838 302 1867 37.
318 1837 496 1877 Spa-tubis]
516 1837 547 1867 Si
560 1838 700 1877 spectaris
714 1847 767 1878 pro
780 1846 868 1877 spec-

208 1887 321 1917 taveris
347 1898 401 1928 per
423 1888 587 1928 Syneopen
611 1885 807 1927 subjunctive
830 1885 873 1916 le-

208 1941 343 1977 geretur,
361 1935 435 1965 inihi
451 1936 550 1976 magis
560 1935 699 1977 placeret
713 1947 718 1964 :
736 1934 789 1965 sed
805 1934 873 1964 nul-

209 1986 263 2016 libi
279 1986 309 2016 id
326 1986 507 2028 reperimus,
553 1985 649 2015 Marii
664 1985 764 2027 prima
779 1995 873 2026 expo-

209 2036 290 2072 sitio,
317 2040 438 2066 tantum
461 2035 674 2077 respiciendus
699 2034 756 2064 erit
777 2045 872 2064 unus—

210 2085 352 2126 quisque,
388 2090 538 2125 quantum
568 2084 657 2119 serat,
695 2083 804 2113 dubito
832 2094 872 2113 an

209 2134 368 2174 procedat.
386 2133 416 2162 in
432 2133 569 2164 Juniano
586 2138 642 2168 est,
658 2134 871 2172 inspiciendus.

212 2182 287 2211 forte
302 2194 307 2211 :

257 2231 331 2260 Cum
360 2232 429 2261 bene
454 2232 575 2270 dejectis
598 2232 712 2271 gremio
733 2230 874 2269 spectaris

340 2282 440 2310 ocellis

300 2330 454 2363 Quantum
480 2331 600 2369 <suisque
613 2329 727 2370 ιῗὶῑιηιΐς
754 2328 873 2367 respici-

340 2380 434 2408 endus
449 2380 518 2407 erit.

213 2428 257 2458 Ut
272 2427 367 2462 dicat,
384 2438 443 2457 non
458 2427 541 2469 prius
555 2426 680 2457 blandis
694 2426 792 2457 oculis
809 2436 875 2456 esse

213 2481 381 2506 amatorem
398 2474 638 2517 respiciendum,
653 2475 711 2506 nisi
732 2475 877 2505 simulato

214 2524 341 2566 pudore,
370 2524 536 2564 oculosque
574 2524 689 2565 gremio
718 2523 877 2564 dejiciens,

214 2574 296 2603 limis
320 2573 519 2615 spectaveris,
545 2579 698 2614 quantum
721 2573 777 2602 tibi
803 2572 878 2602 affe-

217 2628 273 2657 rat,
290 2632 327 2653 ne
343 2622 437 2663 gratis
454 2621 536 2651 ullus
551 2622 662 2652 amoris
677 2621 792 2662 gradus
805 2632 877 2651 corr·

215 2676 287 2701 stet.
309 2670 340 2700 Si
357 2670 515 2711 vulgatam
533 2671 663 2701 retinere
679 2671 793 2711 placet,
808 2680 876 2709 gre-

217 2722 306 2750 mium
323 2730 377 2761 pro
391 2719 472 2755 sinu,
487 2719 518 2750 in
535 2731 596 2760 quo
616 2719 782 2761 pecuniam
799 2719 875 2749 ferc-

934 1592 1021 1627 bant,
1037 1590 1223 1632 capiendum
1240 1594 1298 1620 est.
1345 1589 1463 1618 Bmm.

979 1642 1031 1671 39.
1058 1640 1200 1670 Forsitan
1215 1640 1337 1669 incullcc
1356 1638 1440 1667 Tatio
1456 1644 1599 1679 regnante

936 1689 1082 1728 Sirbitum]
1112 1688 1275 1718 Immundae
1294 1686 1436 1717 meliores
1460 1686 1543 1716 libri.
1568 1692 1599 1716 et

936 1743 1030 1768 recte.
1053 1737 1097 1767 sic
1112 1737 1415 1766 mundusmuliebris.
1439 1735 1599 1777 ἀκόσμους

936 1788 1057 1829 puellas
1067 1787 1143 1817 dicit
1159 1786 1321 1817 Lucretius
1336 1785 1389 1815 lib.
1402 1785 1445 1816 iv.
1465 1786 1557 1816 1155.

984 1838 1038 1867 45.
1063 1837 1129 1866 Has
1143 1846 1254 1876 quoque
1268 1835 1367 1875 qzms.]
1394 1836 1469 1866 Jure
1495 1834 1528 1865 in
1542 1835 1600 1866 hoc

941 1886 1009 1915 loco
1046 1884 1135 1914 haesit
1170 1883 1360 1925 Naugerius.
1399 1884 1487 1914 ulcus
1518 1884 1601 1914 enim

941 1935 1068 1966 subesse
1093 1939 1212 1963 certum
1227 1938 1286 1963 est.
1333 1932 1440 1969 Quid?
1465 1932 1490 1962 si
1513 1932 1599 1973 lega-

942 1995 1029 2021 mus3

988 2033 1051 2062 Has
1076 2042 1197 2071 quoque,
1227 2042 1289 2071 quoe
1307 2030 1427 2072 jinntis
1455 2041 1547 2071 rugas
1571 2031 1603 2059 in

1071 2082 1179 2110 vertice
1193 2086 1325 2120 portant,

1029 2129 1154 2160 Excute.
1188 2131 1224 2159 (le
1245 2130 1331 2170 *rugis
1356 2129 1485 2158 crimina
1507 2128 1603 2157 multa

1067 2179 1188 2208 cudent.

942 2226 1011 2256 Hoc
1027 2237 1130 2257 sensu.
1175 2226 1329 2257 Examina
1353 2236 1457 2267 quaeso
1477 2225 1532 2255 has
1555 2231 1601 2256 te-

941 2275 1035 2305 tricas
1051 2281 1081 2305 et
1096 2286 1208 2317 rugosa
1228 2276 1327 2306 fronte
1350 2280 1517 2310 matronas,
1533 2285 1603 2315 quae

941 2326 1117 2356 castitatem
1132 2326 1206 2356 ficta
1228 2326 1390 2356 severitate
1414 2335 1476 2365 prae
1500 2335 1532 2354 se
1557 2324 1602 2354 fe-

943 2381 1025 2410 runt,
1043 2375 1163 2406 videbis
1186 2386 1223 2405 ex
1251 2374 1313 2404 illis
1338 2374 1412 2416 ipsis
1438 2373 1531 2414 rugis,
1547 2374 1604 2404 sub

943 2424 1056 2465 quibus
1085 2436 1166 2455 nunc
1195 2424 1305 2459 latent,
1331 2423 1452 2465 prodire
1476 2423 1606 2454 crimina

947 2474 1064 2504 multa:
1090 2481 1225 2504 ωσιιίρνε
1248 2474 1330 2503 enim
1355 2479 1400 2503 est
1415 2472 1605 2502 examinare.

946 2528 1030 2553 recte
1043 2523 1135 2553 etiam
1148 2522 1422 2564 Micyllusfronlis
1432 2533 1531 2562 rugus,
1545 2531 1605 2551 non

935 2572 1055 2613 frontis
1070 2574 1188 2605 vertice,
1203 2582 1270 2602 esse
1294 2570 1491 2613 capiendum,
1508 2576 1605 2604 notat,

950 2622 1064 2651 fluum.

988 2671 1042 2700 51.
1084 2669 1175 2699 Vestis
1216 2670 1290 2698 Imm.
1306 2660 1311 2666 ’
1326 2669 1430 2708 qmrrit
1474 2666 1602 2706 haberi]

947 2719 1060 2753 (ἐπαφὴ
1087 2718 1197 2753 haberi,
1214 2728 1273 2748 non
1297 2724 1340 2748 cst
1368 2717 1397 2747 id
1415 2715 1496 2757 quod
1513 2715 1605 2746 Com·
