1849 3198
236 228 318 269 132
619 227 669 268 P.
702 226 913 268 OVIDII
948 226 1225 269 NASONIS

238 342 353 390 Sive
377 342 544 389 colunt
567 342 891 405 habitantque
914 343 1018 399 viri,
1044 342 1308 390 diffidimus
1333 342 1446 389 illis.

304 418 552 467 Externos
576 419 726 466 didici
750 420 869 467 laesa
888 420 1061 467 timere
1084 420 1228 468 viros.

236 495 434 543 Viveret
457 495 748 559 Androgeos
773 497 987 544 utinam:
1033 513 1125 544 nec
1150 497 1280 544 facta
1302 497 1479 543 luisses

302 572 464 637 Impia
486 573 753 629 funeribus,
783 574 995 637 Cecropi
1019 582 1162 631 terra,
1189 575 1314 622 tuis!
1517 577 1613 620 loo

235 649 281 695 N
288 667 343 697 ec
367 657 453 698 tua
476 659 743 699 mactasset
767 652 952 698 nodoso
978 652 1161 715 stipite,
1189 652 1402 707 Theseu,

298 726 467 775 Ardua
491 736 630 792 parte
653 729 809 775 virum
834 728 1054 783 dextera,
1082 736 1220 792 parte
1244 728 1447 776 bovem!

234 803 341 851 Nec
366 804 472 861 tibi,
500 822 610 868 quae
636 805 820 852 reditus
856 813 1200 862 monstrarent,
1227 806 1309 852 fila
1332 803 1608 852 dedissem!

299 881 405 929 Fila
427 899 515 946 per
539 884 779 930 adductas
805 899 938 947 saepe
963 890 1164 946 recepta
1187 883 1387 930 manus!

232 957 348 1004 Non
372 961 604 1022 equidem
630 961 791 1015 miror,
820 960 859 1005 si
886 965 984 1006 stat
1006 960 1209 1007 victoria
1231 967 1413 1014 tecum,
1516 960 1606 1005 105

299 1035 563 1100 Strataque
590 1036 835 1084 Cretaeam
860 1037 1027 1084 bellua
1049 1038 1219 1085 stravit
1242 1039 1461 1091 humum,

227 1247 385 1274 mutuatus
402 1244 535 1276 videtur.
562 1244 618 1276 sed
643 1256 704 1276 non
726 1245 885 1287 cogitabat

226 1290 291 1327 ille,
307 1292 476 1324 Ariadnem
501 1301 662 1337 parantem
677 1296 734 1326 sibi
757 1297 815 1328 iter
829 1308 885 1339 per

226 1341 308 1377 aera,
322 1343 432 1383 pennis
454 1344 614 1381 adsumtis,
631 1356 692 1375 non
715 1351 787 1387 apte
810 1346 884 1378 satis

226 1400 315 1430 posse
340 1392 424 1433 fingi.
461 1404 555 1435 quare
584 1399 659 1436 puto
688 1395 822 1437 ejectum
852 1403 883 1428 et

224 1438 293 1469 loco
321 1447 438 1472 motum
464 1442 634 1483 genuinum
662 1455 797 1481 versum,
829 1446 883 1487 qui

224 1490 366 1529 sequenti
386 1497 579 1532 pentametro
593 1493 693 1535 aptius
716 1494 881 1526 cohaereat.

224 1537 412 1570 continuisse
435 1551 506 1571 vero
531 1541 613 1572 hunc
637 1553 761 1573 sensum
786 1549 861 1586 puto
874 1557 881 1575 :

224 1585 288 1616 sive
305 1587 427 1619 deserta
440 1595 486 1620 est
501 1595 532 1620 et
546 1590 655 1621 incolis
669 1593 882 1629 vacuadestia

223 1639 293 1666 tuor
307 1637 412 1678 praeda
427 1639 510 1675 feris,
522 1640 586 1671 sive
602 1641 708 1671 colunt
718 1641 787 1678 viri,
801 1643 880 1673 diffi-

223 1683 324 1715 dimus
339 1685 410 1717 illis.
434 1688 551 1719 BunM.

266 1734 398 1765 Nullum
414 1736 539 1778 quidem
550 1749 671 1769 versum
685 1739 752 1770 loco
764 1745 880 1771 motum

223 1789 328 1814 censet
352 1786 479 1828 Lennep
496 1798 503 1825 ς
537 1787 591 1818 sed
619 1789 721 1829 potius
746 1788 806 1820 duo
832 1795 878 1820 te-

222 1842 305 1864 mere
329 1834 466 1866 invectos
481 1835 573 1867 fuisse
595 1837 777 1876 arbitratur3
801 1838 878 1869 Ovi-

222 1879 307 1911 dium
323 1889 425 1914 autem
440 1885 483 1915 sic
498 1884 619 1917 dedisse
633 1898 640 1916 ε

265 1931 297 1960 Si
311 1943 402 1969 more,
417 1936 441 1964 si
457 1940 561 1971 terras,
583 1942 776 1976 porrectaque
790 1938 879 1967 litora

349 1983 423 2017 vidi,

264 2030 644 2072 Destituorrapidispraeda
653 2035 882 2076 cibusqueseris:

263 2079 330 2109 Sive
344 2080 455 2116 colunt,
471 2081 663 2122 habitantque
677 2084 748 2119 viri,
766 2083 877 2124 diffidi-

347 2139 411 2159 mus
425 2130 506 2166 illis,-

308 2177 450 2209 Eaternos
464 2180 558 2209 didici
575 2180 640 2210 Iaesct.
656 2182 758 2211 timere
770 2183 858 2212 viros.

220 2225 264 2256 Ut
286 2225 326 2256 sit
347 2238 454 2258 sensus
469 2238 562 2269 quem
576 2229 749 2261 Burmann.
766 2231 875 2262 voluit.

219 2275 336 2305 AMAu.

266 2325 338 2354 104.
364 2324 392 2354 F
393 2326 434 2355 ila
447 2337 499 2365 per
514 2328 660 2358 adductas
674 2339 745 2368 soepe
759 2336 879 2368 recepta

218 2374 353 2414 manum]
380 2375 453 2405 Non
467 2375 580 2406 damno
594 2376 674 2408 hane
696 2377 875 2410 lectionem.

218 2423 300 2453 Vide
316 2429 432 2460 tamen,
448 2435 485 2455 ne
500 2425 655 2467 scripserit
670 2427 802 2457 Ovidius
814 2429 877 2468 fila

216 2474 339 2503 relecta.
364 2479 457 2514 auget
472 2474 676 2516 suspicionem
697 2476 735 2506 de
749 2477 873 2513 mendo,

218 2521 300 2562 quod
323 2522 354 2552 in
368 2523 523 2554 nonnullis
538 2524 764 2565 exemplaribus
780 2536 875 2556 mem-

216 2571 339 2601 braneis
354 2582 407 2612 pro
427 2573 529 2613 glossa
551 2573 739 2616 adscriptum
755 2580 802 2605 est
816 2577 875 2606 col-

217 2620 304 2650 lectu.
320 2620 401 2650 Met.
418 2620 482 2651 viii.
500 2622 572 2652 173.
589 2622 627 2652 de
643 2623 752 2653 eadem
768 2634 816 2654 re:

260 2669 365 2699 ,Ιαιιιιιι
376 2669 568 2711 rlffcilisfilo
577 2678 618 2702 est
627 2674 746 2702 inventa
757 2674 874 2705 relecto.

218 2717 281 2749 Ubi
296 2719 397 2749 relicto
406 2729 565 2763 perperam
575 2720 778 2753 scribebatur.
804 2723 874 2753 Vir-

217 2766 273 2807 gil.
289 2766 345 2799 lib.
361 2779 391 2799 x.
407 2769 481 2799 814.

1136 1247 1333 1287 Eatremaque
1349 1245 1446 1277 Lazzso

995 1298 1165 1338 Parctefila
1178 1298 1296 1337 legunt.

950 1347 1018 1378 Hoc
1042 1352 1099 1383 est,
1122 1346 1285 1386 colligunt,
1307 1349 1342 1375 ut
1366 1343 1489 1374 Servius
1513 1342 1608 1373 inter-

949 1402 1100 1437 pretatur.
1134 1395 1184 1426 Sic
1200 1393 1388 1434 collectrtfila
1399 1393 1517 1424 Seneca
1527 1391 1607 1433 Hip-

949 1446 1067 1488 polyto,
1085 1445 1124 1476 de
1138 1445 1258 1475 Theseo
1272 1455 1278 1472 :

994 1495 1035 1525 Et
1051 1496 1138 1537 longa
1153 1493 1311 1533 curuafila
1325 1492 1444 1533 collegit
1459 1493 1521 1521 via.

1443 1541 1563 1571 HEINS.

994 1595 1066 1625 106.
1084 1594 1197 1624 Stravit
1212 1591 1364 1631 humum]
1383 1591 1432 1621 Sic
1441 1590 1515 1621 boni
1526 1590 1608 1621 libri.

950 1645 1131 1675 CIOFANUS.
1181 1643 1368 1682 Quanquam
1391 1640 1424 1671 in
1438 1641 1531 1671 MSS.
1549 1650 1605 1670 no—

946 1699 992 1724 tet
1014 1694 1165 1724 Gruterus
1188 1691 1261 1732 legi,
1281 1691 1440 1730 Strataque
1465 1690 1607 1720 Cretaeam

947 1744 1045 1773 bellua
1080 1743 1170 1772 tinnit
1206 1742 1346 1777 humum3
1380 1740 1468 1770 nobis
1500 1744 1608 1770 tamen

946 1792 1083 1823 nondum
1107 1789 1251 1832 displicet
1278 1789 1345 1820 haec
1372 1789 1476 1820 lectio.
1521 1789 1606 1827 Quid

945 1842 985 1872 sit
1009 1839 1156 1882 pondere,
1181 1844 1234 1869 aut
1257 1838 1351 1874 mole,
1377 1843 1430 1868 aut
1454 1838 1606 1875 cadendo,

944 1897 1073 1921 sternere
1092 1890 1222 1924 humum,
1238 1893 1349 1918 norunt
1364 1887 1417 1929 qui
1432 1888 1545 1919 Po'e'tas
1560 1888 1606 1919 vi-

945 1939 1069 1970 derunt.
1094 1939 1186 1968 DAN.
1199 1938 1374 1969 Hsmsxus.
1398 1936 1450 1968 An
1465 1937 1523 1968 hoc
1538 1937 1604 1969 dic-

945 1995 1022 2024 tum,
1051 1985 1204 2028 quomodo
1233 1986 1362 2016 Auctori
1391 1986 1544 2017 Carminis
1572 1987 1604 2018 in

945 2038 1065 2069 obitum
1080 2036 1265 2066 Maecenatis
1277 2047 1283 2065 :

992 2086 1137 2116 Victorem
1151 2086 1245 2115 victus
1259 2090 1385 2114 metuat.
1409 2091 1501 2115 metus
1517 2087 1604 2125 impe—

1072 2140 1118 2164 ret
1133 2134 1192 2163 illi.

1032 2183 1166 2212 Membra.
1182 2193 1234 2212 nec
1252 2183 1283 2211 in
1297 2187 1392 2211 strata
1404 2187 1532 2213 sternere
1544 2185 1603 2214 dis-

1070 2237 1119 2261 cut
1135 2231 1242 2260 humo?

943 2280 1004 2310 Sed
1019 2291 1089 2311 curn
1102 2280 1280 2310 Puteaneus
1295 2284 1326 2310 et
1340 2279 1392 2309 alii
1408 2281 1548 2312 nonnulli
1564 2293 1601 2313 ex

944 2329 1120 2360 melioribus
1154 2334 1323 2369 agnoscant
1349 2332 1467 2366 siz-avit,
1496 2331 1603 2372 opinor

944 2378 1159 2419 castigandum
1175 2379 1258 2414 lavit,
1273 2378 1422 2419 sanguine
1444 2380 1601 2413 nimirum.

943 2428 1117 2459 HniNsws.
1162 2428 1228 2458 Nos
1248 2427 1428 2459 retinuimus
1442 2430 1602 2470 vulgatam

942 2480 1058 2514 stravit,
1087 2483 1152 2508 tum
1182 2477 1255 2518 quia
1290 2477 1381 2519 plane
1412 2479 1601 2511 Ovidianum

943 2533 989 2557 est
1002 2533 1096 2557 strata
1109 2529 1214 2557 stravit
1227 2538 1236 2563 ,·
1264 2532 1296 2557 ut
1306 2529 1424 2566 perdita
1435 2540 1470 2558 ne
1478 2532 1599 2568 perdam

943 2577 1028 2606 timeo
1044 2582 1074 2606 et
1089 2575 1210 2611 similia,
1227 2582 1292 2606 tum
1308 2576 1382 2617 quia
1394 2583 1524 2608 sternere
1541 2586 1600 2609 ter-

942 2636 1006 2655 ram
1017 2624 1090 2655 satis
1102 2625 1258 2665 eleganter
1268 2630 1298 2664 et
1308 2625 1425 2666 proprie
1436 2625 1497 2656 dici
1508 2632 1597 2668 puto.

943 2674 1056 2714 virgil.
1073 2673 1138 2704 viii.
1156 2674 1286 2705 AEneid:
1302 2675 1376 2705 719.

985 2724 1063 2753 Ante
1089 2735 1156 2753 (trus
1180 2730 1290 2761 terrim}
1313 2725 1376 2754 vasi
1399 2730 1528 2755 stravere
1540 2727 1598 2764 ju·

1027 2783 1122 2803 rem-i.
