1849 3198
543 198 728 240 ARTIS
760 197 1118 240 AMATORIAE
1150 198 1271 240 LIB,
1305 200 1342 240 Ι.
1561 202 1647 243 473

255 312 469 369 Interea,
496 312 598 362 sive
624 314 708 361 illa
730 321 839 361 toro
863 313 1096 377 resupina
1119 313 1326 371 feretur;

323 388 576 438 Lecticam
602 391 815 438 dominae
841 390 1212 439 dissimulanter
1237 393 1341 440 adi:

254 466 394 514 Neve
419 468 598 531 aliquis
623 468 786 516 verbis
812 469 1010 516 odiosas
1035 469 1226 516 adferat
1250 486 1409 527 aures,

320 543 482 598 Quam
508 553 668 609 potes,
695 546 942 609 ambiguis
968 547 1176 594 callidus
1202 548 1330 595 abde
1355 549 1501 595 notis.
1547 553 1645 597 490

256 621 357 669 Seu
382 623 595 686 pedibus
619 624 788 671 vacuis
814 625 883 671 illi
909 625 1130 688 spatiosa
1154 632 1340 672 teretur

322 698 578 749 Porticus:
618 699 698 748 hic
724 702 885 748 socias
910 709 964 749 tu
991 718 1194 765 quoque
1213 703 1371 766 junge
1396 720 1576 752 moras.

255 774 322 824 Et
345 778 493 824 modo
517 778 772 842 praecedas
798 779 948 827 facito
963 798 973 838 3
1015 781 1163 827 modo
1188 787 1330 842 terga
1354 783 1602 844 sequaris:

321 853 388 901 Et
412 855 560 901 modo
584 855 806 912 festines,
834 863 885 903 et
906 857 1053 903 modo
1079 857 1242 903 lentus
1268 873 1370 904 eas.

255 929 365 979 Nec
390 932 480 979 tibi
505 932 569 979 de
593 934 770 980 mediis
795 934 986 997 aliquot
1009 934 1218 982 transire
1243 935 1499 982 columnas
1548 939 1645 984 495

324 1009 402 1056 Sit
426 1010 602 1072 pudor,
630 1018 716 1058 aut
739 1011 881 1059 lateri
907 1012 1225 1059 continuasse
1249 1013 1396 1060 latus.

255 1084 365 1132 Nec
391 1086 496 1134 sine
520 1093 570 1134 te
595 1104 745 1135 curvo
771 1089 945 1136 sedeat
969 1089 1190 1152 spatiosa
1213 1089 1430 1137 theatro:

321 1162 471 1217 Quod
495 1171 711 1228 specteS,
739 1165 956 1213 humeris
982 1165 1172 1213 adferet
1195 1166 1279 1212 1113
1304 1166 1423 1213 suis.

255 1243 400 1291 Illam
425 1245 679 1309 respicias,
707 1245 842 1292 illam
867 1245 1044 1291 mirere
1069 1244 1267 1301 licebit;

325 1321 492 1370 Multa
517 1322 798 1387 supercilio,
825 1323 982 1369 multa
1005 1322 1210 1385 loquare
1235 1322 1382 1368 notis.
1555 1324 1652 1368 500

256 1398 322 1446 Et
346 1400 572 1463 plaudas,
600 1400 819 1463 aliquam
843 1399 994 1446 mimo
1021 1399 1233 1446 saltante
1258 1398 1504 1462 puellam;

323 1475 390 1523 Et
413 1475 579 1524 faveas
605 1476 690 1532 illi,
719 1476 949 1540 quisquis
976 1482 1151 1538 agatur
1176 1491 1364 1522 amans.

256 1552 388 1600 Cum
413 1559 599 1616 surget,
627 1569 828 1616 surges;
869 1553 1028 1600 donec
1054 1553 1198 1600 sedet
1222 1553 1320 1607 1113,
1348 1552 1565 1599 sedebis.

321 1629 542 1677 Arbitrio
566 1629 782 1677 dominae
807 1636 1035 1693 tempora
1059 1630 1212 1693 perde
1237 1636 1352 1676 tuae.

256 1707 359 1756 Sed
383 1708 473 1755 tibi
495 1723 586 1755 nec
612 1707 739 1756 ferro
764 1707 962 1772 placeat
985 1714 1219 1770 torquere
1243 1705 1474 1769 capillos:
1553 1708 1649 1752 505

322 1784 432 1832 Nec
457 1792 545 1832 tua
568 1784 788 1832 mordaci
814 1783 1013 1848 pumice
1038 1799 1181 1830 crura
1204 1789 1353 1830 teras.

257 1861 364 1909 Ista
384 1862 508 1924 jube
533 1861 732 1917 faciant,
759 1875 972 1924 quorum
999 1860 1429 1924 Cybelei'amater

324 1938 617 1985 Concinitur
641 1926 877 2001 Phrygiis
904 1937 1161 1985 exululata
1186 1937 1363 1983 modis,

261 2014 441 2062 Forma
463 2015 591 2062 viros
617 2015 848 2077 neglecta
871 2015 1034 2061 decet.
1110 2012 1338 2060 Minoida
1362 2012 1586 2059 Theseus

322 2091 561 2148 Abstulit,
587 2108 616 2140 a
640 2093 776 2139 nulla
802 2099 1029 2156 tempora
1053 2097 1248 2138 comtus
1275 2106 1384 2137 acu.
1555 2092 1654 2136 510

258 2167 592 2232 Hippolytum
612 2169 842 2225 Phaedra,
864 2185 957 2216 nec
980 2174 1085 2215 erat
1104 2168 1232 2215 bene
1250 2167 1430 2222 cultus,
1453 2166 1650 2213 amavit.

327 2245 463 2292 Cura
488 2245 628 2301 Deae,
655 2246 789 2292 silvis
815 2253 979 2309 aptus,
1008 2243 1197 2291 Adonis
1223 2250 1344 2291 erat.

301 2369 375 2399 495.
393 2367 456 2398 Nec
473 2369 525 2398 tibi
539 2369 575 2398 de
589 2370 690 2399 mediis
704 2369 820 2408 aliquot
837 2374 923 2398 tran·
991 2372 1181 2409 spectatores
1209 2365 1344 2396 intentos
1379 2364 1493 2396 habere
1530 2364 1630 2395 solent
1645 2376 1653 2401 ;

255 2418 314 2448 sire
334 2417 507 2457 columnia]
544 2416 679 2459 Lapides
702 2416 852 2448 milliares
876 2417 923 2448 in·
991 2415 1046 2446 sed
1075 2415 1196 2446 adferat
1221 2414 1287 2450 illa,
1310 2424 1380 2455 quae
1409 2420 1531 2455 spectes
1558 2414 1659 2444 oculis

258 2465 384 2506 telligit.
430 2465 551 2496 Hmus.
992 2464 1069 2495 tuis:
1095 2474 1163 2495 eam
1180 2463 1278 2494 solam
1293 2467 1411 2504 specta,
1428 2462 1514 2493 illam
1534 2462 1655 2498 mirere,

303 2515 380 2545 498.
395 2514 541 2556 Afferat.]
571 2513 609 2544 In
631 2512 755 2555 Aprosii
776 2518 808 2544 et
831 2513 923 2544 Com·
991 2514 1051 2544 &c.
1083 2513 1201 2543 Bunm.

258 2563 365 2599 melin,
377 2564 512 2605 auferat.
529 2563 561 2593 in
572 2573 634 2604 quo
647 2563 740 2593 etiam
754 2562 872 2604 glossa:
892 2562 923 2593 id
1035 2562 1108 2594 506.
1126 2561 1188 2591 Nec
1205 2568 1257 2591 tua
1273 2561 1416 2595 mordaci,
1428 2559 1504 2600 Sto]
1522 2559 1655 2600 Egregie

258 2618 317 2648 est,
339 2613 469 2643 humeris
491 2613 551 2642 suis
570 2612 706 2652 pulchris
727 2612 849 2653 auferat
872 2613 924 2642 tibi
992 2616 1024 2641 et
1064 2610 1276 2644 vehementer,
1305 2614 1339 2639 ut
1375 2608 1463 2644 solet,
1499 2608 1655 2639 invehitur

258 2663 463 2701 spectaculum
494 2661 627 2692 Theatri.
679 2661 746 2702 Ego
775 2660 924 2701 legerem,
993 2659 1128 2695 Persius,
1152 2659 1217 2689 Sat.
1243 2658 1284 2688 iv.
1306 2658 1361 2687 33.
1386 2657 1416 2687 in
1440 2666 1554 2688 morem
1571 2657 1652 2690 hunc

258 2712 334 2749 quod
346 2717 452 2750 spectes
468 2712 572 2746 oculis,
587 2710 696 2751 afferat
715 2711 781 2745 illa,
798 2711 868 2740 luis.
886 2721 924 2741 nc
994 2708 1066 2739 viris
1082 2707 1258 2749 indiguum.
1302 2705 1420 2736 Animi.

259 2759 330 2790 vide
342 2769 390 2796 ea,
399 2770 468 2800 qua:
482 2759 512 2790 in
522 2760 643 2791 theatro
652 2758 925 2796 exhil›eri‚eta1'10s
