1849 3198
608 242 953 285 HEROIDES.
987 241 1079 283 ΕΡ.
1113 242 1178 284 ΙΙ.
1536 246 1593 288 15

201 358 295 405 Dic
320 358 440 406 mihi
465 358 585 422 quid
610 357 722 413 feci,
749 358 843 405 nisi
867 374 965 405 non
990 357 1239 421 sapienter
1264 359 1457 408 amavi?

268 435 488 484 Crimine
511 444 562 484 te
585 435 724 500 potui
749 435 1054 483 demeruisse
1079 451 1207 483 meo.

202 511 371 560 Unum
390 513 439 560 in
456 530 537 561 me
554 514 716 561 scelus
736 520 828 570 est,
849 513 985 578 quod
1004 521 1069 570 te,
1088 515 1344 570 scelerate,
1365 517 1549 580 recepi.

269 590 370 637 Sed
390 591 552 638 scelus
572 590 664 638 hoc
684 591 845 638 meriti
866 591 1060 655 pondus
1081 598 1131 638 et
1150 591 1303 638 instar
1321 592 1488 639 habet.
1529 596 1593 641 30

198 665 336 723 Jura,
363 667 503 724 fides,
530 668 615 715 ubi
647 685 795 725 nunc,
824 668 1190 731 commissaque
1228 668 1436 716 dextera
1469 670 1592 717 dex-

268 743 467 808 Quique
493 752 597 793 erat
621 743 670 792 in
694 745 817 793 falso
842 745 1082 810 plurimus
1108 761 1192 792 ore
1219 745 1391 792 Deus?
1441 736 1594 808 Ttrae?

202 819 483 869 Promissus
509 823 670 870 socios
695 823 781 870 ubi
806 838 937 869 nunc
963 821 1272 886 Hymenaeus
1298 822 1348 868 in
1374 838 1546 879 annos,

268 898 365 953 Qui
392 901 510 947 mihi
537 901 753 964 conjugii
779 916 988 965 sponsor
1012 907 1062 947 et
1086 900 1232 947 obses
1259 907 1379 947 erat.

200 974 299 1022 Per
322 993 472 1034 mare,
500 979 634 1042 quod
658 985 817 1026 totum
833 977 992 1025 ventis
1018 977 1231 1039 agitatur
1255 984 1306 1024 et
1328 977 1501 1035 undis3
1529 981 1592 1025 35

267 1053 366 1102 Per
390 1056 524 1119 quod
549 1073 682 1121 saepe
707 1057 849 1113 ieras,
875 1071 964 1120 per
989 1055 1124 1118 quod
1149 1055 1305 1102 iturus
1331 1071 1468 1112 eras3

200 1129 400 1195 Perque
425 1140 564 1180 tuum
589 1134 709 1181 mihi
729 1133 924 1197 jurasti,
953 1132 1070 1195 (nisi
1094 1131 1240 1179 fictus
1267 1138 1317 1179 et
1341 1131 1422 1180 ille
1447 1131 1545 1194 est)

269 1208 481 1258 Concita
504 1211 589 1274 qui
612 1211 772 1259 ventis
797 1226 998 1274 aequora
1022 1209 1222 1265 mulcet,
1250 1225 1423 1257 avum:

202 1284 300 1333 Per
324 1286 586 1344 Venerem,
614 1288 922 1351 nimiumque
947 1286 1066 1333 mihi
1092 1286 1327 1334 facientia
1350 1287 1468 1343 tela,

266 1362 439 1411 Altera
461 1365 562 1412 tela
585 1381 744 1421 arcus,
773 1366 927 1412 altera
950 1364 1051 1411 tela
1074 1363 1208 1411 faces
1228 1381 1237 1411 :

243 1536 295 1566 28.
321 1536 481 1577 Crimina]
496 1536 618 1568 Amoris
629 1537 860 1579 simplicitatem

200 1597 254 1628 per
268 1585 402 1616 Ironiam
416 1586 530 1617 crimen
547 1587 693 1629 appellat.
704 1587 836 1618 HUBER.

244 1637 297 1666 31.
330 1636 543 1676 Commissaque
571 1639 688 1667 deifera
718 1637 857 1678 ‹le-mun]

200 1686 300 1716 Scite:
325 1691 372 1716 est
392 1685 474 1716 enim
495 1686 624 1718 dextera
644 1687 716 1718 fidei
737 1688 861 1729 symbo-

200 1737 274 1768 lum.
291 1737 384 1767 Cior.

244 1787 296 1817 37.
320 1787 437 1826 Perque
459 1792 543 1816 tuum
565 1786 773 1826 mihijurasti,
789 1786 858 1827 δῖα]

202 1837 385 1878 Neptunum
401 1834 551 1876 intellige.
567 1835 629 1865 Hic
644 1834 727 1865 enim
747 1834 860 1865 Thesei

200 1891 288 1926 pater
303 1883 437 1915 creditus
453 1884 520 1914 fuit.
532 1883 615 1914 unde
631 1889 662 1914 et
684 1883 811 1914 Isocrat.
827 1882 860 1914 in

202 1933 350 1964 Encomio
379 1932 521 1969 Helenae,
553 1934 605 1963 καὶ
636 1936 770 1974 πρῶτον
799 1933 861 1974 μὲν

203 1984 338 2021 Θησεὺς,
359 1981 470 2023 inquit,
492 1981 508 2012 ὁ
530 1981 707 2023 λεγόμενος
726 1982 787 2023 μὲν
804 1981 859 2012 Αί-

203 2031 294 2073 γὲως,
311 2032 486 2073 γενόμενος
498 2030 528 2061 δὲ
541 2031 572 2061 ἐκ
582 2030 795 2068 Ποσειδῶνος,
803 2031 861 2061 ἃς.

203 2081 243 2110 Et
258 2079 341 2122 apud
352 2080 532 2122 Euripidem
546 2080 578 2111 in
602 2079 783 2122 Hippolyto,
796 2080 861 2121 ipse

201 2131 339 2161 Theseus
361 2130 405 2160 ita
426 2130 591 2166 exclamat,
608 2130 631 2160 ὠ
654 2130 729 2165 Θεοὶ,
747 2130 860 2161 Πόσει-

203 2180 270 2217 δον,
297 2180 340 2218 ὡς
368 2182 409 2222 ἃρ
439 2179 489 2219 ἥθ’
515 2180 590 2221 ἐμὸς
615 2180 728 2220 πατὴρ
758 2180 861 2221 ὀρθῶς

202 2231 346 2267 ἀκοῦσας
366 2233 433 2261 τῶν
453 2229 539 2271 ἐμῶν
560 2228 806 2271 κατευγμάτων.
822 2230 862 2259 Et

201 2291 321 2311 rursum
343 2279 543 2321 Hippolytus,
570 2280 593 2310 ὦ
620 2278 706 2320 δῶρα
733 2279 861 2320 πατρὸς

203 2332 261 2362 σοῦ
279 2328 481 2366 Ποσειδῶνος
495 2327 606 2370 πικρά.
618 2328 767 2358 Mmffl„

246 2380 301 2410 37.
327 2378 395 2409 Nisi
413 2378 511 2418 fictus
534 2384 562 2407 et
590 2378 642 2407 ille
656 2376 727 2416 est.]
756 2376 863 2406 Falsus

202 2428 341 2470 plurimae
357 2427 543 2458 membranae
560 2437 630 2457 cum
651 2425 758 2467 priscis
773 2425 863 2455 editi-

203 2476 325 2507 onibus.
354 2475 435 2506 Falli
455 2481 509 2506 aut
530 2476 595 2505 ludi
616 2473 660 2504 Di
675 2473 859 2504 dicebantur

203 2526 222 2555 52
236 2525 377 2567 perjuris.
391 2525 491 2566 Epist.
509 2535 563 2554 xx.

246 2576 379 2611 durabis,
395 2577 449 2605 scit
464 2574 613 2616 tefallere
626 2584 704 2614 posse
721 2573 807 2603 Deos.

203 2625 322 2657 Fastor-
338 2637 370 2656 v.
384 2626 458 2656 685.

247 2675 313 2705 Sive
330 2675 427 2706 Deum
443 2675 575 2714 prudens
591 2673 686 2703 alium
707 2673 861 2712 divcmzque

203 2723 328 2765 fefellit.

203 2772 249 2804 i1i.
262 2772 370 2803 Amor.
384 2771 426 2802 xi.
441 2772 494 2803 46.

251 2820 588 2864 Qnidentfallendosse
605 2821 657 2851 tibi
673 2830 754 2860 sape,
772 2820 860 2850 Deos.

1527 1367 1592 1411 40

928 1537 978 1569 Sic
984 1537 1101 1579 fallere
1118 1537 1194 1567 Deos
1209 1535 1355 1567 dicuntur
1366 1535 1419 1578 qui
1434 1536 1592 1579 pejerave-

929 1594 1010 1618 runt.
1028 1586 1073 1616 iii.
1087 1586 1195 1616 Amor.
1209 1585 1255 1615 iii.
1273 1586 1324 1616 15.

963 1637 1065 1666 Dicite
1075 1634 1128 1670 Di,
1144 1637 1168 1665 si
1181 1646 1224 1665 vos
1236 1634 1511 1677 impunequellem’t
1523 1636 1591 1665 ista.

929 1685 999 1716 Liv.
1024 1696 1099 1715 xxx.
1124 1685 1178 1714 42.
1208 1684 1272 1715 Per
1299 1696 1368 1724 quos
1395 1685 1471 1714 Deos
1486 1684 1593 1726 serdus

929 1736 1021 1765 icturi
1047 1740 1150 1770 essent,
1166 1745 1257 1774 quum
1280 1745 1334 1769 eos,
1357 1745 1410 1773 per
1431 1745 1500 1774 quos
1523 1741 1594 1765 ante

928 1786 1022 1814 ictum
1049 1790 1130 1820 esset,
1150 1783 1357 1825 fefellissent?
1391 1783 1486 1814 falsus
1520 1794 1593 1825 ergo

930 1834 1097 1876 Neptunus
1117 1840 1192 1869 erat,
1209 1832 1284 1874 quia
1304 1832 1438 1875 perjurio
1459 1843 1530 1863 eum
1547 1833 1591 1864 se-

929 1884 1048 1915 fellerat
1063 1883 1268 1924 Demophoon
1281 1895 1286 1911 :
1312 1882 1467 1924 sicfalsus
1477 1893 1531 1924 pro
1542 1893 1590 1920 eo,

929 1932 982 1975 qui
999 1932 1125 1968 fallitur,
1142 1932 1262 1962 Auson.
1278 1930 1427 1961 Mosella.
1445 1931 1518 1961 184.

1103 1982 1183 2011 Dum
1203 1980 1406 2022 lubrica-sill&

1016 2031 1150 2060 BIeanra
1164 2036 1284 2069 petunt.

929 2080 1099 2112 Diomedes
1122 2080 1199 2110 libro
1224 2079 1322 2122 primo
1348 2078 1453 2110 Instit.
1478 2078 1589 2110 Gram.

930 2128 1383 2172 Fallet·jizlsus‚fulsumfacit,
1400 2134 1433 2158 ut
1454 2128 1564 2169 Virgil.

1014 2179 1129 2222 —fulsi
1145 2180 1276 2219 implerit
1290 2179 1434 2220 genitoris
1445 2189 1571 2208 amorem
1584 2190 1593 2208 .-

930 2228 1087 2270 Significat
1104 2231 1181 2259 enim
1197 2228 1427 2270 quisallebatur
1442 2227 1545 2258 Ham.

970 2279 1024 2308 39.
1043 2278 1236 2317 Nimiumque
1249 2277 1479 2319 mihifizcientia
1496 2276 1587 2316 telin]

929 2326 1038 2356 Otiosa
1063 2327 1145 2356 certe
1172 2332 1203 2356 et
1232 2336 1424 2367 supervacua
1449 2324 1590 2366 repetitio

929 2377 986 2406 τοῦ
1002 2376 1059 2405 tela
1075 2375 1170 2417 possit
1187 2374 1296 2405 videri.
1315 2373 1427 2416 Scripti
1449 2373 1590 2404 nonnulli

930 2425 1014 2454 tella.
1031 2425 1107 2455 bellu
1122 2424 1219 2455 codex
1239 2423 1512 2454 Franciscanorum
1529 2423 1590 2454 Pa-

926 2472 1062 2504 tavinus.
1114 2473 1206 2504 Unde
1235 2474 1379 2514 legebam
1407 2474 1591 2513 nimiumque

926 2523 1152 2565 mihifacientist
1164 2524 1245 2554 belli.
1259 2523 1352 2554 Nunc
1367 2532 1435 2553 vero
1448 2522 1589 2553 recorda-

927 2578 976 2603 tus
990 2573 1150 2615 Toj'acere
1164 2583 1235 2604 cum
1251 2572 1341 2603 tertio
1353 2581 1427 2602 casu
1443 2571 1588 2611 frequen-

927 2627 974 2653 ter
990 2623 1027 2653 ab
1050 2621 1164 2653 Ovidio
1181 2621 1282 2664 jungi,
1298 2621 1341 2652 nil
1363 2626 1460 2651 muto.
1479 2619 1589 2650 Facere

928 2673 1023 2702 alicui
1038 2671 1207 2714 profacere
1222 2672 1260 2701 ad
1282 2671 1423 2711 aliquem.
1442 2669 1526 2699 Fast.
1543 2668 1587 2699 iv.

929 2721 1005 2751 807.

951 2769 1017 2810 Ipse
1033 2771 1113 2801 locus
1127 2781 1211 2801 casus
1223 2767 1388 2809 1‘atifacit.
1407 2767 1495 2797 Urbis
1505 2768 1588 2807 origo

948 2819 1047 2850 Venit.
1059 2821 1127 2850 ades
1135 2820 1238 2856 sacris,
1248 2828 1353 2859 magne
1366 2817 1505 2852 Quirine,
1515 2817 1586 2846 tuis.
