1849 3198
645 189 988 232 HEROIDES.
1023 189 1115 230 ΕΡ.
1150 188 1313 231 XVII.
1589 192 1673 233 225

284 308 439 356 Fama
461 313 629 355 tamen
648 307 782 354 clara
799 313 903 353 est:
933 312 983 352 et
1007 305 1168 352 adhuc
1189 305 1295 352 sine
1320 305 1523 353 crimine
1542 306 1668 354 vixi:

351 385 418 433 Et
443 386 641 432 laudem
665 385 729 431 de
754 400 834 430 me
860 383 1023 429 nullus
1050 382 1242 430 adulter
1265 383 1433 430 habet.

284 463 396 518 Quo
419 464 577 526 magis
604 462 832 517 admiror,
861 477 974 523 quae
1001 460 1065 507 sit
1088 460 1271 507 fiducia
1295 462 1468 524 coepti3

352 541 605 604 Spemque
630 539 722 586 tori
747 539 941 586 dederit
965 554 1076 601 quae
1101 538 1191 585 tibi
1217 554 1395 585 caussa
1420 539 1533 585 mei.
1606 543 1670 585 20

282 618 377 673 An,
405 619 522 681 quia
545 618 642 664 vim
668 617 810 664 nobis
839 616 1124 680 Neptunius
1150 616 1316 662 attulit
1340 616 1512 663 heros:

348 696 517 759 Rapta
540 697 710 751 semel,
737 696 907 742 videor
931 695 1007 741 bis
1034 709 1237 757 quoque
1262 693 1414 756 digna
1438 693 1571 756 rapi?

283 773 485 820 Crimen
510 781 615 820 erat
639 779 877 828 nostrum,
906 771 946 818 si
972 770 1191 818 delenita
1215 770 1436 817 fuissem.

349 850 479 897 Cum
506 851 597 897 sim
624 858 780 914 rapta,
808 865 975 897 meum
1001 849 1137 912 quid,
1166 848 1259 895 nisi
1284 848 1430 904 nolle,
1457 847 1582 894 fuit?

283 926 397 974 Non
421 935 587 976 tamen
613 945 639 975 e
664 927 795 974 facto
820 927 1037 973 fructum
1062 926 1175 972 tulit
1199 925 1281 972 ille
1306 925 1546 988 petitum:
1606 928 1669 972 ‘25

347 1004 592 1069 Excepto,
619 1005 741 1052 redii
766 1020 930 1068 passa,
957 1003 1148 1059 timore,
1175 1002 1313 1049 nihil.

282 1081 470 1129 Oscula
493 1082 700 1130 luctanti
725 1081 1069 1129 tantummodo
1094 1095 1257 1144 pauca
1280 1086 1536 1142 protervus

346 1158 597 1207 Abstulit:
636 1159 842 1207 ulterius
868 1158 935 1204 nil
960 1158 1112 1205 habet
1137 1157 1218 1204 ille
1243 1157 1357 1204 mei.

278 1357 335 1377 nus
351 1347 509 1378 aberrans.
533 1347 606 1378 hinc
621 1350 703 1379 sedeo
717 1349 756 1379 ab
773 1347 842 1378 aliis
856 1348 940 1378 criti-

277 1396 332 1432 cis,
358 1397 396 1428 ab
426 1397 496 1428 aliis
524 1399 625 1428 videor
649 1398 781 1430 factum.
826 1398 938 1429 Senec.

279 1446 373 1477 Herc.
390 1447 453 1477 OEt.
469 1447 542 1478 166.

323 1496 398 1530 Quis
426 1503 523 1527 vastus
541 1496 698 1534 Briareus,
721 1499 786 1538 quis
807 1498 940 1528 tumidus

365 1546 465 1588 Gyges

322 1596 387 1626 Hoc
400 1598 487 1627 vultu
503 1598 625 1639 riguit?

276 1645 314 1675 Id
331 1651 377 1676 est
389 1646 477 1676 vultu
492 1652 555 1676 tam
569 1646 668 1687 rigido
683 1645 754 1677 fuit.
780 1646 863 1676 idem
876 1646 937 1676 Pu-

277 1700 417 1732 teaneus,
443 1697 503 1726 viai
528 1707 583 1738 pro
599 1697 667 1732 lusi,
683 1695 806 1726 diversa
829 1695 938 1726 itidem

276 1744 410 1776 lectione
447 1745 591 1786 sequenti
620 1756 721 1776 versu.
758 1750 793 1775 ut
822 1750 853 1775 et
884 1744 937 1775 alii

276 1794 379 1825 multi.
404 1795 459 1825 sed
475 1796 532 1825 lusi
546 1800 684 1836 praestat.
721 1795 868 1826 Ceterum
884 1805 938 1836 pro

265 1843 358 1885 sama
372 1850 471 1874 tamen
485 1845 571 1874 clara
582 1850 635 1879 est,
649 1843 772 1874 videtur
787 1854 937 1885 reponen-

275 1892 360 1929 dum,
376 1905 448 1924 cara
462 1900 516 1924 est.
540 1904 643 1924 caram
664 1893 758 1923 habui
780 1893 938 1923 existima-

275 1943 391 1973 tionem
414 1953 527 1974 meam.
556 1943 646 1973 famae
679 1942 844 1973 celebritas
878 1942 936 1973 hoc

276 1993 343 2023 loco
358 1993 460 2023 minus
475 1992 637 2023 commode
657 1998 839 2022 ostentatur.
863 2003 936 2023 con-

276 2049 323 2073 tra
338 2042 422 2073 Dido
437 2042 492 2073 illa
513 2042 596 2084 apud
611 2041 725 2082 virgil.
751 2041 792 2072 iv.
809 2041 936 2072 AEneid.

280 2093 351 2123 170.

321 2142 424 2181 Neque
439 2143 515 2172 enim
530 2141 754 2182 speciesumuve
768 2147 914 2171 moretur.

775 2190 894 2221 Hiems.

276 2239 364 2270 Nulli
387 2238 496 2270 harum
512 2238 764 2269 emendationum
779 2240 936 2270 calculum

275 2288 410 2330 adjicere
435 2299 572 2330 possum.
619 2289 703 2318 Nam
728 2295 872 2319 constans
898 2289 935 2318 li-

275 2338 398 2368 brorum
413 2338 614 2379 plurimorum
629 2343 661 2368 et
672 2337 856 2379 optimorum
873 2338 935 2369 lec-

275 2387 328 2423 tio,
343 2393 374 2417 et
390 2387 481 2417 simul
498 2387 575 2418 ratio
592 2388 628 2418 τὸ
643 2390 724 2418 sedeo
740 2394 862 2418 tuetur:
880 2398 934 2430 ap-

274 2436 426 2467 tissimum
441 2436 524 2466 enim
547 2436 721 2467 castitatem
743 2437 887 2478 jactanti,
904 2442 934 2467 ct

275 2485 420 2516 matronis
436 2486 557 2527 pudicis
579 2497 611 2516 se
635 2485 822 2522 accensenti,
841 2486 934 2517 Hele-

276 2546 323 2565 nae
339 2541 386 2565 est
401 2536 542 2566 verbum.
559 2536 701 2576 l'ropert.
749 2536 864 2566 Burin.

320 2585 370 2614 19.
397 2583 524 2613 Fiducia
538 2584 655 2624 capta]
684 2584 777 2623 Capti
800 2585 935 2615 maxima

274 2644 343 2674 pars
366 2633 523 2664 codicum.
547 2634 601 2664 sed
622 2640 710 2673 capto
725 2635 845 2664 firmare
866 2645 933 2675 pos-

274 2689 331 2719 set,
347 2683 429 2724 quod
444 2683 585 2714 videatur
599 2683 649 2715 hic
665 2689 773 2715 auctor
788 2683 933 2724 'Epistulae

362 2737 459 2767 VOL.
484 2737 511 2767 I.

1007 1346 1147 1377 imitatus
1162 1345 1339 1381 Maronem,
1351 1345 1404 1387 qui
1420 1345 1475 1376 lib.
1491 1345 1525 1375 ii.
1542 1344 1671 1375 [Eneid.

1008 1397 1062 1426 75.
1111 1396 1183 1430 Quoe
1198 1396 1362 1436 sitfiducia
1379 1401 1479 1434 (πρίω,
1490 1400 1524 1425 ut
1541 1393 1669 1435 quidam

1007 1444 1060 1475 illo
1076 1444 1142 1475 loco
1158 1445 1279 1485 legunt.
1305 1444 1359 1475 sed
1375 1443 1486 1474 melius
1501 1449 1547 1474 est
1569 1445 1669 1483 coepti.

1008 1499 1038 1524 et
1058 1495 1212 1535 fiduciam
1249 1504 1319 1524 cum
1355 1493 1492 1534 genitivo
1521 1493 1672 1524 construit

1007 1550 1122 1581 Noster
1137 1549 1263 1592 passim,
1280 1555 1311 1580 et
1333 1550 1417 1580 idem
1434 1549 1550 1591 Virgil.
1574 1548 1630 1579 lib.
1648 1548 1670 1580 i.

1011 1600 1083 1630 132.

1053 1649 1190 1679 Tantane
1220 1659 1265 1679 *ros
1289 1650 1408 1690 generis
1433 1649 1530 1678 tenuit
1546 1648 1670 1688 fiducia

1094 1699 1196 1728 vestri.
1510 1697 1626 1727 BURM.

1049 1749 1103 1778 21.
1129 1746 1273 1787 Intulit]
1308 1746 1346 1776 In
1371 1745 1538 1782 nonnulliS,
1563 1747 1671 1776 attulit

1008 1798 1114 1829 Heros.
1145 1797 1361 1827 NAUGERIUS.
1408 1796 1523 1825 Attulit
1553 1795 1669 1826 Putea-

1006 1858 1083 1878 neus
1106 1857 1177 1878 cum
1202 1846 1303 1888 prima
1328 1845 1466 1876 editione
1489 1851 1521 1875 et
1541 1844 1670 1887 Scriptis

1004 1896 1157 1938 plurimis.
1174 1895 1245 1925 Art.
1262 1895 1338 1926 Am.
1355 1895 1410 1926 lib.
1426 1894 1448 1925 i.
1474 1895 1547 1925 679.
1563 1905 1600 1925 ex
1617 1905 1668 1925 co-

1005 1945 1127 1976 dicibus
1141 1945 1263 1986 scriptis
1277 1957 1283 1974 :

1054 1997 1116 2026 I'im
1137 2006 1223 2034 passa
1245 2001 1285 2025 est
1302 1994 1417 2030 thbe,
1436 1995 1476 2023 ris
1499 2000 1539 2023 est
1564 1994 1668 2023 adlata

1090 2047 1194 2075 sorori·

1005 2094 1107 2125 Cicer.
1134 2092 1275 2134 Philipp.
1305 2092 1339 2122 ii.
1391 2092 1430 2122 Ut
1458 2093 1515 2122 illa
1544 2091 1667 2132 (credo)

1004 2144 1123 2185 mgjitrz'a
1150 2149 1270 2173 senatus
1297 2143 1433 2172 consulta
1450 2142 1577 2181 fierent,
1612 2143 1667 2171 rim

1004 2193 1175 2234 adferebam
1200 2192 1336 2222 Senatui.
1361 2191 1436 2222 Act.
1458 2190 1492 2221 ii.
1515 2190 1546 2220 in
1573 2191 1666 2222 Verr.

1008 2241 1105 2275 Quam
1125 2242 1230 2270 multis
1251 2242 1341 2270 istum
1358 2240 1510 2269 BIutribus
1524 2239 1667 2281 familias

1004 2293 1116 2332 rimant!
1124 2292 1210 2320 ulisse
1219 2291 1413 2320 eiistimatis?
1436 2290 1542 2326 Quare
1556 2290 1668 2320 frustra

1003 2347 1049 2372 est
1064 2351 1195 2381 magnus
1211 2340 1417 2371 Casaubonus
1430 2350 1503 2381 pag.
1523 2340 1594 2369 172.
1610 2350 1665 2370 no-

1003 2396 1103 2421 tarum
1119 2390 1159 2420 ad
1174 2389 1302 2431 Apulej.
1320 2389 1519 2431 Apologiam,
1535 2389 1589 2430 qui
1612 2388 1665 2419 illo

1002 2439 1070 2469 loco
1085 2450 1149 2481 pro,
1167 2439 1201 2469 Se
1218 2440 1287 2468 mihi
1308 2451 1399 2469 ¹mann
1412 2450 1465 2468 sua
1482 2445 1601 2469 mortem
1617 2439 1664 2467 al-

1003 2489 1148 2523 laturum,
1165 2488 1283 2530 reponit
1300 2490 1471 2519 illaturum.
1495 2499 1566 2518 cum
1587 2488 1663 2518 alte-

1003 2548 1069 2568 rum
1094 2548 1202 2578 parum
1229 2537 1338 2568 Latine
1366 2538 1485 2568 dictum
1509 2538 1663 2579 opinetur,

1003 2586 1084 2628 quod
1101 2587 1218 2617 dictum
1236 2593 1283 2617 est
1299 2587 1507 2618 Latinissime.
1534 2588 1650 2617 mes.

1045 2636 1292 2676 23.1)elinica.]
1321 2636 1427 2667 Scribe
1453 2638 1607 2673 ‹lelenim;
1632 2641 1663 2667 et

1004 2684 1073 2715 vide
1090 2684 1129 2715 ad
1145 2684 1276 2721 Quinct.
1293 2685 1347 2716 lib.
1360 2696 1390 2715 v.
1408 2685 1512 2716 instit.
1528 2687 1559 2715 8.

1122 2740 1150 2775 Q
