1849 3198
832 218 985 258 VITA.
1564 224 1602 259 ix

309 330 401 369 Non
419 343 509 381 ager
527 330 590 368 hic
607 342 778 381 pomum,
798 341 874 367 non
893 328 1024 367 dulces
1043 328 1180 369 educat
1199 343 1312 369 uvas:

360 393 403 430 N
403 407 451 431 on
470 393 603 432 salices
620 393 717 444 ripz'i,
736 392 867 431 robora
884 399 1014 431 monte
1032 392 1170 431 virent.

308 456 420 494 Neve
439 457 582 494 fretum
601 455 734 493 laudes
752 462 854 493 terra
871 455 1005 506 magis,
1025 469 1173 505 aequora
1191 468 1341 506 semper

361 518 578 556 Ventorum
596 518 701 556 rabie
719 516 859 556 solibus
877 518 966 555 orba
984 524 1150 555 tument.

309 581 549 632 Quocunque
564 581 762 632 adspicias,
782 581 906 632 campi
925 580 1070 618 cultore
1089 587 1264 618 carentes

362 644 572 696 Vastaque,
592 657 675 694 quae
694 656 805 681 nemo
824 642 1004 687 vindicet,
1025 656 1114 680 arva
1126 642 1269 692 jacent.

310 706 445 744 Hostis
464 706 572 745 adest
591 706 726 744 dextra
745 705 915 756 laevaque
934 719 955 742 a
974 711 1083 755 parte
1102 704 1310 749 timendus,

360 768 576 820 Vicinoque
595 775 704 807 metu
721 775 841 806 terret
859 774 1069 818 utrumque
1088 766 1203 805 latus.

309 831 447 870 Altera
467 831 657 869 Bistonias
675 843 762 882 pars
781 836 839 868 est
859 842 1014 868 sensura
1032 829 1217 879 sagittas;

361 893 499 932 Altera
520 893 732 932 Sarmatica
750 892 897 944 spicula
914 892 1030 931 missa
1049 905 1178 930 manu.

207 1005 284 1047 Sui
305 1013 447 1047 autem
468 1004 604 1047 exsilii
625 1006 732 1046 duas
760 1004 891 1045 fuisse
921 1004 980 1045 ait
1010 1018 1186 1045 causas:
1220 1018 1400 1057 quarum
1430 1003 1606 1046 alteram

204 1073 365 1128 ubique
394 1072 567 1123 fatetur,
598 1072 774 1115 alteram
813 1086 982 1127 semper
1018 1072 1258 1127 supprimit.
1321 1071 1398 1113 Ait
1427 1073 1539 1114 enim
1563 1074 1604 1115 ii.

209 1141 342 1183 Trist-

311 1275 556 1314 Perdiderint
576 1289 663 1314 cum
682 1288 743 1313 me
763 1274 839 1313 duo
857 1274 1030 1319 crimina,
1051 1287 1217 1319 carmen,
1238 1282 1277 1313 et
1297 1288 1400 1313 error
1413 1290 1424 1320 ;

365 1338 541 1377 Alterius
561 1338 654 1377 facti
673 1337 785 1388 culpa
803 1336 950 1375 silenda
968 1336 1063 1374 mihi
1083 1343 1155 1375 est.

266 1478 470 1534 Persaepe
501 1480 631 1534 igitur
657 1486 700 1520 et
726 1477 857 1520 libros
886 1478 940 1519 de
962 1477 1072 1519 Arte
1100 1477 1290 1519 Amandi
1320 1480 1610 1534 composuisse

209 1546 341 1597 dolet,
363 1547 480 1602 quod
506 1554 739 1602 propterea
766 1546 969 1601 Augusto
994 1547 1094 1588 odio
1123 1562 1217 1588 esse
1246 1548 1441 1602 coeperit,
1468 1556 1511 1589 et
1539 1548 1611 1591 ali-

208 1616 313 1670 quid
333 1616 488 1657 vidisse
513 1631 592 1671 per
619 1630 821 1665 errorem,
845 1622 892 1656 ut
919 1616 976 1656 ob
1002 1615 1047 1656 id
1075 1615 1118 1655 in
1147 1615 1367 1669 Scythiam
1394 1616 1612 1672 relegatus

210 1683 352 1734 fuerit,
374 1684 539 1726 offenso
561 1684 732 1725 Caesare
751 1700 758 1724 :
792 1684 850 1725 ait
872 1683 983 1724 enim
1003 1683 1046 1724 in
1067 1683 1108 1724 ii.
1133 1683 1187 1725 de
1210 1683 1367 1734 Ponto,
1391 1683 1517 1739 Eleg.
1542 1686 1608 1726 ix:

312 1829 424 1868 Neve
443 1843 550 1879 roges
568 1843 652 1880 quae
671 1830 720 1867 sit
736 1844 744 1866 ε
775 1829 934 1867 stultam
954 1843 1069 1880 quam
1089 1831 1310 1881 scripsimus
1329 1838 1465 1876 artem,

368 1892 555 1929 Innocuas
574 1892 681 1930 nobis
700 1892 781 1929 haec
800 1899 905 1929 vetat
925 1905 1006 1930 esse
1026 1906 1173 1930 manus.

317 1955 470 2005 Ecquid
488 1962 674 2006 praeterea
692 1955 893 2005 peccarim,
913 1968 1083 2005 quaerere
1101 1955 1178 1993 noli
1193 1971 1202 1993 :

370 2018 426 2055 Ut
446 2024 576 2068 pateat
595 2017 673 2056 sola
692 2017 804 2068 culpa
823 2019 894 2056 sub
914 2025 995 2056 arte
1015 2032 1111 2056 mea.

214 2158 274 2199 Et
294 2160 337 2200 in
358 2160 483 2200 tertio
505 2160 558 2200 ad
581 2158 801 2209 Amorem,
826 2160 951 2214 Eleg.
976 2161 1041 2201 iii:

316 2306 402 2344 Nec
420 2306 511 2344 satis
529 2307 599 2344 hoc
618 2307 758 2351 fuerat,
779 2306 923 2344 stultus
943 2318 1092 2356 quoque
1114 2306 1280 2344 carmina
1299 2306 1384 2344 feci.

369 2368 532 2407 Artibus
550 2377 594 2407 ut
614 2383 741 2419 posses
760 2382 835 2406 non
855 2368 960 2406 rudis
980 2381 1061 2405 esse
1079 2368 1185 2406 meis.

319 2430 392 2469 Pro
410 2432 548 2481 quibus
568 2431 743 2470 exsilium
764 2432 900 2469 misero
920 2431 1013 2468 mihi
1033 2431 1184 2469 reddita
1203 2445 1360 2476 merceS,

370 2493 417 2531 Id
436 2508 585 2546 quoque
604 2495 644 2532 in
664 2494 846 2532 extremis
866 2500 905 2531 et
925 2494 1006 2532 sine
1025 2507 1118 2544 pace
1139 2494 1240 2531 locis.

215 2632 263 2673 In
293 2633 444 2675 eodem
469 2634 527 2676 sic
559 2633 764 2677 Amorem
787 2635 866 2677 sibi
889 2636 1221 2690 respondentem
1243 2635 1406 2677 inducit
1435 2635 1477 2676 in
1507 2649 1614 2677 som-

215 2716 299 2741 ms:
