1849 3198
600 195 944 240 HEROIDES.
990 197 1083 239 ΕΡ.
1117 197 1254 240 XVI.
1542 198 1625 239 211

240 315 396 379 Spem
421 314 568 363 modo
595 330 658 362 ne
682 320 900 362 nostram
926 313 1030 360 fieri
1055 313 1245 377 patiare
1269 313 1539 371 caducam3

304 392 375 440 Te
400 409 590 456 precor,
617 393 646 438 ὃ
670 399 808 439 tanto
833 392 984 453 digna
1007 392 1176 438 labore
1202 392 1321 455 peti.
1534 395 1625 438 170

239 469 354 516 Non
380 485 473 533 ego
497 469 782 532 conjugium
809 484 1061 531 generosae
1088 468 1305 530 degener
1330 476 1475 532 opto:

307 547 415 594 Nec
441 562 553 594 mea
577 547 747 609 (crede
773 546 915 607 mihi)
941 547 1150 610 turpiter
1175 563 1301 593 uxor
1326 547 1437 593 eris.

239 624 430 680 Pliada,
459 625 499 670 si
525 640 735 687 quaeres,
764 624 812 670 in
838 631 1006 670 nostra
1031 631 1196 686 gente,
1217 623 1246 669 J
1252 640 1493 686 ovemque

308 702 564 750 Invenies:
606 702 796 749 medios
823 709 878 748 ut
901 709 1155 749 taceamus
1181 717 1314 748 avos.

241 779 452 843 Sceptra
475 795 654 844 parens
681 779 831 835 Asiae,
860 795 960 843 qua
984 779 1120 825 nulla
1143 779 1333 826 beatior
1358 793 1457 834 ora,
1536 781 1625 825 175

307 856 512 904 Finibus
538 857 791 905 immensis
817 856 900 903 vix
929 856 1177 911 obeunda,
1206 862 1359 903 tenet.

240 933 533 983 Innumeras
559 936 723 991 urbes,
751 942 903 997 atque
929 950 1078 981 aurea
1101 940 1235 981 tecta
1257 932 1478 980 videbis:

308 1011 536 1076 Quaeque
561 1029 676 1060 suos
702 1012 841 1059 dicas
866 1011 1054 1075 templa
1078 1011 1257 1058 decere
1284 1011 1437 1058 Deos.

241 1087 369 1137 Ilion
394 1091 658 1155 adspicies,
688 1091 984 1154 firmataque
1007 1089 1224 1137 turribus
1250 1088 1361 1136 altis

308 1166 512 1224 Moenia,
534 1167 768 1215 Phoebeae
795 1173 984 1214 structa
1008 1182 1187 1214 canore
1211 1167 1348 1230 lyrae.
1538 1167 1629 1212 180

243 1243 376 1299 Quid
401 1245 491 1292 tibi
515 1245 578 1292 de
603 1245 749 1292 turba
773 1260 967 1291 narrem
993 1260 1298 1307 numeroque
1323 1242 1572 1289 virorum?

307 1322 407 1369 Vix
433 1324 671 1387 populum
696 1323 844 1371 tellus
870 1321 1082 1369 sustinet
1102 1322 1186 1369 illa
1211 1337 1371 1368 suum.

243 1399 522 1448 Occurrent
546 1401 702 1448 denso
726 1401 817 1447 tibi
843 1399 1062 1446 Troades
1089 1400 1285 1462 agmine
1310 1405 1520 1445 matres:

311 1476 357 1523 N
364 1494 420 1524 ec
446 1478 646 1542 capient
670 1477 917 1540 Phrygias
944 1476 1068 1523 atria
1091 1485 1258 1524 nostra
1281 1491 1450 1522 nurus,

241 1668 288 1698 Ex
304 1668 420 1699 Moreti
437 1675 468 1699 et
483 1667 603 1698 duobus
618 1668 688 1699 aliis
702 1668 903 1710 mallem,fi1-

243 1719 334 1748 tebor.
365 1718 449 1760 quod
478 1728 550 1749 cum
568 1718 771 1759 sequentibus
792 1717 905 1749 melius

242 1767 388 1798 cohaeret.
421 1767 532 1799 eadem
561 1768 696 1798 varietas
723 1768 905 1798 observatur

246 1816 278 1846 in
292 1816 452 1848 codicibus
467 1817 524 1847 lib.
541 1816 595 1847 vii.
612 1817 695 1848 Met.
713 1818 766 1848 33.

288 1866 363 1896 Tum
383 1866 510 1908 ferrum
533 1873 562 1896 et
587 1868 717 1906 scopulos
734 1873 850 1909 gestare
872 1869 904 1897 in

329 1918 417 1947 corde
421 1917 556 1958 fatebor.

244 1965 285 1995 Et
300 1964 334 1995 ii.
351 1965 444 1996 Pont.
462 1965 506 1995 iii.
521 1966 576 1996 29.

289 2015 422 2055 Cumque
442 2017 497 2046 alii
522 2017 619 2046 nolint
648 2017 736 2046 etiam.
759 2026 804 2046 me
827 2027 906 2046 nosse

330 2066 439 2095 videri.

247 2114 311 2145 Ubi
339 2114 463 2145 codices
488 2114 640 2149 nonnulli,
660 2114 774 2156 fateri.
810 2115 905 2146 Haud

243 2174 374 2203 unquam
391 2162 542 2194 editiones
553 2162 661 2205 priscae
675 2169 706 2194 et
722 2164 905 2195 Bersmanni

245 2223 315 2243 cum
333 2213 493 2243 Puteaneo
509 2211 628 2243 codice.
675 2213 791 2244 Burni.

292 2262 365 2292 168.
392 2262 477 2292 Mens
497 2273 560 2291 ‘mea
576 2262 704 2303 fimum]
743 2263 783 2292 Et
806 2270 906 2293 manet

245 2312 279 2341 in
292 2317 355 2341 voto
370 2322 449 2341 mens
464 2323 528 2341 mea
544 2317 625 2341 certa
643 2311 857 2343 LovaniensiS.
872 2317 907 2342 ut

245 2359 348 2402 Epist.
365 2359 452 2391 xviii.
470 2361 524 2391 38.

291 2410 374 2444 Quid
395 2421 506 2440 mecum
529 2415 609 2439 certa
623 2411 728 2449 proelz'a
744 2416 839 2440 mente
852 2421 904 2451 ge-

332 2459 397 2488 ris?

248 2507 356 2537 Posset
370 2512 411 2542 et,
428 2518 506 2537 mens
521 2508 605 2537 mihi.
631 2505 703 2537 vide
720 2506 821 2549 Epist.
838 2507 905 2538 xiii.

249 2557 324 2587 148.
370 2556 487 2586 Eoum.

295 2606 365 2636 173.
389 2606 421 2635 Si
442 2606 585 2645 quaeras.]
615 2605 725 2635 Pliada
744 2607 769 2635 si
787 2615 907 2646 quaeres,

249 2655 440 2685 Puteaneus.
476 2655 650 2685 Ilizmsws.
699 2654 780 2685 Vide
809 2655 908 2696 Epist.

250 2703 295 2734 iii.
316 2705 386 2734 115.
402 2709 433 2734 et
444 2703 487 2734 vi.
507 2704 580 2734 123.
598 2702 641 2734 iii.
657 2704 791 2734 Metam.
812 2705 884 2734 141.

298 2752 426 2784 Ple'iada
445 2755 468 2784 si
491 2753 635 2793 qucrrasfl
666 2753 775 2784 Pliada
791 2755 814 2783 si
830 2765 907 2793 111111-

972 1680 1017 1699 res
1032 1668 1222 1698 Puteaneus.
1254 1666 1351 1697 Idem.
1388 1664 1529 1705 Pliada]
1562 1664 1631 1694 Suae

972 1718 1162 1759 genealogiae
1187 1721 1376 1747 vetustatem
1394 1714 1506 1757 repetit
1521 1724 1540 1744 a
1553 1714 1633 1745 Jove

972 1772 1003 1798 et
1026 1767 1163 1797 Electra.
1210 1766 1293 1796 Nam
1317 1764 1442 1806 Jupiter
1465 1762 1634 1794 concubuit

972 1827 1045 1847 cum
1067 1815 1194 1847 Electra
1218 1814 1283 1845 filia
1308 1813 1457 1849 Atlantis,
1482 1823 1552 1854 quae
1576 1811 1635 1842 fuit

973 1876 1035 1896 una
1050 1876 1088 1896 ex
1104 1871 1222 1907 septem
1234 1863 1427 1897 Pleiadibus,
1438 1873 1508 1904 quae
1524 1861 1556 1892 in
1569 1871 1634 1892 000-

972 1915 1037 1946 lum
1061 1916 1143 1946 inter
1165 1914 1275 1945 stellas
1300 1912 1457 1944 translatae
1487 1917 1578 1942 sunt:
1603 1915 1636 1942 et

972 1975 1010 1994 ex
1026 1975 1064 1995 ea
1086 1963 1195 2005 genuit
1222 1962 1418 1997 Dardanum,
1436 1972 1455 1992 a
1475 1972 1536 2003 quo
1558 1961 1633 1991 Tro-

968 2013 1035 2055 jani
1047 2013 1197 2055 originem
1209 2018 1241 2043 et
1253 2021 1365 2043 nomen
1376 2010 1506 2041 ducunt.
1531 2010 1634 2049 quja-

972 2065 1023 2100 cla,
1046 2062 1078 2093 id
1105 2069 1163 2099 est,
1189 2062 1363 2093 Electram:
1389 2071 1458 2102 quae
1483 2059 1527 2090 ita
1549 2059 1635 2090 dicta

974 2118 1033 2149 est,
1050 2112 1101 2143 vel
1117 2123 1135 2143 a
1154 2111 1282 2142 Pleione
1303 2116 1412 2146 matre,
1430 2109 1478 2140 vel
1500 2119 1519 2140 a
1532 2108 1633 2144 πλέω,

974 2162 1085 2193 Graece
1114 2162 1246 2202 navigo:
1271 2160 1346 2202 quia
1372 2158 1558 2201 navigantes
1586 2169 1634 2189 so-

974 2212 1039 2242 lent
1054 2211 1200 2253 Plejadas
1216 2209 1297 2252 ipsas
1313 2210 1491 2240 observare.

1020 2261 1092 2290 174.
1116 2261 1228 2290 Medios
1240 2259 1338 2299 avos]
1366 2258 1403 2288 Id
1419 2262 1476 2293 est,
1492 2256 1545 2298 qui
1561 2262 1634 2288 sunt

974 2310 1054 2341 inter
1068 2311 1179 2341 Jovem
1195 2315 1226 2340 et
1242 2320 1309 2340 nos.
1355 2306 1510 2348 Intelligit
1524 2307 1633 2337 Erich-

975 2359 1126 2395 thonium,
1155 2360 1278 2394 Troem,
1311 2358 1405 2393 llum,
1434 2356 1633 2392 Assaracum,

976 2409 1108 2451 Capym,
1125 2414 1156 2439 et
1170 2408 1317 2449 reliquOS.

1022 2459 1093 2488 178.
1121 2457 1263 2497 Docere]
1294 2457 1406 2487 Dicare
1425 2460 1492 2486 erat
1514 2454 1545 2486 in
1570 2455 1632 2485 Pu-

974 2514 1098 2543 teaneo,
1124 2507 1197 2537 vitio
1221 2505 1409 2537 Correctoris
1427 2515 1446 2536 a
1467 2515 1560 2535 manu
1585 2515 1634 2535 se-

974 2557 1089 2588 cunda.
1112 2557 1135 2587 i.
1152 2557 1237 2587 Fast.
1255 2557 1332 2587 223.

1020 2606 1080 2636 Nos
1105 2616 1215 2646 quoqne
1239 2606 1347 2644 templa
1361 2606 1489 2643 jurant,
1505 2605 1635 2643 quamvis

1103 2657 1229 2695 antiqua
1241 2656 1354 2695 probem
1361 2664 1404 2688 us,

1062 2705 1176 2740 Aurea,
1195 2706 1331 2744 mqjestas
1343 2703 1479 2733 convenil
1492 2702 1547 2730 ista
1562 2700 1634 2730 Deo.

1475 2750 1591 2779 Eunai.

1043 2806 1103 2836 1³2
