1849 3198
229 232 287 274 34
615 231 667 272 Ρ.
700 230 913 273 OVIDII
946 229 1226 274 NASONIS

235 348 451 412 Respice
477 345 736 395 sollicitam
764 347 1006 402 Briseida,
1034 346 1169 394 fortis
1195 343 1417 401 Achille;

1528 344 1616 389 137

303 425 412 472 Nec
437 425 668 473 miseram
691 426 826 472 lenta
848 424 1033 472 ferreus
1059 439 1145 472 ure
1169 438 1321 469 mora.

234 501 350 558 Aut,
378 503 418 549 si
441 519 612 550 versus
637 519 772 549 amor
795 509 909 548 tuus
934 508 1011 548 est
1034 501 1083 548 in
1107 500 1256 547 taedia
1278 497 1430 545 nostri
1449 514 1460 554 ;

301 579 466 633 Quam
491 580 596 626 sine
620 587 670 626 te
695 579 830 641 cogis
854 579 1031 633 vivere,
1058 594 1180 639 coge
1205 576 1343 623 mori.

1529 575 1622 619 140

238 655 408 719 thue
434 656 571 713 facis,
598 672 763 718 coges.
791 655 911 702 abiit
935 671 1214 718 corpusque
1239 653 1489 715 colorque.

305 734 530 781 Sustinet
554 735 647 781 hoe
673 733 847 780 animae
873 749 987 797 spes
1013 740 1179 780 tamen
1204 748 1303 778 una
1326 730 1413 777 tui.

237 810 350 865 Qua
374 811 413 857 si
439 811 695 867 destituor,
716 818 939 875 repetam
964 811 1241 873 fratresque
1264 809 1551 870 virumque:

304 887 351 934 N
357 904 413 935 ec
438 888 526 935 tibi
551 889 868 951 magnificum
893 888 1075 935 femina
1092 889 1234 951 jussa
1256 885 1395 932 mori.

239 964 342 1011 Cur
366 972 531 1012 autem
550 966 763 1028 jubeas?
789 965 959 1012 stricto
984 972 1100 1029 pete
1125 979 1331 1028 corpora
1354 962 1497 1009 ferro.
1530 962 1621 1007 145

304 1041 397 1088 Est
421 1043 556 1097 mihi,
584 1044 668 1106 qui
694 1043 825 1090 fosso
850 1051 1052 1107 pectore
1077 1042 1278 1104 sanguis
1305 1047 1400 1088 eat.

239 1117 325 1165 Me
349 1126 487 1183 petat
511 1120 592 1167 ille
615 1128 746 1176 tuuS‚
775 1122 877 1183 qui,
905 1121 945 1167 si
973 1121 1082 1168 Dea
1105 1136 1254 1184 passa
1276 1119 1466 1172 fuisset,

305 1195 452 1242 Ensis
477 1197 526 1243 in
551 1196 738 1244 Atridae
764 1206 939 1262 pectus
964 1199 1120 1246 iturus
1140 1205 1259 1246 erat.

238 1272 317 1319 Ah
342 1273 504 1336 potius
530 1290 694 1321 serves
719 1282 953 1332 nostram,
979 1282 1065 1323 tua
1088 1291 1307 1330 munera,
1332 1274 1499 1320 vitam.

303 1349 450 1404 Quod
474 1351 682 1398 dederas
707 1352 840 1399 hosti
863 1352 1032 1409 vietor,
1060 1353 1220 1400 amica
1236 1367 1370 1414 rogo.

1531 1351 1623 1395 150

237 1427 455 1475 Perdere
480 1445 605 1491 quos
630 1429 809 1476 melius
830 1430 1008 1493 possis,
1037 1429 1294 1493 Neptunia
1316 1428 1542 1492 praebent

305 1504 566 1567 Pergama.
613 1506 869 1553 materiam
896 1507 1045 1553 caedis
1071 1508 1133 1554 ab
1158 1510 1300 1555 hoste
1325 1512 1457 1569 pete.

239 1580 326 1628 Me
351 1582 514 1637 modo,
541 1582 642 1630 sive
667 1599 811 1646 paras
836 1584 1090 1649 impellere
1116 1585 1300 1647 remige
1326 1584 1554 1638 classem,

307 1659 421 1706 Sive
446 1675 633 1716 manes,
661 1661 845 1708 domini
864 1663 975 1725 jure
999 1663 1163 1710 venire
1184 1663 1322 1726 jube.

328 1840 481 1882 Virumque
495 1845 585 1872 trtnit
601 1845 631 1873 in
647 1855 743 1875 arma.

239 1889 301 1920 Ubi
317 1889 411 1920 etiam
426 1890 479 1920 alii
495 1893 546 1921 ad.
559 1891 603 1922 iii.
614 1892 685 1922 Art.
698 1892 773 1924 Am.
787 1894 862 1925 419.

281 1938 319 1969 In
334 1941 444 1970 multas
458 1941 527 1978 lupa
544 1943 641 1972 tendit
655 1953 727 1973 oves.

236 1987 258 2018 i.
276 1987 347 2018 Art.
363 1989 418 2018 97.

279 2037 328 2067 Sic
342 2039 406 2067 'mit
422 2040 453 2068 ἰη
468 2039 589 2072 celebres
611 2040 897 2082 cultisst'mafemina

323 2087 417 2116 ludos.

238 2134 276 2164 In
300 2134 414 2175 quibus
437 2135 579 2167 omnibus
601 2136 695 2167 etiam
716 2139 756 2167 ad
780 2138 897 2170 habent

235 2183 360 2213 codices
374 2183 511 2224 plurimi.
558 2185 675 2215 BuuM.

283 2232 355 2263 142.
380 2232 541 2273 Sustinet]
569 2234 606 2264 In
621 2233 746 2264 Aldinis
764 2234 894 2276 legitur:

237 2280 370 2311 Sustinet
385 2282 437 2311 hoc
452 2283 556 2311 animm
571 2293 631 2321 spes
646 2289 742 2313 tamen
757 2296 818 2314 unct
836 2287 893 2315 tui.

235 2335 270 2360 ut
284 2329 324 2360 sit
339 2329 456 2359 dictum
471 2331 522 2359 hoc
541 2333 645 2361 animae
660 2342 714 2373 pro
729 2332 809 2363 hane
829 2334 894 2364 ani-

236 2388 333 2408 mam.
348 2378 406 2408 hoc
427 2388 529 2414 sensu,
544 2390 607 2410 una
630 2384 734 2410 tamen
749 2391 818 2421 spes
840 2382 896 2418 tui,

236 2427 301 2458 sive
317 2437 411 2468 quam
430 2427 468 2458 de
492 2433 523 2458 te
545 2428 644 2460 habeo
663 2429 795 2461 sustinet
817 2431 897 2462 hanc

238 2476 384 2511 animam,
401 2476 458 2506 hoc
474 2482 520 2507 est
541 2477 636 2508 vitam
659 2489 772 2514 meam,
787 2480 897 2511 ceteris

238 2529 272 2554 ut
287 2535 411 2566 corpore
431 2531 463 2555 et
483 2525 583 2557 colore
598 2527 828 2559 delabentibus.
851 2535 898 2560 est

237 2579 342 2604 autem
358 2580 574 2615 argumentum
590 2576 736 2618 Epistolae
754 2578 845 2620 hujus
859 2590 896 2610 ex

238 2633 318 2653 nono
355 2623 483 2654 Iliados.
512 2625 564 2661 30,
588 2636 648 2666 quo
677 2627 785 2658 eodem
819 2628 898 2660 libro

237 2672 332 2703 etiam
347 2673 494 2714 pleraque
511 2674 580 2705 loca
596 2674 778 2713 difficiliora,
794 2677 819 2708 si
836 2688 898 2719 qua

238 2720 288 2752 hic
300 2722 423 2758 fuerint,
438 2723 587 2763 explicari
598 2730 752 2766 poterunt.
768 2727 897 2757 Mrem.-

241 2781 312 2802 Lus.
354 2772 422 2802 Una
453 2774 510 2803 tui.
538 2774 730 2814 Vaticanu53
762 2776 898 2808 Aldinus

967 1856 1049 1882 vero,
1065 1858 1126 1876 una
1141 1847 1209 1877 mei.
1236 1845 1419 1876 C1orANus.
1444 1846 1546 1876 Animi
1566 1857 1627 1885 spes

966 1902 1064 1926 tamen
1089 1907 1152 1925 vna
1178 1897 1233 1926 mei
1261 1901 1394 1936 quatuor
1419 1895 1503 1926 libri.
1530 1895 1625 1926 etiarn

965 1945 1044 1976 bene
1056 1957 1063 1983 3
1089 1946 1209 1976 Lucan.
1222 1957 1253 1975 x.
1265 1946 1318 1975 68.

1010 1995 1074 2026 Hoc
1087 1997 1180 2025 animi
1196 2007 1250 2025 nor
1265 2007 1325 2026 mm
1341 1996 1436 2025 dedit.

966 2044 1035 2074 Nisi
1049 2044 1141 2075 malis
1161 2046 1266 2075 anima²
1286 2055 1366 2074 metr.
1379 2050 1410 2075 et
1425 2054 1495 2074 mox
1513 2044 1582 2078 Qua
1603 2046 1628 2075 si

964 2095 1117 2129 destituor,
1127 2104 1180 2135 pro
1195 2095 1342 2124 destituar
1358 2094 1536 2124 Puteaneus
1557 2094 1625 2124 alii-

964 2154 1025 2184 que
1037 2143 1191 2174 nonnulli.
1210 2144 1330 2174 HmNs.
1355 2143 1432 2174 Vid.
1446 2154 1515 2185 sup.
1528 2154 1560 2174 v.
1570 2144 1623 2175 60.

1011 2193 1082 2222 147.
1107 2192 1138 2222 Si
1156 2192 1221 2223 Dea
1240 2192 1352 2232 passm]
1380 2192 1509 2222 Homer.
1529 2192 1625 2224 Iliad.

964 2253 997 2272 α.
1016 2253 1044 2271 ν.
1061 2242 1129 2272 197.

1008 2294 1075 2329 Στῆ
1092 2290 1118 2321 δ’
1133 2291 1258 2328 ὄπιθεν,
1271 2292 1396 2330 ξανθῆς
1412 2290 1442 2322 δὲ
1459 2291 1561 2333 κόμης
1575 2290 1626 2323 ἕλε

1051 2341 1239 2378 Πηλείωνα.

964 2387 1016 2418 Ad
1031 2389 1113 2430 quod
1129 2388 1268 2419 alludere
1287 2388 1410 2419 videtur
1435 2388 1540 2419 Plaut.
1554 2389 1626 2420 Me-

965 2437 1098 2468 naeclim.
1111 2440 1143 2469 5.
1156 2440 1187 2469 2.

1008 2488 1064 2517 Sed
1080 2490 1143 2527 quis
1166 2489 1213 2518 hic
1233 2494 1284 2524 est,
1300 2490 1351 2528 qui
1368 2499 1411 2518 me
1431 2488 1540 2527 capillo
1555 2489 1625 2520 hinc

1049 2538 1084 2566 de
1099 2548 1193 2567 curru
1208 2539 1329 2575 clei-ipit.

964 2584 1109 2617 Eustath.
1138 2586 1218 2617 hanc
1249 2586 1428 2627 allegoriam
1454 2585 1493 2616 ad
1520 2585 1625 2616 Plato-

964 2644 1035 2664 nem
1058 2635 1161 2671 refert,
1178 2641 1209 2666 et
1234 2636 1298 2674 τὴν
1314 2634 1395 2677 παρ’
1417 2635 1508 2676 αὐτῷ
1527 2633 1624 2676 ἀγχί-

965 2695 1072 2720 νοιαν,
1089 2686 1140 2716 καὶ
1164 2685 1342 2726 κεφαλικήν
1363 2683 1548 2726 οὐράνωσιν
1577 2683 1623 2714 in-

964 2731 1090 2773 telligit.
1137 2734 1229 2771 Quod
1255 2740 1286 2765 et
1308 2733 1473 2765 Germanis
1498 2733 1529 2764 in
1555 2743 1624 2775 pro-

964 2780 1081 2811 verbio.
