1849 3198
191 214 277 256 262

588 216 639 257 P.
674 217 888 260 OVIDII
921 219 1202 266 NASONIS

193 330 273 377 Ah
300 332 464 395 potius
490 348 707 396 peream,
736 350 885 397 quam
913 335 1116 384 crimine
1142 338 1369 386 vulnerer
1393 339 1516 388 isto:

261 407 486 473 Fataque
512 410 610 457 sint
634 411 784 475 culpa
811 421 979 461 nostra
1003 415 1166 478 priora
1188 417 1304 463 tua!

1494 422 1585 466 106

194 485 302 533 Nec
330 488 448 550 quia
471 489 663 535 venturi
690 489 886 537 dederis
912 492 1032 538 mihi
1058 493 1201 555 signa
1220 494 1419 550 doloris,

258 562 381 611 Haec
405 565 607 629 loquor;
649 574 733 613 aut
756 567 889 615 fama
916 570 1180 618 sollicitata
1205 573 1349 619 nova.

192 640 376 690 Omnia
399 643 487 690 sed
512 660 709 691 vereor:
751 645 886 708 (quis
912 647 1043 693 enim
1069 664 1272 696 securus
1299 650 1481 697 amavit
1495 650 1537 711 (²)

256 720 406 783 Cogit
429 729 479 768 et
504 723 736 769 absentes
761 723 905 786 plura
928 724 1103 773 timere
1129 726 1285 774 locus.

1488 731 1580 774 110

189 798 381 846 Felices
408 800 532 855 illas,
561 817 651 847 sua
676 817 801 864 quas
827 803 1094 865 praesentia
1118 821 1264 851 nosse

255 877 477 925 Crimina
500 895 617 926 vera
633 880 796 942 jubet,
824 879 949 927 falsa
972 881 1146 929 timere
1171 883 1333 929 vetat!

187 955 293 1003 Nos
318 963 420 1004 tam
445 973 571 1004 vana
595 965 776 1014 movet,
805 975 957 1022 quam
982 959 1114 1007 facta
1137 960 1316 1023 injuria
1340 960 1490 1008 fallit:

253 1033 437 1081 Incitat
461 1041 511 1082 et
536 1051 728 1089 morsus
755 1051 887 1082 error
912 1043 1122 1100 uterque
1148 1053 1309 1100 pares,

186 1110 229 1157 O
257 1112 445 1158 utinam
470 1112 666 1159 venias!
706 1120 791 1160 aut
814 1120 869 1159 ut
892 1121 1130 1160 ventusve
1155 1121 1373 1177 paterve,

1486 1117 1576 1162 115

252 1188 548 1252 Caussaque
574 1189 638 1236 sit
662 1197 811 1237 certae
837 1190 1021 1237 femina
1045 1191 1179 1237 nulla
1203 1191 1378 1237 morae!

184 1264 331 1319 Quod
349 1267 389 1313 si
406 1283 556 1330 quam
573 1268 730 1315 sciero
749 1287 759 1325 ;
800 1269 980 1316 moriar
996 1269 1138 1332 (mihi
1155 1269 1325 1330 crede)
1341 1270 1572 1317 dolendo.

246 1343 277 1389 J
283 1345 553 1391 amcludum
579 1361 775 1409 peccas,
805 1346 844 1393 si
871 1363 983 1394 mea
1007 1346 1109 1394 fata
1134 1347 1280 1410 petis,

182 1420 285 1468 Sed
311 1439 475 1485 neque
501 1423 753 1486 peccabis,
781 1423 1063 1487 frustraque
1085 1440 1177 1487 ego
1202 1431 1388 1471 terreor
1412 1424 1547 1471 istis:

248 1498 462 1563 Quoque
487 1503 650 1548 minus
665 1502 851 1558 venias,
873 1502 1038 1549 invida
1062 1508 1253 1565 pugnat
1271 1502 1446 1549 hiems.
1482 1505 1573 1549 120

179 1576 267 1624 Me
292 1578 549 1626 miseram!
589 1586 775 1642 quanto
799 1579 1101 1643 planguntur
1125 1579 1269 1626 litora
1292 1579 1469 1626 fluctu!

246 1654 313 1702 Et
335 1656 458 1704 latet
482 1657 695 1704 obscura
722 1657 924 1704 condita
947 1658 1080 1704 nube
1106 1657 1240 1704 dies!

179 1732 405 1780 Forsitan
431 1734 493 1781 ad
518 1742 725 1798 pontum
751 1742 907 1782 mater
932 1736 1015 1799 pia
1037 1735 1227 1783 venerit
1252 1734 1443 1791 Helles,

244 1809 516 1874 Mersaque
543 1813 716 1859 roratis
743 1819 860 1859 nata
884 1813 1060 1860 fleatur
1085 1813 1253 1876 aquis:

175 1888 255 1935 An
280 1905 431 1945 mare,
460 1889 521 1936 ab
547 1889 702 1937 inviso
728 1890 964 1953 privignae
991 1890 1190 1937 nomine
1215 1889 1420 1946 dictum,
1477 1893 1569 1937 125

239 1965 406 2014 Vexat
429 1967 478 2013 in
504 1983 787 2031 aequoream
811 1984 954 2015 versa
976 1983 1186 2015 noverca
1212 1967 1406 2014 Deam?

218 2090 290 2120 113.
319 2090 403 2120 Vana
428 2090 553 2130 manen]
579 2089 759 2121 Admodum
781 2101 834 2121 va-

171 2138 252 2170 riant
278 2138 395 2181 scripti.
424 2139 525 2176 multi,
549 2151 616 2170 vera
641 2147 745 2170 movet.
770 2140 834 2175 alii,

161 2189 251 2230 falsa
276 2195 380 2225 movet,
407 2190 598 2230 quamficta.
624 2189 678 2219 sed
705 2189 833 2230 vulgata

170 2241 267 2282 proba
282 2245 340 2270 est.
365 2251 443 2270 ὐιιηιι
458 2240 540 2270 enim
564 2240 677 2281 injuria
691 2245 747 2275 est,
763 2251 831 2281 qum

169 2290 296 2321 incertis
316 2295 348 2320 et
371 2288 494 2320 levibus
517 2290 704 2325 auctoribus,
729 2296 759 2320 et
783 2301 831 2320 ru-

169 2350 253 2370 more
280 2339 320 2370 ad
345 2349 400 2369 nos
423 2339 584 2380 perfertur.
615 2339 685 2369 vide
711 2339 830 2369 Donat.

169 2390 210 2420 ad
233 2389 359 2419 Terent.
374 2388 519 2419 Eunuch.
537 2388 556 2419 i.
572 2390 604 2419 2.
630 2394 661 2419 ct
683 2389 727 2420 ita
749 2395 831 2420 recte

169 2438 435 2480 opponiturfactoe
446 2437 578 2478 injuriae‚
591 2449 673 2468 vana
687 2438 769 2468 enim
786 2444 831 2469 te<

168 2498 252 2522 mere
271 2487 419 2529 jactatur,
441 2497 497 2517 nec
520 2497 669 2528 umquam
695 2487 831 2518 admissa

167 2542 226 2568 est.
251 2536 294 2567 sic
308 2547 390 2571 111οΧ,
411 2537 482 2566 132.

215 2586 357 2616 Criminis
372 2592 413 2615 est
431 2585 630 2627 Tyrofabula
645 2597 722 2616 vana
740 2588 795 2616 tui.

670 2636 787 2664 Buum.

215 2686 286 2715 123.
312 2684 473 2725 Panium]
501 2685 560 2715 Sex
584 2684 689 2726 scripti
709 2684 832 2715 codices

166 2741 284 2773 porrum
307 2734 435 2764 habent.
462 2734 538 2764 sorte
564 2745 623 2764 non
648 2734 750 2773 malcg
775 2733 831 2764 nisi

902 2090 993 2121 malis
1010 2089 1187 2119 Porthmion
1208 2089 1324 2130 legere,
1339 2098 1412 2119 nam
1435 2088 1492 2119 hoc
1508 2088 1568 2119 fre-

902 2146 968 2170 tum
987 2140 1137 2181 Πορθμὸς
1160 2138 1279 2169 dictum
1302 2138 1373 2169 fuit.
1390 2138 1455 2168 vid.
1478 2145 1567 2169 notas

902 2189 1063 2220 Maussaci
1078 2189 1109 2218 in
1129 2188 1289 2218 Plutarch.
1307 2188 1344 2218 de
1360 2187 1567 2218 Fluminibus.

901 2250 975 2280 pag.
999 2239 1072 2268 286.
1098 2238 1223 2268 Luctat.
1250 2238 1282 2267 in
1308 2238 1387 2268 Stat.
1413 2248 1485 2278 pag.
1512 2238 1564 2268 14.

900 2288 1011 2319 eadem
1042 2287 1174 2317 varietas
1210 2286 1242 2317 in
1271 2286 1489 2328 manuscriptis
1519 2294 1566 2318 est

899 2338 1034 2368 Metam.
1052 2335 1096 2366 xi.
1117 2337 1188 2367 195.

949 2387 1039 2417 Ultus
1061 2388 1122 2416 abit
1152 2386 1262 2421 Tmolo,
1287 2387 1490 2426 liquidumque
1509 2397 1564 2426 pei·

985 2438 1056 2466 affra
1072 2442 1171 2466 'Fessus

943 2487 1114 2527 Angustum
1130 2487 1209 2515 circa
1224 2491 1348 2524 pontum
1365 2485 1563 2524 Nepheleidos

987 2537 1104 2567 Helles.

899 2584 963 2616 Ubi
978 2585 1105 2627 quidam
1125 2592 1244 2625 portum
1269 2585 1427 2616 exhibent.
1454 2585 1559 2616 HmN-

898 2645 979 2665 sms.

945 2685 1016 2715 126.
1038 2684 1154 2725 Vama]
1177 2685 1263 2715 I'met
1277 2684 1474 2715 scribendum
1489 2694 1559 2725 pos-

898 2734 998 2764 tulant
1013 2734 1181 2776 superiora.
1208 2733 1266 2764 nisi
1290 2744 1343 2774 pro
1359 2734 1420 2764 :lut
1443 2744 1559 2775 praecc—
