1849 3198
201 247 286 288 174

593 243 641 285 P.
677 242 889 285 OVIDII
924 242 1203 284 NASONIS

205 361 339 409 Ecce
363 375 499 407 mero
524 359 678 416 dubii,
705 359 943 407 comitum
969 359 1184 407 clamore
1207 358 1509 422 frequentes,

270 438 413 485 Flore
438 454 562 484 novo
587 437 812 490 madidas
839 437 1141 500 impediente
1167 452 1351 492 comas,
1527 438 1591 482 30

203 516 262 562 In
287 516 530 562 thalamos
556 514 671 571 laeti,
693 515 953 570 thalamos,
982 531 1072 561 sua
1095 515 1257 570 busta,
1286 514 1537 561 feruntur:

271 593 538 656 Strataque
564 593 872 656 corporibus,
900 591 1072 638 funere
1098 592 1264 654 digna,
1288 596 1535 655 premunt.

201 670 433 733 Jamque,
478 670 588 716 cibo
629 670 843 731 vinoque
897 685 1068 730 graves
1117 685 1410 731 somnoque,
1456 668 1592 730 jace-

272 748 614 810 Seourumque
641 747 782 810 quies
809 747 908 793 alta
932 763 1021 810 per
1046 746 1206 809 Argos
1233 753 1364 793 erat:
1420 746 1589 806 [bant;

205 826 406 873 Circum
427 842 506 872 me
532 825 745 888 gemitus
765 825 1065 871 morientum
1088 823 1256 871 audire
1275 823 1499 870 videbar:
1528 825 1591 869 35

154 893 160 896 ¹
270 903 336 950 Et
358 910 525 950 tamen
551 902 782 949 audibam
804 920 814 959 ;
856 902 1092 965 quodque
1121 901 1340 956 verebar,
1369 906 1490 947 erat.

206 980 419 1043 Sanguis
446 980 549 1027 abit
565 998 575 1037 ;
607 985 928 1041 mentemque
956 978 1105 1033 calor,
1134 993 1431 1042 corpusque,
1449 976 1593 1023 relin-

270 1057 431 1120 Inque
456 1074 581 1104 novo
602 1057 739 1120 jacui
764 1057 942 1120 frigida
966 1056 1097 1103 facta
1120 1063 1243 1102 toro.

1430 1054 1560 1116 [quit
1579 1070 1588 1100 ε

204 1135 276 1182 Ut
299 1134 397 1182 leni
423 1135 652 1198 Zephyro
678 1134 875 1197 fragiles
900 1133 1362 1208 vibranturuaristae3

271 1212 470 1275 Frigida
493 1213 735 1277 populeas
761 1219 816 1259 ut
841 1212 1004 1275 quatit
1029 1227 1148 1259 aura
1171 1226 1368 1265 comas3
1531 1210 1595 1254 40

201 1368 310 1405 gauter
326 1368 432 1394 autem
444 1363 495 1394 hic
511 1364 544 1394 fit
557 1364 674 1394 mentio
688 1363 864 1406 Hymenaei,

203 1412 278 1455 quia
301 1413 355 1444 ille
383 1419 493 1444 cantus
519 1413 566 1444 his
590 1413 708 1455 nuptiis
731 1413 865 1455 primum

202 1462 358 1499 inventus,
386 1468 464 1494 teste
501 1463 641 1504 Hygino.
678 1463 756 1493 Fab.
787 1463 864 1493 273.

201 1512 323 1542 HmNs.

245 1562 300 1591 28.
326 1560 395 1600 Ipsa
409 1561 492 1592 Jovis
514 1563 622 1601 conjux
645 1563 729 1592 cessit
743 1562 779 1591 ab
794 1563 866 1592 ¹urbe

201 1610 284 1650 s11a.]
312 1610 397 1640 Nam
420 1610 515 1640 etiam
537 1611 557 1641 J
562 1621 621 1640 uno
640 1611 810 1641 vocabatur
826 1611 865 1641 ad

204 1657 328 1700 nuptias
343 1671 348 1688 :
374 1659 457 1689 unde
474 1664 506 1688 et
527 1659 670 1700 pronuba
682 1660 767 1690 Juno
783 1659 868 1690 dicta

203 1713 262 1738 est.
309 1708 426 1738 Urbem
462 1714 566 1738 autem
603 1708 738 1739 Junonis
776 1713 867 1738 vocat

204 1757 319 1798 Argos.
366 1758 461 1788 Cror.

266 1806 344 1836 Urbe
380 1807 466 1847 sua.]
507 1807 652 1848 Sequitur
685 1806 756 1837 illos
794 1817 867 1837 auc-

205 1861 286 1887 tores
302 1857 397 1891 Naso,
415 1856 468 1897 qui
484 1856 542 1886 hoc
559 1856 653 1897 Argis
669 1856 786 1886 factum
802 1867 868 1887 esse

205 1911 342 1940 narrant,
378 1904 443 1936 vid.
474 1905 594 1946 Hygin.
622 1905 700 1935 Fab.
735 1906 807 1936 168.
837 1910 869 1936 et

205 1954 372 1985 Scholiast.
402 1954 546 1995 AEschyli
573 1954 679 1984 Prom.
707 1955 782 1985 852.
813 1954 868 1985 sed

205 2003 354 2034 Libanius
376 2003 408 2033 in
432 2003 661 2034 narrationibus
686 2004 724 2033 ab
749 2003 868 2034 Allatio

206 2052 298 2084 editis
324 2063 395 2095 cap.
420 2052 497 2083 xxii.
527 2052 604 2084 dicit
628 2053 776 2083 Danaum
801 2059 870 2094 post

206 2103 263 2134 hoc
277 2109 487 2144 perpetratum
504 2102 624 2134 facinus
646 2102 773 2144 fugisse,
791 2108 822 2133 et
837 2102 869 2133 in

210 2152 459 2194 Peloponnesum
477 2152 656 2188 advectum,
667 2151 799 2194 potitum
810 2151 869 2182 Ar-

208 2201 280 2241 givo
301 2211 406 2241 regno.
451 2202 570 2231 Bsz.

251 2252 303 2280 29.
330 2250 675 2291 Clfflnorefreqnentes]
702 2250 817 2281 Nescio
830 2261 869 2281 an

208 2309 284 2329 sana
306 2298 373 2328 haec
399 2297 472 2334 sint,
495 2304 527 2328 et
553 2309 592 2329 an
613 2299 722 2329 Latine
738 2298 868 2335 dicatur,

199 2354 379 2390 Jreqztentes
402 2348 528 2378 clamore
548 2349 700 2378 comitum.
746 2349 869 2379 Huber-

209 2395 291 2426 tinus
317 2395 454 2437 exponit,
469 2396 591 2426 densati
617 2402 648 2426 et
671 2396 868 2428 circumdati.

208 2444 263 2476 sed
280 2444 424 2486 exempla
447 2444 518 2475 talis
534 2444 698 2475 locutionis
713 2445 868 2477 desidero.

209 2505 282 2525 nam
306 2493 388 2536 quod
417 2494 531 2535 legitur
556 2494 599 2524 vi.
629 2495 764 2525 Metam.
796 2496 869 2527 165.

211 2543 359 2573 Comitum
398 2543 491 2573 Niobe
540 2544 728 2574 celeberrima
766 2547 867 2580 turbu,

210 2592 268 2623 hoc
290 2598 373 2623 recte
400 2598 503 2633 posset
527 2592 689 2634 explicari.
735 2593 869 2624 Vlitium

210 2641 260 2673 hic
277 2652 400 2684 quoque
427 2641 563 2677 haesisse,
580 2648 718 2683 apparet,
735 2642 809 2684 quia
832 2642 870 2672 il-

210 2690 276 2722 lum
299 2690 431 2721 voluisse
456 2690 616 2731 reflngere,
642 2692 781 2721 comitum
808 2692 869 2721 cla-

211 2751 290 2771 more
307 2740 478 2782 frequenti,
508 2739 627 2770 notavit
653 2739 811 2771 Heinsius.
838 2740 869 2771 in

213 2789 411 2821 Gronoviano
425 2794 491 2820 erat
506 2791 633 2820 clamore
640 2789 820 2830 frementes.
838 2790 870 2820 in

933 1372 995 1394 uno
1012 1361 1134 1393 Heinsii
1154 1363 1266 1392 comiti.
1284 1360 1361 1391 forte
1377 1362 1516 1390 comitum
1534 1359 1596 1389 cla«

932 1423 1012 1442 more
1025 1418 1172 1452 sequente,
1188 1411 1239 1442 vel
1246 1411 1411 1452 fremente.
1422 1409 1476 1440 sed
1490 1414 1521 1439 et
1525 1409 1598 1450 fre-

933 1462 1048 1500 quenti,
1079 1465 1114 1491 ut
1150 1459 1268 1491 Vlitius
1304 1460 1440 1494 volebat,
1475 1457 1598 1488 admitti

933 1514 1047 1550 potest.
1072 1515 1107 1539 ut
1130 1508 1349 1550 repetitionem
1365 1506 1531 1549 Hymenaei
1550 1506 1598 1537 in-

933 1557 1030 1588 dicet.
1049 1557 1092 1588 sic
1115 1558 1217 1599 Epist.
1232 1557 1287 1588 xii.
1307 1558 1381 1588 143.
1410 1557 1451 1587 Et
1476 1557 1597 1597 Hymen

934 1608 1079 1643 clamant,
1115 1607 1277 1647 Hymenaee
1295 1606 1515 1648 frequentant.
1553 1606 1598 1637 ita

934 1656 1043 1686 Amor.
1062 1656 1083 1686 i.
1098 1656 1153 1687 vii.
1171 1656 1225 1686 37.

982 1706 1110 1745 Qzaeaeqne
1126 1711 1193 1735 tuos
1203 1716 1313 1735 currus
1324 1706 1485 1734 comitatur
1498 1705 1598 1740 turba,

1011 1756 1194 1797 frequenter
1212 1755 1339 1784 Clamet.

937 1805 981 1835 Ut
996 1805 1196 1836 correximus.
1242 1805 1361 1834 Bunn.

980 1856 1033 1885 32.
1059 1854 1219 1894 Strataque
1246 1852 1447 1893 corporibus.]
1474 1852 1512 1883 In
1537 1862 1600 1883 uno

936 1903 1199 1946 Moreti,ftmera.
1223 1903 1256 1934 in
1272 1903 1600 1945 Basileensi,funerz'-

936 1956 987 1984 hus
1003 1966 1123 1994 corpore
1138 1956 1243 1996 digna.
1270 1953 1365 1983 forte:

980 2003 1141 2044 Strataque
1159 2004 1328 2045 fwzeribus
1364 2013 1482 2042 corpore
1518 2003 1601 2032 dicta

1019 2059 1176 2092 premunt.

937 2102 1087 2133 Premunt
1102 2112 1227 2144 corpore
1250 2107 1356 2137 strata,
1372 2111 1442 2142 quae
1464 2100 1549 2131 dicta
1569 2105 1602 2131 et

938 2151 1097 2182 destinata
1140 2157 1228 2182 erant
1272 2160 1378 2182 eorum
1423 2150 1599 2180 funeribus.

938 2201 1054 2231 Eoum.

981 2251 1035 2280 39.
1066 2250 1163 2290 thue
1181 2251 1237 2280 levi
1265 2249 1398 2290 Zephyro
1411 2248 1542 2291 graciles
1558 2248 1602 2277 ri-

938 2300 1068 2329 bruntur
1087 2299 1215 2339 wistan]
1248 2298 1289 2328 Ut
1307 2300 1365 2329 leni
1384 2298 1518 2338 Zephyro
1534 2296 1598 2326 Pu-

939 2353 1067 2379 teaneus
1089 2359 1160 2378 cum
1186 2354 1305 2389 septem
1333 2347 1412 2378 aliis.
1468 2346 1602 2388 Compa—

938 2398 1088 2428 rationem
1105 2404 1209 2428 autem
1225 2403 1385 2428 mutuatus
1407 2402 1453 2427 est
1477 2397 1515 2426 ab
1536 2395 1602 2426 Ho-

937 2458 1021 2477 mero
1036 2446 1131 2477 Iliad.
1149 2446 1183 2487 β.
1201 2447 1274 2477 147.

979 2495 1036 2534 Ὡς
1065 2495 1090 2527 δ’
1117 2496 1169 2528 ὅτε
1199 2495 1324 2534 κινήσει
1353 2494 1492 2537 Ζέφυρος
1513 2494 1602 2535 βαθὺ

1023 2545 1122 2583 λήϊον
1137 2544 1255 2580 ἐλθὼν,

985 2593 1118 2635 Λάβρος
1146 2594 1338 2635 ἐπαιγίζων,
1369 2593 1423 2623 ἐπὶ
1453 2591 1478 2624 τ’
1509 2591 1603 2633 ἠμύει

1025 2642 1261 2683 ἀσταχύεσσιν.
1305 2662 1309 2668 «

940 2691 1007 2722 Nisi
1025 2692 1105 2734 quod
1120 2691 1250 2734 λάβρον
1263 2691 1312 2722 hic
1323 2690 1508 2733 Zephyrum,
1520 2690 1601 2720 Nos·

939 2747 986 2771 ter
1002 2742 1095 2772 lenem
1112 2747 1212 2772 vocat.
1238 2740 1296 2770 nisi
1320 2739 1430 2770 melius
1456 2741 1551 2774 tenui,
1567 2743 1602 2769 ut

940 2790 1015 2821 alibi
1044 2797 1145 2821 tenues
1173 2797 1271 2821 ventos
1294 2788 1385 2820 dixit.
1432 2789 1601 2828 Agitantut·
