1849 3198
579 242 926 288 HEROIDES.
959 243 1051 284 EP.
1083 242 1194 285 VII.
1526 246 1583 288 79

196 361 242 408 N
248 377 304 410 ec
330 363 458 410 male
482 368 626 426 parta
648 360 732 407 diu
757 366 952 417 teneat3
992 360 1238 422 pejusque
1263 359 1525 425 relinquat.

261 439 499 496 Exsulet3
540 446 591 486 et
613 445 717 486 toto
742 444 933 501 quaerat
956 438 1007 484 in
1031 437 1150 484 orbe
1173 436 1358 499 fugam.

196 515 358 570 Quam
382 517 517 564 fratri
544 531 779 579 germana
801 514 908 570 fuit,
936 514 1217 577 miseroque
1242 515 1434 577 parenti

262 594 412 651 Filia;
451 601 553 641 tam
577 594 722 649 natis,
749 600 851 639 tam
877 591 940 638 sit
964 591 1145 639 acerba
1160 590 1280 638 viro.

1487 595 1580 640 160

196 671 325 718 Cum
350 688 501 727 mare,
528 688 643 718 cum
666 678 821 717 terras
846 669 1189 724 consumserit,
1217 669 1329 716 aera
1351 675 1527 717 tentet.

262 749 407 796 Erret
430 749 589 813 inops,
618 764 816 811 exspes,
844 747 981 794 caede
1006 752 1212 793 cruenta
1235 761 1340 793 sua.

195 825 316 873 Haec
343 843 434 889 ego
459 826 689 890 conjugio
714 825 939 873 fraudata
962 824 1232 872 Thoantias
1257 840 1369 881 oro3

260 903 421 951 Vivite
452 905 646 959 devoto,
674 909 946 966 nuptaque,
972 901 1162 965 virque,
1189 909 1312 949 toro.

599 1133 1002 1182 EPISTOLA
1050 1132 1171 1181 VII.

677 1257 836 1298 DIDO
869 1256 1093 1298 AENEAE.

197 1368 296 1424 Sic,
324 1367 408 1415 ubi
433 1366 533 1414 fata
555 1372 748 1421 vocant,
776 1365 887 1412 udis
913 1366 1139 1428 abjectus
1164 1365 1214 1411 in
1239 1365 1422 1422 herbis,

260 1445 339 1492 Ad
363 1445 489 1492 vada
515 1442 758 1490 Maeandri
784 1442 1000 1490 concinit
1025 1443 1165 1489 albus
1191 1443 1310 1490 olor.

236 1570 261 1599 A
279 1569 397 1598 totidem
413 1569 493 1597 nutis
508 1569 577 1598 orba
593 1569 630 1597 sit
646 1573 736 1606 atque
753 1566 845 1606 virm]

195 1618 275 1648 Orba
286 1630 304 1648 α
318 1619 397 1648 mztis
406 1616 596 1658 infrequens.
619 1616 768 1646 usitatum
780 1617 850 1645 orba

192 1669 283 1703 natis,
299 1672 353 1697 aut
375 1672 527 1696 natorum.
573 1664 698 1695 Deinde
717 1665 771 1694 illa
790 1666 851 1694 viro

191 1717 369 1746 Puteaneus
383 1720 414 1745 et
428 1713 540 1755 reliqui
555 1713 707 1755 plerique.
752 1714 851 1754 Lege-

190 1767 279 1797 bam:

237 1815 286 1845 Da
303 1815 422 1845 totidem
437 1814 517 1843 nutis
531 1813 600 1842 orba
616 1813 664 1848 sit,
680 1812 749 1841 orba
764 1813 837 1842 viro.

191 1864 265 1896 Vid.
286 1875 370 1905 supr.
388 1863 428 1894 ad
448 1874 480 1893 v.
497 1863 552 1893 29.
588 1862 671 1892 Dare
693 1871 731 1891 ex
753 1860 850 1891 veteri

191 1914 333 1945 formula.
363 1913 405 1942 Di
420 1913 499 1947 date,
515 1917 546 1942 et
563 1912 606 1941 Di
621 1913 704 1946 dent,
720 1921 851 1951 quorum

190 1963 276 2006 pleni
290 1962 455 2005 scriptores
470 1961 601 2002 antiqui.
644 1961 758 1990 Noster
773 1959 851 1990 libro

192 2012 258 2043 xiii.
282 2012 418 2042 Metam.
436 2011 489 2041 48.
503 2009 556 2051 qui
570 2010 658 2040 locus
672 2008 766 2050 vulgo
782 2019 851 2050 pes-

191 2062 266 2092 sime
279 2060 419 2091 habitus:

421 2109 648 2148 La'e'rtiadffque
661 2109 796 2147 precaris

236 2159 308 2194 Quae
336 2160 462 2189 meruit.-
489 2169 552 2198 qnae
581 2159 623 2188 Di
650 2159 721 2187 dent
749 2156 764 2186 ὁ
794 2168 852 2187 non

278 2220 354 2239 vana
368 2210 507 2247 preceris.

193 2259 236 2289 Τὸ
263 2259 332 2287 orba
359 2257 504 2288 nimirum
529 2255 686 2297 geminare
708 2254 852 2285 librarius

192 2306 382 2347 neglexerat,
399 2312 434 2336 ut
448 2317 543 2347 saepe.
570 2315 632 2346 qua
646 2304 685 2335 de
701 2315 732 2334 re
748 2314 852 2344 supra.

192 2355 308 2397 alloqui
338 2362 441 2386 autem
465 2356 575 2386 Jovem
598 2350 731 2390 videtur,
755 2364 850 2394 quare

192 2410 223 2435 et
246 2406 315 2435 ades
338 2415 431 2446 supra
451 2414 505 2446 pro
525 2405 606 2434 adest
627 2402 850 2445 reponendum,

193 2455 302 2496 utjam
318 2454 463 2485 diximus.
498 2453 555 2484 nisi
578 2452 687 2489 mavis,
700 2451 783 2494 quod
800 2462 850 2482 ve-

192 2514 259 2534 rum
275 2503 398 2535 omnino
415 2503 555 2534 videtur:

237 2554 261 2583 A
278 2554 397 2584 totidem
413 2554 492 2583 natis
507 2553 576 2582 orba
591 2552 640 2586 sit,
655 2557 741 2591 atque
755 2551 828 2580 viro.

193 2602 277 2633 Nam
298 2603 368 2631 orba
391 2602 427 2631 ab
441 2602 629 2641 optimatibus
653 2602 751 2630 concio
770 2598 853 2640 apud

194 2650 388 2687 Ciceronem,
409 2650 557 2682 Oratione
579 2660 633 2691 pro
654 2648 777 2685 Flacco,
799 2658 853 2678 ex-

193 2704 274 2730 stare
311 2699 521 2741 deprehendo.
574 2698 748 2729 mesn's.
816 2696 854 2726 In

196 2747 313 2778 Douzae
329 2747 436 2779 codice
452 2753 518 2778 erat
541 2758 605 2777 cum
624 2747 744 2777 totidem
760 2747 853 2776 natis.

196 2796 263 2837 Ego
274 2795 441 2838 legendum
456 2807 584 2827 censeo:

961 1566 987 1596 Α
1005 1567 1123 1596 totidem
1140 1567 1220 1595 mztis
1233 1567 1303 1596 orba
1317 1567 1366 1602 sit,
1379 1577 1453 1606 aque
1469 1567 1543 1597 vira.

918 1615 1035 1646 Locum
1051 1614 1221 1651 Ciceronis,
1237 1626 1330 1656 quem
1353 1615 1454 1645 innuit
1477 1615 1578 1646 Hein-

918 1665 991 1700 sius,
1003 1670 1049 1696 est
1061 1675 1132 1707 cap.
1145 1666 1198 1695 23.
1212 1665 1265 1695 ubi
1281 1665 1434 1696 videndus
1445 1665 1580 1707 Sylvius,

919 1715 1038 1745 anm.

965 1765 1038 1795 158.
1064 1763 1103 1794 In
1123 1765 1189 1794 orbe
1200 1764 1347 1806 fugam]
1381 1763 1500 1794 Durius
1515 1762 1581 1794 dic-

919 1819 996 1849 tum,
1025 1824 1154 1853 qmrrere
1181 1813 1311 1854 fingam:
1346 1819 1445 1852 petere
1465 1811 1581 1854 fugam

919 1873 972 1903 pro
988 1862 1094 1902 fugere
1109 1861 1171 1892 dici
1185 1861 1338 1891 novimus.
1386 1862 1491 1897 Quare
1504 1860 1580 1891 forte

919 1911 968 1942 hic
986 1923 1046 1942 non
1062 1911 1231 1952 rejicienda
1248 1910 1396 1941 Vaticani
1411 1909 1502 1941 unius
1516 1909 1580 1941 lec-

919 1961 972 1997 tio,
987 1967 1100 2001 quoerat
1118 1962 1149 1991 ¹in
1170 1962 1237 1991 orbe
1245 1961 1353 2001 fidem,
1368 1965 1403 1990 ut
1426 1970 1580 2001 nusquam

919 2011 1023 2046 fidem,
1038 2015 1070 2041 at
1082 2009 1198 2051 ubique
1210 2009 1372 2052 perfidiam
1384 2009 1580 2040 inventuram

918 2060 1116 2102 imprecetur.
1141 2058 1200 2089 nisi
1215 2058 1447 2100 quoeratfugam
1461 2057 1581 2089 dictum

921 2109 990 2151 quis
1013 2109 1099 2144 velit,
1125 2114 1160 2138 ut
1183 2115 1282 2149 petere
1300 2108 1428 2149 fugam,
1454 2107 1492 2138 de
1519 2118 1581 2148 quo

921 2159 1051 2190 Davies.
1077 2158 1116 2188 ad
1131 2158 1198 2189 Jul.
1216 2158 1297 2189 Caes.
1313 2157 1347 2187 ii.
1366 2157 1404 2188 de
1420 2156 1493 2188 Bel.
1506 2157 1581 2188 Gal.

920 2210 974 2239 24.
991 2213 1022 2239 et
1035 2215 1134 2247 petere
1149 2210 1237 2243 rium,
1254 2208 1353 2238 Gron.
1371 2206 1410 2237 ad
1427 2206 1495 2237 Liv.
1511 2205 1579 2237 xlii.

920 2260 952 2289 3.
970 2269 1040 2288 nam
1063 2262 1095 2288 et
1115 2257 1166 2287 hic
1187 2268 1267 2287 unus
1282 2257 1410 2287 Strozzae
1432 2256 1580 2292 habebat,

919 2314 1031 2349 (μιαν-ατ
1048 2309 1079 2337 in
1093 2309 1160 2337 orbe
1174 2309 1265 2337 viam.
1311 2307 1430 2337 Bunm.

968 2358 1038 2388 159.
1073 2356 1209 2397 Fratrh]
1244 2356 1393 2397 Absyrto,
1418 2365 1511 2396 quem
1535 2354 1581 2385 la-

920 2406 1030 2437 niavit.
1057 2406 1217 2446 Furenti]
1251 2406 1366 2441 AE'etae‚
1392 2415 1486 2445 quern
1515 2409 1582 2435 erat

920 2456 1018 2486 fatum
1034 2455 1170 2492 interire,
1181 2466 1253 2486 cum
1265 2460 1388 2496 raptum
1402 2453 1511 2484 fuisset
1526 2463 1581 2484 au-

921 2516 1006 2536 reum
1024 2504 1136 2535 vellus.

968 2556 1039 2585 160.
1058 2553 1175 2593 Natis]
1195 2552 1333 2594 Didymo
1348 2557 1379 2583 et
1389 2551 1581 2582 Thesandro.

926 2604 1025 2644 Vir-m]
1051 2603 1071 2634 J
1074 2602 1170 2639 asoni,
1186 2613 1280 2644 quem
1299 2601 1339 2632 ad
1362 2611 1472 2632 necem
1487 2600 1582 2632 etiam

920 2652 1057 2695 impulit.
1103 2652 1190 2682 Am.

970 2746 997 2775 1.
1023 2744 1072 2774 Sic
1096 2744 1178 2784 ubi.]
1215 2743 1266 2773 Ab
1295 2742 1354 2773 hac
1379 2739 1582 2773 similitudine

923 2793 1074 2827 doctiores
1094 2792 1234 2834 plerique
1250 2791 1420 2834 Epistolam
1440 2790 1520 2820 hanc
1535 2799 1582 2820 or·
