1849 3198
235 202 321 244 284

623 201 673 242 P.
709 201 922 243 OVIDII
956 201 1237 244 NASONIS

238 317 471 380 Cumque
496 316 603 364 dies
629 317 756 363 caris
781 323 953 380 optata
976 318 1266 381 parentibus
1292 317 1460 373 instat,

306 392 610 440 Immodicus
637 393 820 457 pariter
845 394 1064 457 corporis
1090 394 1235 441 ardor
1259 394 1416 442 inest:

239 468 304 516 Et
329 469 448 516 mihi
474 469 691 532 conjugii
717 477 916 533 tempus
943 470 1157 517 crudelis
1184 471 1245 517 ad
1272 471 1435 534 ipsum
1560 474 1623 519 45

302 546 627 610 Persephone
652 553 845 593 nostras
871 546 1037 610 pulsat
1061 547 1241 594 acerba
1264 546 1410 595 fores.

231 622 261 669 J
268 638 346 671 am
375 623 558 687 pudet:
599 630 649 670 et
679 622 849 678 timeo,
878 622 1103 685 quamvis
1131 623 1251 670 mihi
1283 624 1485 671 conscia
1525 641 1623 671 non

300 700 533 747 Offensos
557 700 725 747 videar
750 716 812 747 ne
837 700 1080 747 meruisse
1106 700 1260 747 Deos.

1488 701 1620 762 [sim,

232 776 476 824 Accidere
500 777 594 823 hoc
622 775 800 838 aliquis
827 792 948 823 casu
974 777 1262 825 contendit:
1302 784 1352 824 et
1377 778 1500 825 alter

296 853 577 917 Acceptum
605 853 811 916 Superis
837 854 969 901 hunc
989 860 1139 916 negat
1163 870 1274 901 esse
1298 853 1472 901 virum.

1557 857 1621 901 50

231 930 372 979 Neve
397 931 518 977 nihil
543 931 718 978 credas
744 931 793 978 in
818 938 868 978 te
894 947 1097 995 quoque
1122 931 1288 978 dicere
1313 930 1514 986 famam,

296 1009 450 1056 Facta
472 1008 722 1056 veneficiis
749 1025 863 1073 pars
889 1015 1033 1072 putat
1051 1008 1145 1056 ista
1168 1009 1284 1055 tuis.

229 1087 424 1134 Caussa
443 1085 586 1133 latet:
616 1086 748 1133 mala
766 1093 936 1133 nostra
954 1093 1144 1149 patent.
1168 1101 1254 1132 vos
1270 1100 1395 1148 pace
1411 1084 1617 1132 movetis

292 1162 488 1226 Aspera
512 1162 744 1209 submota
767 1162 967 1225 proelia:
1009 1162 1201 1225 plector
1226 1177 1335 1224 ego.

227 1239 405 1286 Dicam
432 1255 580 1294 nunc,
609 1239 855 1301 solitoque
880 1238 971 1285 tibi
997 1255 1077 1285 me
1102 1238 1278 1302 decipe
1304 1253 1468 1285 more:
1555 1240 1616 1284 55

293 1315 427 1370 Quid
453 1315 604 1363 facies
631 1315 762 1371 odio,
791 1315 861 1363 sic
888 1316 973 1363 ubi
1000 1332 1165 1363 amore
1191 1315 1377 1362 noces?

226 1392 278 1439 Si
303 1393 460 1448 laedis,
490 1392 627 1455 quod
653 1408 807 1447 amas
834 1392 1029 1439 hostem
1055 1392 1306 1456 sapienter
1331 1391 1537 1438 amabis.

290 1469 394 1526 Me,
421 1485 612 1534 precor,
641 1476 696 1516 ut
721 1486 903 1525 serves,
932 1470 1142 1533 perdere
1168 1469 1294 1516 velle
1319 1467 1457 1515 velis.

263 1614 315 1645 45.
340 1613 380 1643 Et
395 1614 467 1644 mihi
483 1614 618 1654 conjugii
634 1620 756 1653 tempus,
771 1615 878 1644 crude-

220 1662 357 1702 lis,&c.]
385 1662 472 1693 Ordo
498 1667 564 1693 est:
589 1663 630 1692 Et
653 1662 788 1693 crudelis
802 1663 878 1693 Per-

217 1712 354 1753 sephone
384 1711 424 1742 ad
450 1711 552 1753 ipsum
583 1716 707 1753 tempus
743 1712 880 1753 conjugii

217 1760 324 1802 pulsat
338 1760 414 1790 mihi
431 1766 550 1791 nostras
569 1760 647 1791 fores
663 1761 776 1791 acerba
790 1772 797 1790 :
813 1772 879 1802 pro,

217 1809 285 1850 ipsa
308 1820 389 1839 mors
411 1809 443 1838 in
467 1808 597 1845 foribus,
623 1808 688 1840 sive
717 1809 748 1840 in
774 1809 880 1840 limine

217 1863 292 1888 tunc
305 1858 440 1888 maxime
452 1862 510 1893 est,
524 1857 650 1898 quando
662 1857 788 1899 nuptias
797 1858 879 1889 cele-

216 1907 305 1937 brare
320 1906 434 1937 debeo.
458 1907 650 1938 meLLus.
680 1906 818 1937 Imitatio
834 1913 881 1939 est

217 1955 391 1986 Horatiana
407 1955 429 1985 i.
447 1955 509 1985 Od.
522 1956 553 1986 4.

261 2004 385 2034 Pallida
408 2015 484 2034 mors
506 2015 587 2044 aequo
601 2006 701 2045 pulsat
719 2006 791 2045 pede
804 2017 878 2045 pau-

300 2064 405 2092 perum
420 2055 521 2083 tabern
527 2064 570 2083 as.

259 2104 314 2133 55.
340 2102 449 2131 Dicam
477 2113 571 2138 nunc,
593 2103 735 2142 solitoque
760 2105 813 2133 tibi
843 2115 880 2134 ne

215 2152 329 2189 despice
344 2150 451 2190 more]
470 2151 602 2189 Dicjam
618 2162 700 2180 nnnc
717 2151 879 2193 Crispinus

215 2199 401 2239 corrigebat,
429 2198 512 2239 quod
541 2199 567 2229 si
596 2198 802 2236 admittimus,
835 2200 879 2231 ita

216 2246 473 2287 distinguendum
489 2254 570 2278 esset
583 2260 589 2276 ε

261 2297 321 2326 Dic
333 2298 414 2335 jum,
431 2296 530 2336 (nnnc
543 2298 684 2336 solitoque
701 2298 753 2326 tibi
769 2308 813 2327 me
824 2299 875 2327 de—

345 2347 408 2383 cipe
422 2344 517 2385 more)

305 2394 387 2428 Quid
404 2394 509 2434 jitcias
535 2395 612 2429 odio,
639 2396 681 2423 sic
705 2396 755 2423 ubi
780 2407 877 2426 amore

346 2444 447 2473 voces?

216 2493 277 2525 Sed
294 2493 405 2523 Douza
420 2492 539 2522 notavit
550 2491 729 2523 Petronium
746 2492 788 2521 sic
800 2502 875 2532 quo-

217 2553 279 2585 quc
302 2541 424 2572 initium
442 2541 604 2571 sententiae
622 2545 652 2570 et
668 2539 785 2581 periodi
801 2551 872 2571 aus-

217 2593 353 2635 picatum
377 2601 443 2620 esse
467 2600 536 2630 cap.
561 2590 632 2619 129.
659 2590 789 2626 Dicam;
814 2590 874 2625 vel,

218 2643 347 2673 narrabo
364 2641 414 2669 tibi
429 2640 601 2668 Adolescens
615 2640 778 2678 paralysim
795 2650 875 2669 eure.

217 2699 248 2723 et
263 2692 294 2722 in
311 2687 610 2723 Declamationibus,
627 2698 703 2728 quas
720 2698 778 2717 non
795 2687 875 2718 male.

217 2744 265 2773 hm
296 2739 412 2772 ultima·
445 2737 590 2777 Epistulae
617 2737 763 2770 referunt.
793 2748 874 2777 saepe,

948 1613 1004 1644 illa
1032 1613 1165 1645 formula
1192 1612 1338 1647 occurrit.
1374 1612 1419 1644 sic
1458 1611 1613 1649 Quinctil.

948 1662 1095 1693 Declam.
1119 1663 1194 1693 329.
1221 1663 1330 1692 Dicam
1352 1673 1434 1692 nunc
1455 1673 1525 1703 ego;
1552 1662 1614 1695 Qui

946 1712 1031 1751 pulsa
1038 1713 1111 1741 verit
1124 1712 1252 1751 aliquem
1264 1712 1451 1751 injuriarum
1463 1716 1612 1740 teneatur.

948 1760 1043 1791 Decl.
1062 1761 1138 1790 338.
1178 1761 1288 1791 Dicam
1303 1771 1385 1790 nunc
1400 1771 1452 1800 ego
1468 1761 1536 1795 illa,
1549 1770 1611 1799 quae

949 1810 1060 1839 leviora
1072 1815 1155 1839 sunt.
1172 1814 1203 1839 et
1218 1808 1345 1850 passim.
1391 1808 1510 1838 Eunu.

991 1859 1046 1889 58.
1074 1858 1124 1888 Me
1148 1869 1254 1897 precor
1281 1865 1315 1888 ut
1344 1868 1457 1888 serves:
1486 1858 1611 1897 perdere

948 1907 1033 1942 velle,
1058 1907 1154 1947 velis]
1188 1907 1256 1937 Hoc
1283 1912 1340 1943 est,
1366 1905 1494 1948 quando
1519 1915 1612 1935 noces

948 1955 996 1991 iis,
1012 1966 1089 1997 quos
1104 1966 1201 1992 amas,
1217 1955 1418 1996 diversosque
1435 1955 1565 1986 affectus
1580 1960 1612 1985 et

947 2005 1078 2036 effectus
1094 2005 1202 2042 habes,
1215 2016 1320 2046 quaeso
1335 2010 1370 2036 ut
1383 2015 1433 2035 me
1449 2004 1562 2040 oderis,
1580 2010 1612 2035 et

947 2054 1078 2095 perdere
1109 2054 1237 2095 cupias:
1273 2059 1305 2084 et
1332 2064 1387 2095 per
1418 2064 1612 2094 consequens

947 2102 1097 2134 servabis.
1134 2103 1325 2133 Moenuvs.
1382 2103 1484 2133 Locus
1511 2103 1609 2133 mani-

947 2151 1023 2182 feste
1053 2156 1228 2192 corruptus.
1276 2152 1319 2182 Τὸ
1345 2152 1420 2181 velle
1448 2161 1609 2192 perperam

945 2211 983 2230 ex
1000 2202 1071 2230 velis
1089 2199 1227 2240 proxime
1246 2199 1390 2240 sequenti
1406 2199 1609 2236 inculcatum,

945 2259 1017 2279 cum
1031 2248 1157 2279 ultimas
1181 2247 1260 2278 duas
1281 2247 1418 2289 syllabas
1437 2247 1469 2278 in
1486 2250 1610 2287 perdere

945 2297 1088 2328 librarius
1103 2296 1263 2338 geminare
1282 2296 1472 2337 neglexisset
1486 2308 1492 2326 :

989 2347 1052 2382 Me,
1067 2357 1169 2386 precor
1181 2357 1190 2382 ;
1209 2352 1240 2375 ut
1256 2357 1360 2381 serves,
1372 2347 1507 2384 perdere,
1520 2348 1607 2383 (lure,

1030 2397 1112 2425 velis.

945 2442 1141 2474 Christianus
1164 2442 1319 2474 Daumius
1339 2442 1525 2484 opinabatur
1540 2442 1607 2473 dic-

944 2498 1010 2523 tum
1035 2493 1207 2533 vulgatum,
1224 2499 1257 2523 ut
1283 2499 1371 2533 negat
1396 2503 1505 2533 negare
1521 2492 1605 2533 apud

943 2541 1114 2571 Catullum.
1138 2542 1255 2571 Ilmxs.
1290 2541 1398 2571 Posset
1414 2541 1540 2581 vulgata
1551 2540 1606 2571 ‹le-

944 2590 1028 2620 sendi
1044 2601 1080 2620 ex
1098 2590 1171 2623 illis.
1190 2590 1221 2620 in
1239 2590 1343 2620 Amor.
1359 2590 1414 2620 lib.
1432 2589 1477 2619 iii.
1492 2589 1535 2619 xi.
1553 2591 1605 2620 50.

988 2639 1039 2669 Me
1055 2651 1166 2679 quaque
1194 2641 1264 2669 selle
1289 2641 1369 2679 pelis,
1393 2650 1471 2669 <tuine
1487 2646 1605 2669 coactus

1029 2700 1132 2719 aulem.

943 2737 1003 2768 Sed
1020 2737 1061 2767 ibi
1085 2748 1191 2768 sensus
1209 2745 1252 2768 cst
1280 2737 1482 2768 manifestior.
1508 2736 1550 2768 sic
1575 2744 1605 2768 et
