1849 3198
619 252 962 295 HEROIDES.
997 252 1088 293 ΕΡ.
1124 252 1258 293 XIV.
1551 255 1633 295 177

246 368 378 416 Dum
404 371 532 433 petis
559 370 836 433 amplexus,
865 368 1127 431 sopitaque
1153 368 1358 415 brachia
1375 369 1567 431 jactas;

311 446 450 494 Pene
475 463 649 494 manus
673 445 772 492 telo
798 444 966 491 saucia
989 444 1120 491 facta
1142 451 1229 491 tua
1252 451 1343 492 est.
1569 448 1632 492 70

245 524 460 588 Jamque
476 532 682 589 patrem,
701 523 1011 586 famulosque
1028 522 1197 585 patris,
1210 522 1475 585 lucemque
1494 522 1634 570 time-

313 602 626 666 Expulerunt
650 618 847 649 somnos
874 601 979 647 haec
1005 616 1116 646 mea
1140 599 1274 646 dicta
1297 606 1436 646 tuos:
1479 601 1632 661 [bam.

249 680 406 743 Surge
432 697 539 743 age,
569 680 760 735 Belide,
788 680 850 726 de
875 686 948 726 tot
972 678 1118 724 modo
1142 676 1375 723 fratribus
1401 693 1556 724 unus:

314 757 360 803 N
365 774 430 804 ox
455 758 560 813 tibi,
588 757 636 803 ni
662 772 913 820 properas,
942 755 1037 801 ista
1061 754 1292 818 perennis
1319 753 1426 800 erit.

246 834 464 882 Territus
490 835 743 897 exsurgis:
783 833 909 896 fugit
933 833 1090 881 omnis
1116 832 1293 879 inertia
1318 831 1493 878 somni.
1576 833 1637 878 75

312 912 544 976 Adspicis
570 913 619 958 in
643 912 818 959 timida
841 912 984 959 fortia
1007 912 1107 959 tela
1130 927 1296 958 manu,

247 988 498 1044 Quaerenti
522 1005 765 1045 caussam,
795 989 929 1036 Dum
954 1005 1053 1036 nox
1080 989 1210 1044 sinit,
1238 988 1418 1050 effuge,
1445 986 1565 1033 dixi.

314 1067 448 1114 Dum
473 1084 572 1114 nox
598 1074 703 1115 atra
727 1067 858 1124 sinit,
884 1074 938 1114 tu
964 1067 1120 1130 fugis:
1161 1068 1270 1131 ipsa
1292 1080 1470 1112 moror.

246 1144 399 1193 Mane
425 1153 555 1194 erat:
596 1153 646 1193 et
672 1146 876 1193 Danaus
902 1161 1110 1208 generos
1137 1161 1200 1192 ex
1224 1144 1362 1191 caede
1382 1144 1609 1206 Jacentes

315 1223 624 1271 Dinumerat.

701 1224 919 1271 Summae
945 1223 1162 1271 criminis
1188 1238 1315 1268 unus
1341 1220 1477 1267 abes.
1578 1221 1641 1265 80

249 1301 366 1349 Fert
388 1302 516 1348 male
542 1308 765 1364 cognatae
784 1303 1032 1365 jacturam
1056 1300 1227 1348 mortis
1253 1300 1303 1346 in
1329 1315 1454 1353 uno;

316 1378 383 1425 Et
407 1379 630 1442 queritur
653 1378 769 1425 facti
796 1379 1048 1441 sanguinis
1076 1394 1186 1425 esse
1212 1392 1403 1440 parum.

248 1455 524 1503 Abstrahor
549 1472 578 1503 a
600 1456 771 1520 patriis
796 1456 1037 1519 pedibus3
1078 1461 1373 1517 raptamque
1400 1451 1591 1515 capillis

317 1532 464 1595 (Haec
489 1533 669 1581 meruit
693 1533 853 1597 pietas
879 1533 1103 1597 praemia)
1130 1547 1300 1579 carcer
1324 1531 1491 1577 habet.

255 1611 458 1658 Scilicet
483 1627 545 1658 ex
570 1611 654 1657 illo
679 1610 708 1657 J
715 1613 895 1658 unonia
919 1617 1178 1675 permanet
1202 1610 1299 1665 ira3
1583 1609 1644 1653 85

318 1687 430 1742 Quo
454 1689 544 1736 bos
571 1704 634 1735 ex
660 1688 859 1736 homine
885 1696 976 1745 est,
1004 1705 1068 1736 ex
1091 1689 1217 1735 bove
1243 1686 1375 1733 facta
1401 1684 1527 1731 Dea.

295 1829 348 1858 72.
390 1829 578 1868 Expulerunt
602 1829 743 1869 somnos]
783 1829 914 1869 Expule-

254 1885 326 1908 runt
353 1879 541 1909 Puteaneus.
564 1879 670 1920 probe.
705 1878 787 1909 Vide
817 1879 916 1909 Notas

253 1928 292 1959 ad
307 1927 409 1969 Epist.
427 1928 482 1958 vii.
499 1939 578 1959 vers.
596 1929 668 1958 166.
694 1928 812 1959 mes.

295 1977 350 2007 73.
375 1977 472 2019 Surge
487 1989 554 2019 age,
574 1977 690 2013 Belide,
706 1977 783 2017 &c.]
809 1976 916 2007 Simile

252 2033 469 2067 argumentum
495 2033 676 2069 persecutus
701 2033 747 2057 est
770 2025 918 2056 Horatius

255 2076 324 2107 Ode
340 2076 385 2107 xi.
404 2076 458 2107 lib.
475 2076 520 2107 iii.
539 2076 734 2108 Carminum.
761 2076 853 2107 Clor.

298 2126 344 2156 De
372 2132 412 2157 tot
434 2128 516 2157 modo
529 2127 687 2168 fratribus
710 2126 821 2166 unus]
849 2126 918 2157 Hoc

254 2175 316 2206 fere
332 2175 563 2207 hemistichium
583 2175 664 2206 infra
686 2175 843 2218 positurus
858 2181 917 2206 est.

255 2224 349 2255 C1or.

297 2275 352 2305 82.
388 2273 428 2304 Et
454 2274 734 2316 queriturfizctum
763 2276 919 2316 sanguinis

254 2335 310 2354 esse
332 2324 468 2364 parum]
499 2323 585 2353 Facti
608 2322 836 2365 praestantiores
851 2334 917 2353 om-

256 2383 322 2403 nes.
348 2378 379 2403 et
396 2373 440 2403 ita
456 2372 594 2403 Gronov.
612 2373 650 2403 ad
668 2373 737 2403 Liv.
755 2373 852 2403 xxxii.
867 2373 919 2403 37.

257 2422 369 2453 Facere
395 2424 583 2463 sanguinem,
615 2423 774 2464 utfacere
804 2424 919 2458 cadem,

257 2471 341 2514 apud
365 2471 500 2502 Livium.
517 2472 627 2503 Cicero
654 2472 709 2502 lib.
726 2473 749 2503 i.
775 2472 832 2514 Ep.
854 2472 918 2502 xiv.

259 2521 298 2552 ad
313 2520 474 2551 Atticum:
502 2521 589 2551 Nihil
605 2535 621 2552 α
639 2524 800 2552 domesticis
817 2522 919 2552 vulne-

257 2572 299 2601 ris
325 2570 450 2612 factum
487 2572 536 2600 sit.
582 2571 700 2602 Seneca
731 2582 768 2601 ex
797 2570 921 2612 optimis

261 2619 459 2656 membranis,
483 2620 599 2651 Medea
615 2631 646 2650 v.
663 2621 739 2651 993.
788 2620 843 2649 Nil
867 2622 920 2649 ad-

259 2669 409 2710 huc-facti
423 2679 499 2704 reor,
523 2668 726 2711 nonjizcttim.
771 2668 922 2699 Phaedrus

260 2717 318 2748 lib.
334 2717 380 2749 iii.
397 2718 450 2748 46.

408 2766 605 2808 Unzlefecz'sti
621 2774 739 2798 tantum
752 2767 901 2806 corporis?

264 2817 331 2847 IIoc
352 2823 399 2847 est
425 2816 507 2847 unde
532 2822 595 2848 tam
618 2819 729 2848 obesus
753 2816 852 2847 factus
866 2817 922 2845 es?

350 2870 448 2899 VOL.
473 2869 500 2899 Ι.

981 1829 1156 1859 mesnvs.
1178 1828 1229 1857 Ita
1244 1826 1348 1858 Graeci
1370 1825 1533 1868 πράσσειν
1554 1823 1647 1865 αἷμα.

982 1877 1125 1918 Euripid.
1143 1877 1248 1907 Orest.
1265 1876 1300 1906 ii.
1317 1876 1372 1906 39.

1027 1928 1144 1965 Κακῆς
1163 1926 1321 1967 γυναικὸς
1336 1922 1444 1964 οὕνεχ’
1468 1921 1533 1964 αἷμ’
1549 1920 1649 1963 ἐπρά-

1071 1977 1184 2017 ἕαμεν.
1488 1972 1605 2002 ΒυῐιΜ.

1029 2027 1082 2056 83.
1116 2025 1278 2055 Abstrahor
1302 2037 1320 2053 α
1344 2024 1453 2063 patriis
1477 2021 1646 2061 manibus]

986 2075 1125 2117 Scaliger
1140 2085 1247 2105 versus
1269 2073 1398 2115 triginta
1422 2077 1554 2114 quatuor
1578 2069 1650 2102 huic

986 2125 1054 2155 loco
1079 2124 1196 2155 alienos
1219 2130 1250 2154 et
1274 2123 1335 2154 alio
1351 2120 1528 2152 referendos
1543 2130 1649 2151 cense-

986 2176 1052 2206 bat.
1077 2173 1133 2205 sed
1148 2173 1272 2204 frustra,
1319 2171 1409 2203 Nihil
1429 2171 1511 2202 enim
1528 2169 1565 2201 iis
1577 2180 1650 2200 con-

985 2223 1162 2256 venientius
1177 2229 1230 2254 aut
1246 2222 1361 2265 aptius.
1395 2221 1488 2258 Quod
1503 2225 1538 2251 ut
1552 2219 1652 2260 magis

985 2273 1117 2315 liqueat,
1146 2272 1298 2303 adeantur
1332 2270 1477 2312 AEschyli
1504 2268 1652 2306 Ἱκέτιδες

986 2323 1096 2354 similis
1111 2322 1235 2353 omnino
1255 2321 1441 2363 argumenti,
1456 2320 1509 2351 ubi
1532 2325 1564 2350 et
1587 2324 1652 2350 tota

987 2372 1054 2403 haec
1080 2372 1135 2402 Iiis
1154 2371 1262 2402 fabula
1284 2374 1475 2401 recensetur.
1521 2368 1653 2399 Danaus

988 2432 1100 2464 nempe
1122 2420 1275 2462 Argorum
1302 2421 1372 2451 Rex
1396 2419 1651 2461 Hypermnestrae

988 2476 1076 2512 pater
1091 2471 1131 2501 ab
1148 2470 1224 2500 Ione
1239 2476 1271 2501 et
1282 2468 1413 2512 Epapho
1424 2467 1575 2508 originem
1591 2473 1652 2497 tra-

989 2519 1096 2550 hebat.
1122 2519 1238 2551 mes.

1032 2569 1086 2599 86.
1113 2568 1159 2599 Ex
1175 2568 1339 2610 bot-efacta
1358 2566 1454 2607 Πρω]
1482 2566 1603 2607 Regius
1617 2568 1653 2596 (Ie

989 2620 1066 2649 bove.
1091 2618 1147 2649 ita.
1194 2619 1309 2649 Juven.
1325 2617 1380 2648 vii.
1401 2616 1474 2647 197.

1034 2668 1066 2697 8ιῖ
1095 2667 1233 2698 Fortuna
1262 2669 1349 2703 volet,
1374 2667 1433 2707 fies
1461 2667 1496 2697 de
1526 2666 1654 2695 Rhetore

1079 2717 1202 2747 Consul.

993 2765 1067 2796 vid.
1085 2766 1156 2797 infr.
1174 2766 1196 2797 i.
1216 2765 1323 2797 Amor.
1341 2777 1372 2795 x.
1390 2766 1421 2795 8.
1448 2766 1565 2796 Bmm.

1114 2870 1139 2899 N
