1849 3198
622 218 968 260 HEROIDES.
1002 219 1095 262 ΕΡ.
1131 221 1278 263 ΧΧΙ.

1566 224 1652 266 293

257 333 408 381 Certe
433 349 526 396 ego
551 334 777 381 convalui
803 334 1023 381 nondum
1048 335 1110 382 de
1135 336 1336 384 vulnere
1361 337 1475 394 tali;

324 409 395 457 Ut
411 411 598 473 jaculo,
625 411 822 475 scriptis
848 411 1041 459 eminus
1066 412 1166 459 icta
1189 413 1304 460 tuis.

256 485 390 541 Quid
405 494 573 535 tamen
593 488 691 535 huc
709 488 908 536 venias?
935 505 1054 536 sane
1074 496 1129 536 ut
1147 489 1429 538 miserabile
1448 507 1646 555 corpus,

322 563 516 627 Ingenii
541 565 710 613 videas
736 566 853 613 bina
876 574 1066 630 tropaea
1088 564 1179 614 tuiss

1549 572 1645 615 214

256 641 579 689 Concidimus
591 642 772 699 macie;
798 643 933 690 color
947 650 1025 691 est
1039 644 1146 691 sine
1157 644 1421 706 sanguine:
1447 646 1647 708 qualem

323 717 382 765 In
406 735 555 782 pomo
579 719 736 767 refero
761 726 928 767 mente
953 720 1106 768 fuisse
1130 728 1232 768 tuo.

255 794 486 844 Candida
509 812 601 845 nec
627 797 786 844 mixto
811 797 1078 844 sublucent
1102 813 1187 844 ora
1212 798 1418 855 rubore3

321 872 502 921 Forma
526 874 638 922 novi
662 875 774 922 talis
799 875 1056 921 marmoris
1083 891 1194 922 esse
1220 876 1363 922 solet.

253 948 461 1012 Argenti
485 951 620 998 color
644 959 721 999 est
743 952 871 1000 inter
895 952 1119 1000 convivia
1142 953 1271 1008 talis,

321 1026 468 1081 Quod
492 1034 681 1076 tactum
707 1029 884 1091 gelidae
910 1028 1090 1091 frigore
1116 1029 1271 1092 pallet
1295 1044 1455 1092 aquae.

1550 1033 1647 1075 220

257 1103 310 1150 Si
336 1120 416 1152 me
441 1121 572 1152 nunc
597 1105 782 1161 videas,
810 1106 965 1153 visam
991 1107 1127 1170 prius
1154 1123 1265 1154 esse
1290 1106 1525 1169 negabis:

320 1180 442 1229 Arte
468 1198 559 1229 nec
585 1190 677 1239 est,
704 1183 858 1239 dices,
886 1184 982 1231 ista
1005 1185 1222 1248 petenda
1247 1186 1390 1231 mea:

255 1257 597 1322 Promissique
623 1260 789 1315 fidem,
817 1276 878 1307 ne
905 1261 997 1306 sim
1024 1261 1113 1307 tibi
1133 1262 1325 1323 juncta,
1353 1260 1600 1315 remittes3

322 1335 386 1383 Et
411 1336 583 1400 cupies
609 1337 729 1384 illud
755 1354 852 1384 non
879 1338 1164 1385 meminisse
1192 1338 1368 1384 Deam.

257 1412 482 1459 Forsitan
507 1421 557 1460 et
581 1413 750 1469 facies,
772 1415 935 1477 jurem
961 1421 1015 1461 ut
1040 1415 1283 1461 contraria
1308 1430 1499 1469 rursus3
1549 1415 1646 1459 225

321 1488 551 1553 Quaeque
576 1490 755 1553 legam,
783 1491 950 1539 mittes
977 1491 1132 1539 altera
1155 1493 1307 1539 verba
1331 1491 1466 1537 mihi.

257 1567 357 1614 Sed
383 1573 550 1614 tamen
576 1569 861 1632 adspiceres
887 1570 1081 1625 vellem,
1110 1576 1258 1633 prout
1282 1569 1390 1632 ipse
1416 1568 1643 1630 rogabas,

323 1643 388 1690 Et
412 1644 575 1692 discas
601 1661 796 1708 sponsae
821 1646 1057 1707 languida
1082 1647 1305 1695 membra
1330 1653 1445 1692 tuae.

341 1864 448 1904 Λείχει
469 1866 532 1905 γὰρ
552 1865 679 1896 Χείλων
701 1868 765 1907 κᾴν
781 1868 834 1898 ἴσα
853 1869 915 1909 κςῖν

380 1924 492 1944 ανισα.

253 1961 349 2004 Apud
377 1962 558 1993 Martialem
587 1973 723 2005 quoque,
748 1972 779 1995 et
807 1964 916 1995 similis

252 2010 368 2042 ordinis
394 2011 581 2049 Poetastros,
606 2013 705 2043 obviae
736 2012 783 2044 hae
809 2024 913 2055 nugae.

252 2062 370 2092 Bumr.

294 2111 370 2142 213.
385 2111 464 2141 Sane.
478 2112 642 2141 miserabile
652 2111 785 2152 corpus]
797 2111 914 2147 Scribe,

252 2163 340 2192 Anne
354 2168 389 2191 ut
405 2162 570 2191 miserabile
592 2172 709 2201 corpus.
755 2161 806 2192 Sic
830 2161 914 2202 apud

252 2209 432 2241 Martialem
459 2209 514 2241 lib.
544 2222 573 2240 v.
600 2209 707 2252 Epigr.
731 2210 790 2241 ult.
838 2210 915 2241 Sane

251 2270 305 2303 pro
320 2260 362 2290 At
378 2270 414 2289 ne
428 2270 510 2290 nunc
530 2258 654 2300 legitur.
678 2259 731 2301 qui
747 2270 855 2290 naevus
868 2265 912 2289 to-

252 2317 317 2339 tum
334 2308 428 2339 ferme
443 2308 659 2349 epigrammati
672 2319 804 2339 acumen
820 2309 913 2340 inter-

250 2363 397 2389 verterat.
444 2358 618 2388 mesms.
665 2358 813 2389 Francius
828 2358 913 2399 lege-

250 2408 316 2444 bat,
332 2413 366 2437 vt
379 2413 461 2437 meet
475 2408 639 2437 miserabile
650 2418 768 2446 corpus.
793 2407 848 2437 sed
861 2406 911 2437 vix

251 2456 352 2487 audeo
366 2456 445 2486 illud
462 2455 539 2486 Sane
553 2466 688 2492 movere,
699 2467 771 2487 cum
787 2457 911 2497 elegan-

250 2512 296 2537 ter
311 2504 458 2536 inserviat
474 2505 599 2541 Ironiae,
617 2506 667 2536 vel
682 2506 722 2536 sit
735 2506 911 2536 conceden-

251 2556 290 2587 tis
327 2555 415 2597 quasi
450 2562 480 2585 et
517 2555 736 2596 permittentis.
767 2556 833 2586 vid.
872 2555 910 2585 ad

252 2604 376 2635 Phaedr.
392 2603 436 2634 iii.
452 2604 530 2634 Fal),
554 2605 605 2634 15.
623 2604 674 2634 ubi
698 2604 793 2635 etiam
813 2604 909 2634 Hein-

252 2654 314 2685 sius
329 2664 382 2694 pro
397 2665 477 2688 sane,
493 2666 531 2684 un
548 2654 730 2694 reponebat.

294 2703 369 2733 227.
400 2703 492 2733 Pwuc
511 2706 568 2743 ipse
590 2704 737 2743 rogabas]
766 2703 910 2733 Celeber-

985 1868 1080 1898 iimus
1096 1867 1258 1907 Bentlejus
1282 1866 1322 1896 ad
1339 1866 1447 1895 Horat.
1469 1864 1501 1894 ii.
1523 1866 1587 1894 Sat.
1606 1864 1647 1894 vi.

985 1916 1036 1947 67.
1052 1916 1136 1958 apud
1152 1915 1273 1946 nullum
1289 1915 1430 1949 Po'e‘tam,
1443 1923 1481 1944 ne
1493 1913 1647 1943 comicum

984 1965 1122 2006 quidem,
1145 1965 1202 1996 hoc
1216 1965 1346 1995 verbum
1361 1974 1394 1994 se
1410 1962 1523 2003 legisse
1539 1962 1647 1993 memi-

983 2014 1041 2049 nit,
1068 2025 1126 2045 nec
1148 2014 1182 2044 in
1202 2012 1332 2043 Horatio
1356 2011 1474 2054 patitur
1497 2011 1530 2041 in
1552 2020 1646 2041 unam

982 2063 1136 2104 syllabam
1171 2062 1359 2093 coalescere.
1397 2071 1436 2091 ex
1464 2059 1578 2090 Plauto
1615 2059 1647 2090 in

983 2112 1101 2143 Bacch.
1122 2112 1165 2142 iv.
1189 2111 1234 2142 ix.
1261 2113 1294 2147 5,
1324 2107 1550 2150 Lexicographi
1578 2107 1647 2139 lau·

983 2161 1070 2198 dant,
1086 2161 1140 2192 sed
1156 2160 1199 2192 ibi
1212 2166 1322 2200 praeut
1335 2157 1563 2190 emendatiores
1581 2157 1646 2188 edi—

983 2210 1082 2242 tiones
1098 2216 1180 2241 recte
1196 2209 1355 2240 exhibent.
1379 2214 1410 2239 et
1432 2217 1508 2238 sane
1523 2206 1576 2237 vix
1600 2212 1647 2238 to-

982 2260 1072 2290 lerari
1094 2259 1144 2290 hic
1159 2270 1248 2300 posse
1265 2258 1398 2294 videtur,
1414 2267 1487 2288 cum
1504 2255 1593 2286 nulla
1607 2255 1648 2287 sit

982 2309 1071 2345 ratio,
1089 2319 1159 2350 quae
1175 2307 1319 2344 suadeat,
1335 2312 1389 2338 aut
1403 2306 1535 2348 primam
1550 2305 1646 2347 sylla-

982 2359 1053 2388 bam
1080 2357 1203 2399 corripi,
1223 2362 1277 2388 aut
1292 2356 1370 2387 duas
1393 2355 1425 2386 in
1440 2365 1535 2386 unam
1552 2354 1646 2385 coire.

982 2408 1129 2438 Francius
1147 2408 1229 2438 velut
1252 2404 1424 2447 supposuit,
1439 2404 1494 2435 sed
1517 2403 1575 2434 hoc
1598 2410 1647 2435 est

981 2467 1035 2497 pro
1050 2456 1176 2487 arbitrio
1201 2455 1380 2486 emendare.
1405 2453 1538 2494 ideoque
1562 2452 1645 2483 malo

988 2506 1089 2536 Po'etae
1107 2505 1235 2546 ignobili
1262 2504 1343 2535 hanc
1365 2502 1570 2544 stribliginem
1587 2502 1642 2533 ad-

980 2555 1125 2585 scribere.
1148 2556 1243 2584 discus
1265 2553 1360 2583 etiam
1385 2553 1512 2584 membra
1536 2550 1644 2582 durius

980 2603 1099 2633 dictum
1117 2603 1249 2634 videtur.
1274 2602 1300 2632 si
1324 2613 1422 2633 noscas
1443 2600 1504 2642 legi
1528 2605 1641 2642 posset,

982 2653 1104 2684 mollius
1118 2660 1208 2684 esset.
1255 2652 1370 2683 Brun.

1050 2757 1116 2782 1'1',
