1849 3198
279 169 298 199 8
678 171 888 202 BENTLEII
910 171 1278 203 EMENDATIONES.

301 258 343 288 73
369 256 444 288 Tum
459 256 535 287 mihi
550 256 618 297 (vel
633 262 706 287 tunc
720 256 809 287 mihi.
852 256 965 295 MSS.)

302 311 343 340 75
667 310 692 341 si
707 309 800 341 modo
814 313 879 341 vivo
894 310 963 351 (vel
979 310 1082 349 vivit.)

299 364 342 394 86
365 363 445 400 Quis
459 364 528 400 scit,
545 373 585 394 an
599 363 667 394 haec
683 364 755 394 sceva
773 365 884 405 tigride
899 364 982 404 sylva
998 370 1093 395 vacet.

300 417 343 448 96
365 416 528 448 Destituor
541 418 654 448 rabidis
675 417 746 446 MS.
763 416 840 447 Rel.

282 470 343 500 104
667 480 751 512 saepe
765 471 876 500 relecta
890 480 1003 501 manus
1015 471 1021 499 !

281 523 344 553 ‘106
664 522 773 554 bellua
784 524 904 563 planxit
918 523 1061 559 humum,

280 576 343 606 110
366 574 450 611 Illic,
464 575 518 616 qui
533 576 654 612 silicem,

283 630 340 658 111
367 629 520 660 Crudeles
533 628 645 665 somni,
661 631 711 670 qui
725 640 775 660 me

284 682 345 712 115
369 682 536 722 Destraqae
551 681 697 718 crudelis,
713 683 764 722 qui
778 692 827 713 me
843 681 1031 723 fratremque
1046 683 1159 713 necdsti
1171 695 1179 711 :

284 735 347 765 116
372 735 444 769 Quae
460 734 535 765 data

284 788 345 818 120
368 787 437 818 Nec
452 798 522 819 mea
536 800 599 829 quae
615 790 719 831 digitis

284 841 346 871 126
369 840 450 872 Cum
466 841 589 872 steteris
603 844 697 872 turbae
711 842 814 873 celsus
828 842 861 873 in
876 853 926 873 ore
940 847 1017 878 tuae,

285 894 343 923 141
646 897 796 935 quodjam
811 897 939 932 cesserit,
957 895 1065 926 adoro.

283 948 345 978 143
369 948 430 978 Sed
445 959 481 979 ne
496 959 591 990 poena
607 949 746 990 quidem,
760 952 814 980 sim
828 961 890 980 non
904 960 962 991 ego
978 959 1074 980 causa
1088 949 1207 980 salutis.

366 1001 597 1043 Abjudicentur
610 1014 662 1033 vv.
680 1003 708 1039 1,
723 1004 764 1041 23
788 1004 840 1039 45,
857 1004 920 1041 463
944 1004 999 1039 85,
1013 1003 1074 1041 86;
1097 1003 1152 1039 95,
1171 1003 1233 1041 965
1260 1003 1330 1039 145,
1348 1003 1419 1038 146,
1439 1002 1511 1038 147,
1529 1001 1599 1032 148.

838 1120 1018 1158 EPIST.
1046 1121 1122 1157 XI.

333 1204 347 1232 1
375 1203 522 1244 [Forsan]
541 1204 573 1235 Si
585 1215 686 1244 parvae
701 1205 793 1235 caecis
807 1207 947 1236 eatabant
961 1205 1078 1247 scripta
1092 1205 1214 1244 lituris3

311 1257 351 1286 10
375 1256 528 1296 Specffiret
544 1257 635 1288 siccis

307 1308 349 1339 46
374 1310 528 1350 Plenaque
540 1309 687 1341 luciferos

305 1362 344 1391 61
673 1363 819 1394 Germani
835 1369 932 1406 nupta
947 1364 1052 1395 futura
1067 1374 1110 1395 es-

308 1415 349 1446 65
373 1415 458 1452 Quid
472 1417 545 1447 mihi
562 1416 718 1458 grataris‘!

308 1468 348 1498 77
672 1471 804 1501 tabentia
819 1469 887 1511 (vel
903 1470 1100 1512 languentia)
1117 1470 1259 1501 membra
1273 1469 1407 1501 videres.

307 1522 348 1551 80
372 1522 412 1552 Et
425 1522 477 1552 vix
493 1533 511 1553 a
525 1525 635 1553 miserae

307 1575 348 1605 89
671 1575 765 1606 silvas
780 1578 900 1607 immitis
916 1576 946 1607 in
962 1577 1052 1608 altas.

288 1629 350 1658 106
372 1630 490 1659 Amissae
505 1639 664 1660 memores.

288 1684 345 1713 111
498 1684 674 1712 rabidarum
689 1682 796 1724 praeda
811 1682 958 1715 ferarum.

414 1734 644 1777 Abjudicentur
659 1746 709 1765 vv.
727 1735 757 1771 l,
775 1736 807 1767 2.

831 1852 1009 1891 EPIST.
1041 1854 1139 1891 XII.

329 1939 349 1968 6
373 1935 510 1967 Produxi
524 1938 616 1965 vitam

310 1992 348 2021 16
671 2000 840 2029 cornuaque
854 2001 933 2020 unca
947 1990 1054 2026 boum,
1070 1991 1137 2032 (vel
1152 2002 1294 2032 armaque
1309 1992 1464 2032 adunca.)

309 2045 348 2074 17
671 2041 926 2081 totidem-jecisset
942 2048 973 2073 et
988 2043 1109 2074 hostes:

308 2098 349 2127 29
373 2097 492 2135 Accipis
505 2096 529 2125 si
545 2094 677 2135 hospitio
693 2094 760 2135 (vel
775 2097 884 2135 accipis
898 2095 1048 2137 hospitio)

308 2151 350 2180 53
374 2150 478 2186 Quam
494 2147 551 2178 tibi
567 2153 640 2178 tunc
653 2147 745 2188 longe

308 2203 349 2233 54
672 2205 745 2230 nata
761 2201 904 2231 Creontis
919 2203 1008 2231 erat?

308 2255 349 2285 63
673 2254 852 2293 adversaque
868 2253 899 2284 in
915 2264 968 2284 ora
977 2254 1134 2296 jacentem

308 2308 348 2338 65
629 2305 707 2346 petit
723 2306 831 2342 altera,
847 2312 879 2337 et
893 2308 972 2338 alter
987 2309 1119 2339 habebat.

310 2361 350 2391 69
373 2360 451 2391 Sunt
466 2359 497 2388 in
510 2357 748 2399 eo,fuerintque
763 2358 829 2395 diu,

310 2415 351 2444 75
668 2412 759 2452 juvet
774 2415 830 2443 ista
845 2420 982 2454 potestas
994 2427 1002 2453 3

311 2467 352 2496 80
376 2466 436 2495 Per
450 2475 642 2504 quoscumque
657 2464 733 2494 alios

313 2519 351 2549 87
377 2516 513 2549 Conscia
527 2519 581 2547 scit
597 2518 693 2552 Juno,

312 2572 354 2601 92
378 2571 410 2600 Si
427 2569 487 2600 cito

311 2625 352 2654 93
376 2621 488 2663 Jungis
503 2624 658 2661 aenipedes

293 2678 349 2707 101
378 2676 499 2715 Insopor
513 2685 586 2706 ecce
602 2677 688 2717 vigil,
703 2677 883 2717 squammis,
899 2684 959 2710 etc.
978 2679 1030 2719 [ut
1044 2681 1234 2721 Puteanus.]
