1849 3198
624 194 968 237 HEROIDES.
1002 196 1094 238 ΕΡ.
1131 197 1266 239 XVI.

1555 202 1640 243 209

252 309 441 372 Magna
465 309 666 373 quidem
691 310 754 357 de
779 317 828 357 te
854 326 1018 359 rumor
1042 314 1288 376 praeconia
1312 315 1444 372 fecit,

318 387 569 451 Nullaque
593 388 656 434 de
680 387 805 434 facie
831 389 1000 436 nescia
1023 397 1153 438 terra
1176 399 1263 439 tua
1286 400 1378 449 est,

1542 397 1634 441 140

253 464 361 513 Nec
387 466 476 512 tibi
501 481 590 529 par
614 481 828 528 usquam
854 465 1092 530 Phrygia,
1120 485 1211 515 nec
1241 469 1371 516 Solis
1397 471 1458 518 ab
1484 478 1594 518 ortu

317 542 454 589 Inter
476 542 714 589 formosas
742 543 897 590 altera
920 561 1100 592 nomen
1124 546 1292 593 habet.

252 619 428 667 Credis
454 627 504 667 et
527 620 621 666 hoc
648 620 826 667 nobis?
863 621 1022 668 minor
1047 629 1123 669 est
1146 629 1233 669 tua
1256 624 1411 685 gloria
1434 641 1547 672 vero
1571 643 1581 673 :

317 697 570 760 Famaque
596 697 658 743 de
682 696 841 744 forma
864 714 992 761 pene
1018 699 1236 761 maligna
1258 707 1345 746 tua
1368 708 1460 748 est.

248 774 372 821 Plus
397 775 476 821 hic
502 774 711 829 invenio,
741 791 893 837 quam
920 776 1054 838 quod
1082 777 1362 840 promiserit
1386 778 1496 825 illa:
1543 781 1632 825 145

317 852 383 898 Et
405 860 490 899 tua
514 852 722 899 materia
746 852 901 914 gloria
924 853 1056 900 victa
1081 870 1171 900 sua
1195 861 1287 901 est.

248 928 380 991 Ergo
405 929 524 976 arsit
548 929 737 984 merito,
762 930 847 992 qui
875 938 1076 977 noverat
1101 932 1280 987 omnia,
1308 931 1561 980 Theseus:

314 1005 381 1053 Et
403 1007 508 1053 visa
532 1022 584 1053 es
610 1013 747 1052 tanto
773 1007 924 1067 (ligna
949 1008 1119 1071 rapina
1142 1008 1243 1054 viro
1266 1026 1276 1056 ς

248 1083 390 1130 More
415 1090 511 1130 tuae
538 1083 698 1145 gentis
724 1083 880 1130 nitida
905 1084 1024 1130 dum
1050 1085 1183 1132 nuda
1206 1087 1437 1149 palaestra

315 1160 495 1218 Ludis;
537 1168 587 1207 et
611 1177 663 1207 es
689 1160 834 1206 nudis
860 1160 1044 1208 femina
1068 1162 1227 1209 mixta
1248 1163 1380 1210 viris.

245 1321 319 1342 casu
349 1316 458 1352 quarto
494 1311 672 1352 frequenter
709 1311 905 1352 conjunxisse

244 1359 313 1390 loco
329 1360 420 1391 sexti.
437 1361 581 1403 exempla
592 1360 707 1402 passim
720 1366 792 1390 sunt
803 1360 906 1392 obvia.

245 1409 419 1441 mesms.
466 1409 618 1441 Defendit
632 1420 756 1451 quoque
772 1416 803 1440 et
817 1409 905 1440 illus-

244 1465 306 1490 trat
328 1459 408 1490 hanc
438 1459 628 1490 locutionem
649 1459 906 1500 diligentissimus

245 1508 439 1539 Passeratius
455 1509 494 1539 ad
510 1507 662 1550 Propertii
677 1508 733 1538 lib.
750 1508 795 1538 iii.
813 1508 903 1549 Eleg.

244 1557 288 1588 ix.
303 1557 335 1588 in
348 1558 419 1589 fine.
436 1564 467 1589 et
481 1563 578 1589 recte.
618 1558 738 1588 Futura
755 1558 835 1595 enim
850 1568 904 1599 pro

245 1615 374 1639 ventura
397 1608 493 1639 (lebet
517 1607 597 1649 capi,
623 1613 658 1638 ut
685 1607 717 1637 in
739 1607 795 1638 illa
817 1607 902 1638 locu-

244 1658 328 1688 tione
345 1658 428 1700 apud
443 1659 573 1688 Sueton.
591 1667 662 1698 cap.
677 1657 741 1687 xvi.
780 1656 819 1686 In
835 1668 903 1687 con-

243 1715 374 1748 spectum
386 1709 498 1750 suisse,
528 1714 562 1738 ut
584 1713 667 1737 recte
698 1707 903 1737 Casaubonus

245 1758 381 1788 restituit
401 1769 455 1800 pro
476 1759 596 1788 venisse.
623 1762 654 1787 et
669 1756 797 1787 Medius
819 1756 903 1798 apud

246 1807 336 1838 Curt.
360 1808 402 1838 vi.
419 1810 451 1839 5.
481 1807 521 1837 Ut
540 1809 672 1846 primum
702 1818 748 1837 res
777 1808 808 1836 in
831 1818 902 1836 con-

244 1863 373 1896 spectum
386 1857 470 1899 suit.
495 1856 539 1887 sic
562 1856 645 1886 idem
673 1855 763 1886 Curt.
794 1855 839 1885 iii.
871 1858 903 1886 5.

246 1907 376 1936 Darium
390 1908 472 1936 intra
483 1908 621 1946 quintum
632 1907 708 1935 diem
722 1907 753 1934 in
767 1904 903 1934 Cilicium

234 1956 318 1997 fore.
340 1956 444 1986 Cicer.
472 1967 524 1985 xv.
549 1953 588 1985 ad
608 1953 678 1984 Att.
696 1955 726 1984 4.
763 1954 829 1988 Quo
856 1956 905 1985 die

246 2007 277 2035 in
304 2005 507 2035 Tusculanum
529 2015 607 2033 erum
621 2004 769 2044 surtariis:
793 2003 825 2033 in
847 2005 903 2033 ‹lu—

246 2056 325 2084 bium
348 2064 420 2084 vero
444 2055 556 2087 venire,
574 2051 613 2082 de
632 2051 761 2093 judiciis
782 2052 903 2093 proprie

245 2102 371 2134 dicitur.
395 2103 439 2133 ita
460 2101 616 2139 Quinctil.
641 2101 734 2131 Decl.
758 2100 901 2131 cccxviii.

246 2153 294 2183 Ne
305 2155 362 2193 jus
384 2154 501 2192 quidem
515 2152 638 2181 dubium
652 2157 728 2187 erat,
744 2152 830 2181 etium
848 2163 902 2181 αη-

244 2209 359 2243 tequam
384 2204 511 2233 venirem
529 2203 561 2231 in
581 2202 717 2231 dubium.
742 2200 795 2231 ubi
819 2200 900 2231 vide.

244 2253 363 2283 Brun.

292 2302 362 2331 141.
382 2301 444 2331 Nec
461 2302 513 2330 tibi
526 2311 584 2339 par
596 2311 714 2339 usquam
733 2300 901 2340 Phrygias]

244 2352 340 2392 Lego,
371 2351 517 2391 Phrygia,
541 2350 598 2380 hoc
626 2356 672 2380 est
696 2350 726 2380 in
756 2349 903 2391 Phrygia.

245 2401 328 2431 Ante
340 2399 687 2441 Phrygiamlegebatur.
704 2399 796 2436 Quod
806 2398 902 2440 irnpe-

245 2449 388 2481 ritissime
405 2448 545 2479 defendit
561 2448 599 2479 ad
613 2448 722 2478 Silium
736 2448 902 2489 Dausque-

240 2499 306 2541 jus.
322 2511 354 2541 p.
371 2500 448 2529 231.
477 2498 605 2539 Usquam
618 2498 759 2539 Phrygiae
775 2498 902 2538 Nauge-

244 2548 281 2578 rii
297 2548 475 2590 conjectura
489 2554 546 2578 est.
582 2547 643 2578 Sed
660 2547 709 2577 vix
724 2547 902 2589 persuadet,

244 2608 368 2638 usquam
386 2597 538 2639 Phrygia,
555 2601 587 2627 ut
613 2608 737 2637 usquam
762 2598 902 2633 Iocorum,

245 2646 355 2677 Latine
371 2657 459 2688 posse
474 2645 548 2677 dici.
579 2646 656 2677 sorte
672 2645 767 2677 etiam
781 2645 902 2681 melius,

242 2697 338 2734 primo
366 2707 418 2726 nec
447 2697 512 2726 solis
537 2697 573 2726 ab
603 2702 682 2726 ortu.
728 2695 902 2726 mesns.

248 2745 394 2776 Francius
428 2745 619 2787 conjecerat:
661 2745 723 2775 Pur
757 2746 835 2775 omni
872 2747 903 2774 in

292 2799 392 2830 VOL.
409 2799 438 2830 Ι.

1541 1165 1634 1209 150

976 1312 1132 1354 Phrygum
1157 1324 1228 1354 ego,
1247 1326 1367 1353 usquam
1383 1313 1532 1355 Phrygia,
1552 1318 1636 1343 recte

973 1361 1035 1402 legi
1050 1361 1100 1391 hic
1116 1369 1210 1403 pu103
1226 1363 1320 1393 debet
1332 1362 1414 1393 enim
1428 1361 1604 1404 praepositio
1616 1374 1635 1392 a

973 1411 1071 1452 repeti
1084 1412 1326 1452 asequentibus.
1342 1418 1375 1442 ut
1387 1411 1487 1453 Epist.
1497 1410 1540 1441 vi.
1558 1411 1633 1441 107.

1017 1460 1078 1491 illa
1103 1463 1157 1491 sibi
1177 1461 1283 1497 Tanai,
1310 1462 1492 1503 Scythiaeque
1511 1461 1634 1501 paludi-

1100 1512 1151 1541 bus
1168 1513 1232 1542 miae

1059 1560 1193 1597 Qum-at,
1210 1568 1238 1591 et
1255 1573 1273 1591 a
1292 1562 1396 1600 putria
1420 1561 1564 1591 Phasidos
1583 1571 1632 1590 us-

1098 1621 1153 1649 que
1168 1613 1277 1641 cirum.

970 1658 991 1688 i.
1006 1658 1076 1689 Art.
1093 1658 1168 1689 Am.
1188 1660 1264 1690 723.

1227 1710 1366 1750 *Equoris
1379 1711 1463 1740 unda

960 1767 972 1792 ,⁸
1016 1758 1120 1794 Debet,
1135 1766 1163 1789 et
1178 1772 1195 1789 α
1212 1761 1306 1790 radiis
1317 1761 1422 1790 sideris
1436 1770 1492 1790 esse
1508 1761 1608 1801 niger.

972 1807 1027 1838 xii.
1044 1808 1167 1838 Metam
1185 1810 1257 1840 125.

1016 1857 1102 1893 Inde,
1116 1860 1195 1888 refut
1210 1870 1294 1889 muro
1307 1860 1437 1889 solidare
1451 1871 1469 1889 a
1485 1865 1572 1888 caute
1588 1869 1634 1888 re-

1055 1908 1143 1945 pulsa
1158 1913 1210 1937 est.
1469 1908 1588 1938 Bonna.

1018 1956 1090 1986 149.
1117 1956 1201 1986 More
1227 1963 1284 1987 lua’
1307 1958 1406 1998 gentis
1432 1958 1531 1987 nitida
1559 1958 1632 1987 dum

974 2006 1055 2034 nuda
1065 2006 1204 2044 pulaestra
1221 2005 1324 2041 Ludis,
1337 2012 1363 2035 et
1379 2016 1406 2036 es
1421 2006 1632 2047 nudisfemina

973 2055 1057 2083 mista
1073 2054 1174 2094 viris]
1202 2053 1385 2094 Virginibus
1408 2054 1549 2085 Lacaenis
1566 2060 1631 2085 stu-

971 2102 1022 2133 dio
1038 2103 1097 2133 fuit
1110 2103 1267 2145 palaestra.
1305 2103 1408 2134 Cicer.
1422 2103 1477 2135 lib.
1495 2103 1528 2134 ii.
1546 2104 1629 2146 disp.

970 2152 1097 2183 Tuscul.
1113 2158 1143 2183 et
1165 2153 1231 2183 alii.
1272 2153 1454 2184 Cromxcs.
1503 2154 1632 2184 Madida

970 2202 1124 2239 Scriverii‚
1141 2214 1208 2244 quae
1227 2209 1273 2233 est
1296 2203 1410 2244 glossa.
1432 2203 1486 2234 sed
1503 2205 1632 2234 nitidum

971 2253 1090 2294 proprie
1103 2252 1192 2288 dixit,
1203 2252 1278 2293 quia
1293 2252 1460 2284 luctatores
1471 2253 1539 2283 oleo
1551 2253 1630 2284 nite-

971 2302 1058 2332 bant.
1074 2301 1131 2332 lib.
1148 2313 1178 2332 v.
1202 2302 1286 2331 Fast.
1303 2302 1379 2332 667.

1014 2351 1095 2382 Laete
1110 2352 1183 2391 [μναῖ
1202 2352 1304 2390 pulsu,
1321 2352 1419 2381 nilida
1433 2363 1544 2392 quoque
1568 2353 1632 2383 loete

1053 2402 1207 2440 paloestru.

970 2450 1011 2479 Et
1026 2449 1136 2480 Horat.
1154 2449 1186 2479 ii.
1205 2449 1268 2480 nd.
1290 2450 1339 2479 12.
1367 2449 1488 2479 Nitidas
1500 2450 1629 2487 puellas,

970 2505 1060 2530 vocat
1075 2500 1142 2530 oleo
1157 2499 1296 2541 perfusas
1311 2511 1318 2536 3
1345 2505 1376 2529 et
1392 2499 1513 2529 Auson.
1532 2499 1632 2539 Epist.

971 2548 1038 2579 xiii.

1016 2598 1129 2628 Nitida
1145 2599 1222 2628 cutis
1236 2599 1502 2637 urtctcijztt·entus.

972 2647 1011 2677 Et
1025 2647 1106 2677 Stat.
1123 2658 1154 2677 x.
1170 2646 1272 2677 Theb.
1289 2647 1362 2677 496.

1059 2695 1158 2725 Nitidi
1174 2697 1299 2725 moriens
1313 2705 1436 2726 convena
1451 2695 1588 2735 magistri

1018 2744 1158 2784 Respicis.
