1849 3198
621 227 962 270 HEROIDES.
995 227 1087 268 ΕΡ.
1121 226 1211 269 ΙΧ.

1519 231 1600 272 121

225 344 325 391 Dat
347 345 535 391 vultum
559 343 743 408 populo
768 342 979 390 sublime
1004 342 1096 389 sub
1123 341 1338 390 Hercule
1363 343 1519 392 victo:

291 421 567 469 OEchaliam
590 421 698 468 vivo
723 427 853 468 stare
877 426 1080 484 parente
1104 426 1265 483 putes.

1507 424 1598 469 130

224 497 447 545 Forsitan
471 505 536 554 et,
563 498 705 562 pulsa
728 497 944 544 AEtolide
970 495 1220 551 Deianira,

290 574 502 622 Nomine
527 575 752 639 deposito
776 574 982 639 pelliciS,
1010 589 1135 620 uxor
1160 573 1278 621 erit:

223 650 592 716 Eurytidosque
618 651 763 708 Ioles,
791 659 941 716 atque
965 651 1123 699 insani
1147 650 1336 698 Alcidae

288 728 472 793 Turpia
494 729 711 776 famosus
736 744 941 793 corpora
957 729 1136 792 junget
1160 726 1378 791 Hymen.

224 804 370 853 Mens
394 805 520 869 sugit
543 806 813 862 admonitu,
840 805 1095 868 frigusque
1113 805 1423 868 perambulat
1447 813 1597 865 artus,

289 881 356 930 Et
371 884 508 946 jacet
531 883 581 930 in
605 883 789 946 gremio
814 882 1048 946 languida
1070 882 1200 930 facta
1223 899 1414 930 manus.

1508 888 1598 933 136

223 959 310 1007 Me
357 976 558 1024 quoque
604 977 717 1008 cum
754 960 938 1016 multis,
983 960 1071 1007 sed
1111 976 1191 1007 me
1233 960 1338 1008 sine
1379 961 1597 1019 crimine,

291 1036 370 1084 Ne
394 1037 577 1100 pigeat,
603 1054 782 1102 pugnae
808 1037 884 1085 bis
909 1037 999 1085 tibi
1024 1053 1201 1085 caussa
1223 1037 1308 1085 fui.
1371 1039 1596 1101 [amastiz

225 1113 424 1161 Cornua
447 1115 569 1162 flens
594 1116 714 1178 legit
738 1114 855 1179 ripis
881 1114 1130 1162 Achelous
1155 1115 1204 1161 in
1229 1114 1355 1171 udis,

289 1189 583 1255 Truncaque
607 1192 782 1238 limosa
805 1198 1028 1255 tempora
1050 1192 1220 1239 mersit
1245 1208 1390 1255 aqua.

1508 1196 1599 1240 140

228 1266 435 1314 Semivir
459 1269 692 1316 occubuit
716 1270 765 1315 in
788 1268 978 1315 letifero
1006 1267 1175 1315 Eveno

292 1344 483 1392 Nessus
504 1364 514 1403 ;
555 1352 605 1393 et
628 1345 796 1393 infecit
821 1345 1019 1408 sanguis
1045 1345 1254 1408 equinus
1280 1361 1451 1408 aquas.

224 1488 346 1526 decent,
362 1489 492 1521 indicat.
507 1491 551 1521 ita
566 1491 676 1522 Horat.
692 1491 724 1522 ii.
751 1492 817 1522 Sat.
831 1491 876 1522 iii.

226 1539 318 1570 1803.

267 1588 364 1619 Latus
378 1595 412 1619 ut
428 1590 460 1619 ‘in
475 1590 553 1619 circo
567 1591 704 1629 spatiere.

225 1638 288 1669 Ubi
303 1638 418 1669 nollem
436 1639 536 1669 virum
558 1639 769 1671 doctissimum
791 1641 878 1671 Mas-

223 1687 343 1718 sonium
358 1687 388 1718 in
401 1688 465 1719 vita
475 1688 595 1719 Horatii
609 1700 680 1731 pag.
697 1691 767 1720 135.
784 1691 877 1719 lutum

223 1747 278 1778 pro
300 1744 414 1768 vectum
436 1748 557 1779 capere,
573 1739 661 1780 quasi
682 1738 878 1781 participium

223 1792 304 1816 esset
319 1787 431 1828 afero.
457 1787 539 1828 quod
560 1798 660 1829 neque
683 1790 729 1829 τῷ
755 1790 879 1828 spatiere

224 1836 380 1872 convenit,
405 1846 506 1877 neque
534 1836 641 1879 Ampl.
670 1837 811 1879 Cuperus
841 1837 879 1869 de

224 1882 282 1914 hoc
303 1883 372 1915 loco
395 1895 517 1915 mecum
533 1896 637 1926 agens,
653 1897 758 1917 verum
773 1886 879 1917 crede-

224 1932 279 1962 bat
298 1932 452 1963 Praetoriis
467 1944 537 1964 eum
553 1934 698 1965 honorem
719 1935 879 1972 tributum,

225 1987 259 2011 ut
288 1992 378 2012 curru
403 1982 514 2023 insigni
543 1989 574 2013 et
600 1994 679 2025 pene
702 1984 880 2025 triumphali

226 2030 423 2062 veherentur.
448 2032 500 2062 sed
518 2034 596 2063 latus
610 2035 735 2072 spatiere
749 2039 795 2063 est
810 2044 880 2063 cum

226 2090 351 2121 pompa,
376 2080 468 2116 fastu,
493 2081 595 2122 qualis
618 2086 684 2112 erat
708 2082 821 2112 Menas
843 2081 879 2112 li-

226 2128 331 2158 bertus
346 2129 496 2171 Pompeji,
517 2129 571 2171 qui
594 2141 712 2161 sacram
732 2130 897 2162 metieba-.

227 2182 275 2207 tur
292 2177 373 2208 viam
388 2189 458 2208 cum
471 2179 518 2209 his
532 2179 624 2210 trium
639 2179 780 2210 ulnarum
796 2185 879 2221 toga.

228 2226 337 2257 Horat.
356 2228 455 2269 Epod.
469 2228 512 2258 iv.
558 2229 674 2259 Bunm.

273 2277 343 2307 129.
369 2278 431 2307 Dat
454 2279 567 2308 vultum
581 2280 686 2318 pupulo
702 2280 832 2308 sublimis
846 2286 880 2309 ut

230 2325 361 2356 Hercule
382 2328 489 2367 vienn]
523 2327 652 2357 Sublime
676 2330 728 2357 sub
752 2328 883 2359 Hercule

228 2377 302 2404 victo
312 2380 487 2406 constanter
498 2376 613 2418 scripti.
638 2376 753 2407 Nescio
767 2383 881 2413 tamen,

228 2435 268 2454 an
292 2434 353 2454 non
378 2425 502 2461 rectius,
532 2427 663 2456 sublimis
685 2429 720 2456 ah
749 2427 882 2457 Hercule

228 2476 314 2510 ricto,
348 2485 385 2504 ex
420 2475 627 2505 monteliano.
664 2475 772 2506 similis
801 2488 882 2506 error

229 2523 311 2564 apud
338 2523 392 2553 Sil.
419 2524 459 2554 xi.
484 2525 559 2555 246.
584 2525 635 2555 ubi
658 2536 711 2566 pro
734 2528 882 2566 victorque

229 2574 355 2603 immane
379 2574 431 2603 sub
460 2575 506 2603 ira
533 2574 711 2616 iusi-ernulfi
737 2574 882 2605 Heinsius

230 2621 368 2652 rescribit
382 2623 516 2652 immanis
530 2624 567 2653 ab
591 2625 648 2653 ira.
688 2624 831 2654 Macrob.
848 2623 882 2654 ii.

231 2671 260 2701 4.
305 2670 443 2702 Sublimis
462 2672 586 2703 Actiaca
608 2675 731 2704 victoria
756 2680 882 2704 reverte·

232 2721 330 2750 batur.
375 2721 418 2751 Ab
435 2727 537 2752 autem
554 2721 603 2753 hic
624 2734 678 2764 pro
699 2724 743 2758 ab,
764 2729 883 2762 propter

231 2769 372 2801 sumitur.
397 2770 460 2801 vid.
478 2771 574 2802 Gron.
599 2771 637 2802 ad
662 2773 773 2802 Senec.
798 2772 820 2802 i.
845 2772 882 2801 de

946 1489 1102 1521 Clement.
1120 1490 1172 1520 20.
1196 1488 1302 1519 Livius
1316 1488 1360 1519 iii.
1383 1490 1436 1520 61.
1463 1489 1601 1521 Fer-ocior

945 1541 981 1570 ab
995 1551 1027 1570 re.
1041 1541 1110 1570 bene
1121 1545 1216 1581 gesta.
1269 1539 1387 1569 Banu.

991 1589 1061 1619 135.
1086 1587 1282 1629 Frigus-qua]
1304 1587 1455 1618 Mendose
1472 1587 1521 1619 hic
1538 1590 1600 1620 Pu-

945 1638 1281 1679 teaneusfrigidosque.
1314 1636 1422 1677 Frigus
1437 1643 1483 1667 est
1497 1638 1603 1669 mortis

946 1686 1089 1717 instantis
1103 1685 1266 1717 indicium.
1291 1685 1335 1716 ita
1350 1686 1393 1717 iii.
1409 1686 1518 1718 Amor.
1535 1687 1600 1718 xiv.

945 1736 999 1765 37.

948 1784 1033 1814 Mens
1044 1784 1104 1813 abit
1118 1782 1294 1824 (velsugit)
1308 1789 1335 1813 et
1344 1785 1462 1815 morior.
1486 1785 1602 1816 Bnmz.

992 1834 1061 1864 139.
1078 1833 1202 1872 Rczpidis
1215 1833 1358 1863 Achelous
1371 1835 1401 1863 in
1411 1833 1530 1874 undis]
1546 1834 1601 1864 Ri-

943 1883 989 1920 ]ηέ
1000 1883 1142 1911 Achelous
1157 1883 1189 1911 in
1202 1882 1265 1911 imis
1276 1882 1463 1912 Puteaneus.
1479 1881 1534 1912 sed
1547 1893 1603 1924 pro

946 1932 1011 1960 imis
1025 1929 1111 1960 aliud
1123 1928 1197 1970 quid
1210 1940 1331 1960 amanu
1342 1929 1440 1971 prima
1454 1930 1603 1973 scripturn

947 1979 1110 2010 videbatur
1146 1978 1250 2009 fuisse.
1300 1979 1536 2020 Argentinensis
1572 1986 1604 2011 et

948 2028 1036 2064 alius,
1052 2038 1144 2069 quem
1160 2038 1178 2058 a
1189 2028 1238 2058 Cl.
1252 2028 1294 2058 V.
1318 2029 1438 2058 Jacobo
1450 2028 1604 2060 Mentelio

947 2078 1063 2108 donum
1080 2077 1198 2118 accepi,
1213 2079 1286 2116 ripis
1308 2079 1384 2108 udis.
1408 2088 1469 2119 quo
1493 2077 1605 2110 alludit

948 2131 980 2157 et
1002 2127 1025 2157 F
1028 2125 1206 2157 arnesianus
1230 2138 1320 2163 unus,
1343 2127 1395 2168 qui
1418 2129 1490 2167 ripis
1515 2130 1605 2159 undis

948 2176 1054 2207 habet.
1098 2176 1135 2206 In
1151 2175 1218 2217 ripa
1233 2176 1315 2206 enim
1330 2176 1488 2207 Achelous
1503 2177 1603 2207 flumi-

948 2226 1006 2262 nis,
1023 2236 1083 2256 non
1098 2225 1129 2256 in
1144 2225 1210 2267 ipso
1225 2225 1351 2256 flumine
1374 2236 1445 2256 cum
1468 2227 1603 2257 Hercule

949 2282 995 2306 est
1014 2275 1161 2305 luctatus.
1207 2274 1286 2305 Inms
1303 2275 1437 2306 Nasonis
1459 2275 1515 2306 hoc
1537 2276 1604 2306 loco

950 2327 1029 2364 ripas
1061 2325 1220 2355 confirmat
1256 2323 1371 2355 Boeth.
1409 2325 1448 2356 de
1477 2326 1603 2356 Consol.

950 2374 1066 2404 Philos.
1080 2374 1134 2404 lib.
1151 2373 1191 2404 iv.
1208 2374 1313 2404 Carm.
1329 2373 1380 2405 vii.

993 2423 1102 2453 Fronte
1118 2429 1256 2462 turpatus
1271 2423 1415 2453 Achelous
1431 2424 1495 2451 imis

993 2472 1053 2501 Ora
1069 2473 1204 2502 (Iemersr't
1217 2473 1393 2510 pudibunda
1407 2473 1493 2510 ripis.

950 2522 1094 2551 Achelous
1120 2533 1185 2550 amn
1193 2522 1225 2556 is,
1248 2531 1407 2562 perperam
1434 2531 1514 2551 nunc
1539 2520 1603 2551 illic

949 2578 1007 2608 loci
1019 2577 1241 2608 circumfertur.
1257 2576 1554 2608 Stat.'l'hebai‹l.lib.
1564 2576 1604 2607 iv.

994 2628 1096 2657 Amnis
1110 2627 1207 2657 adhuc
1222 2628 1287 2657 imis
1302 2628 1347 2657 vir
1362 2633 1500 2657 truncam
1516 2628 1604 2656 attol-

1036 2677 1094 2706 lere
1099 2675 1237 2717 frontem

995 2726 1091 2755 Ausus
1105 2726 1201 2765 aquis.
1443 2725 1560 2755 Hmss.

997 2775 1066 2804 141.
1093 2774 1126 2803 Vi
1148 2773 1361 2814 Leruffernque
1376 2773 1510 2812 venerim]
1535 2773 1604 2803 Me—
