1849 3198
603 193 948 236 HEROIDES.
984 193 1076 235 ΕΡ.
1111 193 1257 237 XXI.
1545 196 1631 237 289

234 311 429 373 Cogere
454 325 542 357 cur
567 310 749 373 potius,
777 323 929 372 quam
954 309 1270 372 persuadere,
1297 310 1515 366 volebaS,

304 387 356 434 Si
383 394 606 451 poteram
632 386 802 434 audita
825 386 1112 434 conditione
1137 388 1284 451 capi?

234 463 369 518 Quid
393 465 483 511 tibi
508 480 639 511 nunc
665 463 870 527 prodest
886 463 1089 526 jurandi
1113 463 1322 511 formula
1339 465 1482 527 juris,

301 540 594 604 Linguaque
618 547 916 604 praesentem
940 541 1208 588 testificata
1234 541 1428 589 Deum?

233 616 358 672 Quae
377 619 528 680 jurat,
555 634 696 665 mens
722 625 826 665 est:
865 617 934 664 nil
959 618 1324 681 conjuravimus
1349 619 1464 677 illim
1534 623 1623 667 135

300 693 393 741 Illa
416 694 566 742 fidem
591 694 737 741 dictis
763 694 946 742 addere
971 694 1078 741 sola
1101 702 1284 759 potest.

233 770 511 818 Consilium
537 771 859 835 prudensque
884 770 1033 818 animi
1059 772 1309 819 sententia
1327 774 1477 836 jurat,

302 847 368 895 Et
392 849 484 895 nisi
504 848 682 911 judicii
701 848 900 895 vincula
923 849 1060 896 nulla
1081 850 1263 897 valent.

233 924 289 971 Si
313 925 403 971 tibi
429 924 716 987 conjugium
735 925 865 971 volui
890 925 1178 988 promittere
1203 932 1455 984 nostrum3

301 1001 463 1064 Exige
488 1002 697 1066 polliciti
721 1002 892 1049 debita
909 1003 1025 1065 jura
1048 1003 1141 1050 tori
1161 1020 1170 1051 :
1533 1007 1624 1051 140

235 1079 337 1126 Sed
362 1081 401 1127 si
428 1081 497 1126 nil
519 1080 765 1135 dedimus,
793 1087 974 1143 praeter
998 1080 1105 1128 sine
1130 1087 1333 1144 pectore
1358 1097 1559 1139 vocem;

298 1156 467 1204 Verba
491 1157 592 1203 suis
617 1156 798 1204 frustra
821 1157 1006 1204 viribus
1032 1158 1160 1204 orba·
1176 1164 1333 1205 tenes.

237 1234 352 1282 Non
377 1251 469 1297 ego
489 1235 679 1297 juravi:
719 1235 817 1297 legi
836 1235 1058 1298 jurantia
1081 1235 1248 1282 verba.

299 1311 387 1358 Vir
412 1312 531 1359 mihi
557 1329 655 1360 non
681 1312 775 1359 isto
801 1328 936 1360 more
961 1313 1205 1376 legendus
1231 1329 1357 1360 eras.

236 1389 426 1453 Decipe
451 1389 521 1436 sic
548 1389 698 1437 alias:
738 1390 978 1437 succedat
1002 1390 1214 1454 epistola
1238 1406 1403 1453 pomo.
1534 1394 1624 1437 145

303 1467 357 1513 Si
380 1467 513 1514 valet
536 1467 659 1525 hoc;
700 1484 905 1530 magnas
931 1468 1095 1514 divitis
1121 1466 1259 1514 aufer
1279 1484 1415 1531 opes.

236 1543 352 1599 Fac,
373 1545 544 1607 jurent
569 1544 737 1607 Reges
764 1561 854 1591 sua
879 1561 932 1592 se
956 1544 1047 1591 tibi
1073 1560 1227 1607 regna
1250 1545 1481 1601 daturos3

303 1621 482 1684 Sitque
505 1628 662 1676 tuum,
689 1629 793 1669 toto
819 1622 1065 1686 quidquid
1091 1622 1139 1668 in
1165 1622 1284 1669 orbe
1308 1623 1490 1685 placet.

238 1697 400 1761 Major
423 1715 476 1745 es
502 1699 594 1745 hac
621 1699 732 1762 ipsa
758 1700 914 1747 multo
941 1699 1084 1762 (mihi
1109 1690 1492 1759 credeJDiana,

305 1775 359 1822 Si
378 1782 466 1822 tua
488 1782 591 1822 tam
615 1791 836 1838 praesens
860 1776 1003 1823 litera
1027 1793 1210 1823 numen
1235 1777 1403 1823 habet.
1538 1780 1628 1823 150

233 1852 367 1899 Cum
392 1860 559 1900 tamen
583 1854 692 1900 haec
717 1854 837 1909 dixi,
864 1870 978 1900 cum
1003 1869 1083 1900 me
1108 1853 1198 1899 tibi
1224 1852 1365 1899 firma
1389 1854 1581 1916 negavi,

303 1929 434 1976 Cum
458 1931 587 1978 bene
609 1931 838 1994 promissi
863 1947 1042 1978 caussa
1065 1937 1268 1995 peracta
1293 1931 1389 1978 mei
1416 1938 1520 1985 est;

237 2007 508 2063 Confiteor,
535 2007 685 2054 timeo
711 2024 854 2054 saevae
882 2007 1116 2055 Latoidos
1142 2008 1292 2055 iram:

305 2083 372 2131 Et
395 2100 576 2147 corpus
601 2085 714 2131 laedi
740 2085 966 2148 suspicor
991 2085 1105 2132 inde
1131 2100 1315 2131 meum.

239 2160 369 2208 Nam
396 2177 565 2224 quare,
593 2161 788 2224 quoties
814 2162 1016 2209 socialia
1039 2176 1180 2209 sacra
1204 2168 1455 2225 parantur,
1536 2164 1626 2208 155

306 2237 550 2301 Nupturae
575 2238 722 2286 toties
747 2239 982 2302 languida
1006 2240 1229 2287 membra
1253 2238 1472 2286 cadunt?

286 2451 358 2480 135.
386 2450 569 2489 anrjurut,
584 2461 665 2481 mens
679 2451 751 2491 e.st.]
776 2451 900 2481 Alludit
970 2452 1049 2481 ludit
1065 2451 1104 2481 ad
1121 2450 1294 2485 formulam,
1311 2460 1345 2479 er
1359 2451 1453 2480 animi
1468 2452 1626 2480 sententia.

240 2499 278 2529 ad
295 2499 457 2539 vulgatum
471 2510 591 2530 versum
606 2500 763 2542 Euripidis
772 2500 901 2542 Hippol.
969 2501 1008 2531 dc
1024 2511 1086 2542 qua
1101 2499 1173 2531 vide
1189 2499 1228 2530 ad
1246 2499 1373 2529 Petron.
1391 2509 1460 2540 cap.
1476 2498 1537 2530 cix.

240 2548 316 2578 612.
362 2546 400 2578 '11
425 2547 543 2589 γλῶσσ’
559 2547 713 2590 ὁμώμοχ’,
733 2549 752 2587 ὴ
769 2549 800 2580 δὲ
817 2551 902 2591 φρὴν
1017 2550 1089 2579 141.
1115 2550 1185 2579 Sine.
1201 2555 1318 2588 pectore
1344 2548 1468 2588 vocem]
1492 2547 1542 2578 Sic
1559 2547 1630 2577 Vir-

240 2595 423 2638 ἀνώμοτος.
448 2598 636 2628 Micrmms.
667 2598 748 2628 Vide
765 2598 807 2629 ibi
826 2599 900 2628 Bur-
970 2597 1062 2639 gilius
1078 2597 1157 2629 dixit
1171 2610 1201 2629 x.
1218 2597 1347 2628 AEueid.
1365 2598 1440 2627 640.
1493 2598 1551 2626 Dat
1569 2599 1631 2626 siue

244 2645 318 2675 nesii
337 2652 436 2676 notas..
971 2654 1065 2677 merite
1080 2660 1194 2677 sonum.
1220 2647 1251 2677 id
1275 2652 1319 2676 cst
1337 2648 1430 2676 verba
1452 2647 1568 2686 absque
1581 2646 1631 2685 ju-

288 2695 362 2724 137.
390 2694 527 2725 Prudens
543 2697 635 2725 animi
653 2696 826 2736 sementim]
849 2696 900 2725 Λ]ἶ
971 2696 1180 2726 divinem-erla
1191 2696 1489 2736 voluntatvprolata.
1508 2695 1633 2723 Mum„

288 2747 389 2777 ΥΟΕ.
407 2747 435 2778 1.
1049 2749 1074 2779 U
