1849 3198
590 193 931 244 HERo'IDES.
967 204 1056 243 ΕΡ.
1094 204 1254 245 XVII.

1532 207 1615 249 2:37

227 317 304 364 Tu
330 334 547 381 quoque,
575 319 659 380 qui
685 318 868 381 poteris
894 318 984 365 tibi
1010 335 1088 365 me
1114 336 1314 383 sperare
1338 320 1553 379 fidelem,

297 394 363 442 Et
387 412 484 442 non
510 395 752 458 exemplis
778 395 956 442 anxius
982 411 1092 443 esse
1117 397 1250 444 tuis?

230 471 546 535 Quicumque
573 471 752 518 Iliacos
779 472 1031 519 intraverit
1055 474 1245 520 advena
1270 482 1457 537 portus,

1518 479 1615 523 215

297 549 347 596 Is
373 550 464 596 tibi
490 549 685 596 solliciti
711 565 890 596 caussa
912 550 1101 596 timoris
1128 551 1235 598 erit.

230 627 345 691 Ipse
371 628 491 674 mihi
518 627 713 690 quoties
740 628 910 682 iratus,
940 627 1196 684 Adultera,
1224 629 1361 675 dices
1383 630 1392 675 !

297 704 497 751 Oblitus
524 711 692 751 nostro
717 704 903 751 crimen
929 705 1091 751 inesse
1116 711 1273 752 tuum.

230 781 412 829 Delicti
438 781 526 829 fies
553 782 685 828 idem
711 781 1036 845 reprehensor
1061 787 1111 828 et
1136 788 1324 828 auctor.

294 859 460 915 Terra,
487 875 678 923 precor,
705 859 869 906 vultus
895 860 1073 906 obruat
1097 865 1212 906 ante
1237 875 1390 906 meos.

1520 863 1617 906 220

226 935 295 984 At
317 936 449 983 fruar
474 936 641 984 Iliacis
666 936 845 1000 opibus
871 937 1112 999 cultuque
1136 937 1313 984 beato:

296 1013 542 1077 Donaque
567 1013 825 1078 promissis
852 1013 1080 1060 uberiora
1103 1013 1273 1061 feram.

226 1091 455 1156 Purpura
478 1108 659 1155 nempe
684 1092 805 1138 mihi
830 1092 1150 1155 pretiosaque
1173 1098 1314 1138 texta
1337 1091 1613 1138 dabuntur:

294 1169 650 1233 Congestoque
676 1169 780 1217 auri
806 1170 1026 1233 pondere
1051 1168 1189 1216 dives
1214 1184 1314 1215 ero.

230 1246 309 1293 Da
331 1248 527 1294 veniam
553 1247 720 1305 fassae3
750 1264 848 1295 non
873 1255 989 1294 sunt
1012 1254 1099 1294 tua
1123 1262 1329 1294 munera
1351 1247 1492 1294 tanti.
1519 1249 1616 1294 225

294 1323 480 1371 Nescio
507 1340 606 1387 quo
624 1324 772 1372 tellus
798 1341 878 1372 me
902 1331 1040 1372 tenet
1064 1325 1160 1371 ista
1183 1324 1348 1371 modo.

228 1401 352 1455 Quis
378 1401 514 1457 mihi,
543 1402 580 1448 si
609 1402 776 1458 laedar,
804 1401 1039 1465 Phrygiis
1066 1407 1324 1448 succurrat
1346 1401 1396 1447 in
1421 1400 1553 1447 oris?

296 1478 443 1526 Unde
469 1485 637 1542 petam
662 1478 841 1535 fratris,
869 1478 1001 1525 unde
1026 1478 1244 1542 parentis
1269 1478 1451 1541 opem?

230 1555 413 1603 Omnia
438 1555 636 1604 Medeae
662 1555 812 1603 fallax
837 1555 1063 1619 promisit
1088 1554 1268 1612 Iason3

294 1632 449 1680 Pulsa
473 1641 550 1681 est
574 1633 780 1681 AEsonia
807 1650 925 1680 num
951 1633 1113 1679 minus
1139 1633 1223 1679 illa
1247 1632 1429 1678 domo?

1520 1635 1618 1680 230

228 1709 343 1757 Non
369 1717 474 1758 erat
498 1710 682 1766 AE‘eteS‚
707 1711 769 1758 ad
796 1727 947 1774 quem
973 1710 1213 1774 despecta
1236 1709 1446 1756 rediret:

295 1787 411 1834 Non
437 1787 584 1851 Ipsca
608 1804 805 1851 parens,
835 1788 1214 1851 Chalciopeque
1240 1803 1392 1833 soror.

269 1921 344 1950 224.
386 1920 582 1961 Congestoque
621 1922 692 1949 auri
726 1921 884 1960 pondera]

227 1972 370 2006 Quatuor
392 1969 528 2005 codices,
559 1972 698 2011 congesti.
724 1970 817 2000 male.
843 1976 890 2001 est

227 2018 404 2059 virgiliana
425 2018 570 2049 imitatio.
593 2019 616 2049 i.
640 2020 715 2049 359.
748 2018 889 2059 Ignotmn

226 2071 345 2110 argenti
358 2071 473 2108 pondus
496 2075 524 2099 et
539 2071 620 2100 auri.
645 2068 698 2099 ubi
715 2070 818 2110 ingens
835 2068 888 2099 alii

226 2118 362 2149 codices.
409 2118 527 2148 Bumu.

269 2168 343 2198 226.
370 2167 420 2198 Me
436 2174 515 2198 tenet
530 2169 587 2197 ista
602 2167 712 2207 mosim]
742 2166 809 2206 Ipsa
826 2167 887 2198 Pu-

227 2223 369 2253 teaneus,
394 2216 512 2258 aliique
536 2216 620 2247 haud
646 2216 752 2257 pauci.
783 2217 888 2247 Hms-

226 2278 305 2297 stus.
358 2266 431 2297 Haec
461 2273 542 2296 terra
571 2265 739 2296 dicendum
768 2265 887 2302 fuisset,

223 2315 331 2357 judice
347 2315 487 2352 Francio,
504 2314 557 2356 qui
571 2314 641 2345 ideo
654 2314 780 2355 legebat
794 2326 799 2343 :

272 2363 377 2394 NeSCis)
392 2375 447 2405 ([1ίο
460 2371 545 2394 ῙΘΥῘῚΡ
560 2369 667 2404 tangor
682 2374 780 2393 αΤΠΗΓΘ
792 2374 871 2393 ''Delf-

226 2412 287 2443 Sed
304 2412 361 2444 hoc
377 2419 424 2443 est
438 2413 576 2444 carmina
586 2422 642 2443 sua
656 2422 711 2454 pro
724 2411 888 2442 Ovidianis

227 2461 404 2493 obtrudere.
451 2461 514 2492 Ista
543 2467 600 2497 est,
630 2472 724 2503 quam
756 2467 788 2492 tu
816 2471 888 2491 con-

228 2510 350 2547 temnis,
367 2516 399 2541 et
410 2512 573 2541 barbaram
587 2510 678 2541 dicis.
725 2510 843 2540 Bmm.

270 2561 344 2591 228.
373 2560 459 2590 Unde
480 2560 737 2601 peenmfmtris]
766 2559 887 2589 Fratres

229 2608 358 2639 meliora
383 2609 585 2651 exemplaria.
624 2609 755 2639 alterum
785 2614 890 2638 tamen

231 2657 378 2694 Latinius,
393 2665 424 2688 et
435 2658 500 2699 jam
520 2669 537 2688 a
560 2658 694 2698 Lyncaeo
710 2657 891 2688 interfectus

230 2712 295 2736 crat
311 2707 429 2737 Castor.
453 2707 506 2737 scd
531 2706 661 2736 offendit
679 2705 796 2736 vocalis
815 2704 888 2735 ulti—

232 2766 311 2785 inum
340 2755 498 2797 excipiens·
529 2756 679 2795 syllabam
712 2755 740 2784 in
768 2756 889 2793 fratris,

958 1920 1040 1960 quod
1055 1919 1130 1949 alibi
1145 1919 1205 1950 hac
1224 1918 1410 1960 pentametri
1428 1918 1501 1949 sede
1518 1928 1536 1949 a
1552 1918 1618 1949 Na-

957 1979 1030 1999 sone
1047 1969 1164 1999 factum
1185 1978 1248 1998 non
1270 1967 1424 1998 recordor.
1449 1968 1623 1999 HmNsns.

958 2018 1032 2048 Vid.
1060 2017 1129 2048 infr.
1157 2018 1231 2048 256.
1276 2016 1411 2047 Dubitat
1437 2016 1542 2047 nullus
1565 2016 1617 2047 Cl.

958 2068 1098 2109 Lennep.
1124 2067 1200 2108 quin
1224 2065 1338 2097 Ovidio
1364 2065 1414 2096 hic
1439 2066 1621 2097 obversatus

956 2116 1124 2147 occurrerit
1147 2115 1357 2146 nobilissimus
1378 2114 1507 2146 Homeri
1522 2115 1619 2152 locus,

958 2165 1052 2196 Iliad.
1077 2169 1111 2196 Γ.
1137 2166 1213 2196 236.
1241 2165 1294 2195 ubi
1320 2165 1400 2195 inter
1428 2164 1619 2195 Achivorum

956 2214 1122 2257 principes,
1149 2225 1226 2255 quos
1257 2219 1344 2244 notat
1377 2218 1408 2243 et
1437 2219 1578 2244 recenset
1603 2224 1619 2243 e

957 2263 1113 2295 moenibus
1137 2263 1250 2305 Trojae,
1272 2263 1380 2294 fratres
1403 2273 1473 2294 suos
1496 2262 1621 2294 Helena

956 2313 1124 2344 desiderat.

1000 2361 1080 2394 Δοιὼ
1096 2361 1120 2392 δ’
1136 2362 1173 2393 οὐ
1186 2361 1328 2403 δύναμαι
1340 2360 1432 2392 ἰδέειν
1444 2360 1620 2403 κοσμήτορε

1041 2412 1146 2447 λαῶν,

1002 2459 1155 2502 Κάστορά
1184 2458 1211 2490 τ’
1240 2459 1442 2501 ἱππόδαμον,
1472 2460 1525 2490 καὶ
1555 2460 1621 2494 πὺξ

1042 2509 1171 2552 ἀγαθὸν
1186 2508 1403 2545 Πολυδεύκεα,

1003 2558 1291 2600 Αὐτοκασιγνὴτω.
1305 2559 1350 2589 τώ
1358 2571 1408 2599 μοι
1421 2558 1477 2599 μία
1487 2557 1619 2598 γείνατο

1042 2607 1162 2649 μήτηρ.
1459 2606 1577 2636 Annii.

1001 2658 1077 2687 231.
1101 2656 1273 2696 Hesperia]
1295 2656 1427 2695 Depulsa
1445 2654 1617 2685 Lovanicn-

958 2706 1009 2735 sis.
1037 2706 1160 2746 Dtsjucla
1172 2705 1298 2736 Moreti.
1313 2705 1395 2746 quod
1412 2715 1515 2735 verum
1534 2710 1620 2745 puto.

959 2754 1001 2784 ita
1017 2765 1108 2795 supra
1125 2755 1334 2785 tentabamus.
1383 2753 1482 2793 Epist.
1500 2765 1529 2782 v.
1550 2754 1601 2782 75.
