1849 3198
230 151 316 192 432

620 146 671 187 P.
705 144 918 186 OVIDII
954 143 1234 185 NASONIS

233 267 383 313 Festa
407 264 530 318 dies,
558 261 906 323 Veneremque
932 265 1091 313 vocat,
1109 264 1385 320 cantusque
1406 271 1619 303 merum—

298 341 422 388 Haec
441 341 588 387 decet
606 339 668 385 ad
683 337 910 385 dominos
927 350 1132 382 munera
1152 333 1275 381 ferre
1298 334 1449 381 Deos.
1480 334 1618 394 [que.

717 695 1020 744 ELEGIA
1059 694 1154 741 XI.

237 839 399 886 Multa
422 837 608 899 diuque
633 833 721 881 tuli
744 847 753 878 :
792 832 921 879 vitiis
948 831 1189 894 patientia
1212 830 1342 876 victa
1367 837 1457 877 est.

303 917 443 964 Cede
468 914 673 975 fatigato
697 917 917 974 pectore,
944 909 1102 971 turpis
1118 907 1297 954 Amor.

237 995 444 1042 Scilicet
468 989 664 1039 adserui
683 990 789 1051 jam
814 1003 910 1042 me,
937 986 1147 1049 rupique
1172 992 1374 1032 catenas
1396 998 1404 1028 :

303 1070 369 1117 Et
393 1085 503 1132 quae
529 1065 773 1129 depuduit
796 1064 937 1119 ferre,
965 1063 1139 1109 tulisse
1164 1062 1335 1125 pudet.

237 1147 460 1194 Vicimus
480 1163 489 1201 ;
530 1151 580 1190 et
604 1142 846 1189 domitum
871 1139 1082 1203 pedibus
1102 1139 1352 1185 calcamus
1370 1137 1621 1183 Amorem.

304 1224 562 1271 Venerunt
586 1219 736 1283 capiti
762 1233 946 1265 cornua
971 1232 1081 1262 sera
1104 1232 1231 1262 meo.
1597 1216 1625 1258 6

238 1301 425 1354 Perfer,
453 1306 503 1346 et
527 1298 740 1345 obdura:
779 1295 918 1342 dolor
942 1293 1021 1339 hic
1046 1292 1136 1339 tibi
1162 1291 1378 1356 proderit
1401 1290 1533 1337 olim.

307 1378 453 1440 Saepe
478 1375 591 1422 tulit
613 1374 758 1421 lassis
784 1387 962 1419 succus
989 1386 1183 1418 amarus
1209 1385 1373 1432 opem.

237 1596 292 1627 sed
315 1594 449 1627 Junonis
473 1604 568 1634 regna
591 1599 671 1623 sorte
687 1593 804 1635 majora
819 1598 901 1623 sunt.

238 1644 311 1686 quia
328 1646 377 1684 (ut
395 1654 486 1685 supra
506 1642 658 1681 diximus)
676 1642 707 1671 in
723 1641 804 1671 orbis
820 1640 896 1671 divi-

238 1694 323 1724 sione
340 1692 411 1724 Jovi
429 1692 544 1722 coelum
562 1690 685 1731 obtigit.
708 1691 858 1721 MAmvs.

288 1791 314 1820 ¹..
334 1790 397 1819 Diu
414 1789 503 1829 mlh]
552 1788 589 1818 In
614 1787 720 1818 multis
743 1787 853 1818 codici'.
868 1798 904 1817 us

238 1845 296 1873 est,
325 1840 421 1868 mulla
443 1840 495 1868 diu
520 1839 655 1868 tulimus.
687 1836 742 1867 sed
773 1836 903 1866 frustra:

241 1888 373 1918 formula
395 1887 478 1917 enim
500 1892 547 1917 est
567 1886 732 1921 ordinaria,
756 1895 849 1927 quam
873 1885 904 1915 in

239 1946 340 1978 prosa,
364 1937 494 1966 multum
522 1936 635 1974 diuque
659 1935 802 1965 efferunt.
826 1934 905 1964 Flor.

237 1985 272 2015 ii.
288 1986 321 2015 3.
369 1983 475 2024 Itaque
489 1994 556 2013 cum
571 1985 626 2013 din
640 1984 827 2022 multamque
841 1983 904 2012 elu—

240 2036 345 2063 derent
362 2033 458 2072 Salyi.
488 2033 606 2062 Burni.

284 2083 318 2113 3.
345 2082 464 2112 Scilicet
498 2082 619 2111 adserui
642 2083 712 2120 jam
748 2092 793 2111 ‘me
826 2080 904 2120 δια]

242 2129 410 2162 Vindicavi
434 2139 483 2160 me
510 2129 542 2159 in
566 2128 753 2159 libertatem.
802 2133 821 2146 ‘⁴
838 2129 905 2159 Ser-

242 2185 333 2209 torem
349 2177 477 2218 quidam
499 2176 618 2207 dictum
641 2182 752 2218 putant
774 2187 792 2207 a
812 2188 904 2218 pren-

243 2227 356 2262 dendo,
386 2226 460 2267 quia
488 2235 585 2266 quum
615 2224 751 2266 cuipiam
787 2227 904 2256 miserat

241 2285 383 2310 inanum,
401 2272 554 2304 educendi
570 2273 637 2314 ejus
661 2273 760 2314 gratia
783 2284 821 2304 ex
843 2284 906 2304 ser—

242 2325 342 2356 vitute
358 2323 389 2354 in
405 2322 594 2357 libertatem,
613 2327 741 2352 vocatur
761 2324 905 2359 adsertor,

242 2373 327 2404 &c.'’
362 2373 484 2403 Festus.
508 2372 692 2401 Mser-tionis
717 2377 821 2402 autem
846 2372 906 2402 for-

243 2422 328 2453 mula
349 2421 472 2452 videtur
495 2420 561 2461 ejus
581 2419 664 2449 modi
690 2420 799 2450 fuisse:
827 2421 907 2451 huns

243 2471 360 2503 liberali
371 2481 462 2499 cansa
474 2480 564 2498 manu
578 2471 691 2498 adsero.
713 2468 819 2504 Ratio,
832 2469 908 2510 quia

243 2530 336 2562 quem
353 2517 422 2560 quis
437 2516 558 2548 liberali
574 2527 669 2547 causa
685 2517 715 2546 in
730 2517 907 2548 libertatem

244 2568 434 2602 vindicabat,
458 2576 529 2597 eum
557 2576 651 2595 manu
676 2567 848 2603 adserebat,·
877 2567 908 2598 id

243 2624 302 2653 est,
326 2615 522 2649 admovebat,
544 2625 598 2645 seu
623 2625 716 2655 prope
738 2625 770 2645 se
792 2621 909 2646 statue-

243 2668 309 2696 bat.
350 2663 432 2694 Hinc
457 2664 621 2694 adsertores
651 2662 739 2696 dicti,
770 2663 910 2694 vindices

969 1592 1080 1627 alienae
1097 1591 1259 1623 libertatis.
1294 1590 1410 1621 Ama.

1012 1644 1041 1672 5.
1071 1641 1228 1680 Vicimus]
1271 1640 1424 1670 Vincimvs
1448 1636 1630 1678 Neapolita-

970 1701 1028 1721 nus
1043 1696 1074 1721 et
1091 1689 1154 1721 alii.
1170 1689 1240 1720 vide
1257 1688 1311 1719 lib.
1327 1689 1361 1718 ii.
1378 1687 1467 1727 Eleg.
1488 1686 1543 1716 xii.
1569 1697 1632 1716 ver.

970 1740 1003 1768 2.
1031 1744 1061 1768 et
1090 1739 1121 1768 4.
1150 1738 1284 1768 Metam.
1311 1737 1384 1767 356.
1411 1746 1465 1777 pro
1490 1737 1631 1765 ιίοῃιῖιιιιιι

971 1787 1050 1817 alter
1074 1786 1251 1820 Mediceus,
1269 1787 1430 1815 ‹10:111'1111711.
1454 1784 1497 1814 sic
1521 1785 1632 1813 domiui

974 1835 1031 1865 Dei
1048 1835 1137 1875 Eleg.
1153 1833 1354 1875 praecedenti,
1371 1843 1460 1864 versu
1476 1832 1585 1863 ultimo
1601 1838 1632 1862 et

973 1884 1073 1926 Epist.
1100 1883 1227 1914 Phaedr.
1248 1883 1345 1913 Venus
1367 1884 1496 1913 ἀοιιιίιιιι.
1520 1881 1540 1912 i.
1562 1882 1632 1912 Art.

972 1933 1046 1963 Am.
1065 1934 1138 1963 148.
1169 1932 1344 1963 mesius.
1376 1931 1516 1971 Utraque
1539 1931 1633 1961 lectio

973 1982 1068 2012 habet
1084 1992 1145 2022 quo
1160 1991 1191 2011 se
1209 1986 1343 2016 tueatur,
1359 1985 1391 2010 et
1414 1981 1533 2010 adserui
1555 1990 1633 2021 prae·

973 2029 1101 2065 cedens,
1131 2031 1283 2060 dominum
1312 2028 1408 2059 videri
1437 2034 1540 2070 posset
1567 2029 1633 2059 exi-

973 2089 1063 2120 gere:
1091 2079 1130 2109 ab
1154 2078 1215 2109 illis
1238 2078 1322 2109 enim
1345 2078 1377 2108 in
1402 2077 1578 2109 libertatem
1601 2089 1634 2109 se

973 2128 1171 2158 adserebant.
1217 2127 1279 2157 Sed
1302 2126 1376 2168 quia
1399 2128 1543 2157 vincimus
1557 2137 1633 2168 quo-

974 2187 1035 2218 que
1063 2175 1222 2218 praecedit‚
1251 2177 1395 2206 domitum
1427 2175 1529 2217 aptius
1561 2186 1634 2206 con-

974 2226 1066 2266 gruit.
1093 2226 1210 2256 Bmm.

1017 2275 1047 2304 6.
1067 2274 1219 2304 Venerunt
1233 2275 1327 2313 capiti
1341 2285 1452 2303 cornua
1465 2284 1529 2304 sera
1544 2274 1634 2314 meo]

975 2323 1013 2353 Id
1029 2329 1093 2353 est:
1118 2324 1192 2353 Sero
1215 2322 1341 2353 tandem
1363 2322 1444 2363 coepi
1469 2322 1636 2363 indignari,

975 2377 1006 2402 et
1033 2382 1082 2402 me
1119 2371 1200 2402 velle
1238 2376 1345 2401 contra
1372 2381 1538 2412 opponere.
1584 2372 1634 2401 Sic

975 2420 1065 2456 dixit,
1089 2420 1146 2451 lib.
1172 2420 1192 2450 i.
1214 2420 1283 2450 Art.
1305 2419 1413 2450 Amat.
1437 2421 1513 2450 219.
1551 2420 1636 2451 'l'mac

973 2481 1089 2509 pauper
1109 2480 1221 2499 cornua
1245 2471 1349 2499 sumit:
1375 2468 1431 2499 lioc
1456 2474 1513 2504 est,
1529 2468 1637 2510 incipit

977 2518 1127 2548 rebellare
1141 2523 1172 2548 ct
1187 2517 1395 2548 recalcitrare.
1424 2518 1555 2558 Sumpta
1572 2528 1635 2548 nie-

977 2566 1106 2608 taphora
1121 2576 1139 2596 a
1154 2565 1261 2600 tauris,
1277 2576 1347 2596 cum
1364 2576 1395 2596 se
1411 2565 1555 2597 cornibus
1570 2576 1636 2596 niu-

978 2620 1030 2645 tuo
1047 2620 1168 2654 petunt.
1197 2614 1322 2645 chvr..
