1849 3198
207 209 292 251 152

595 208 646 248 Ρ.
681 206 895 249 OVIDII
927 208 1209 251 NASONIS

212 325 357 372 Dotis
383 340 504 388 opes
530 324 616 371 ubi
640 324 793 370 tune?
830 324 915 371 ubi
940 331 1058 371 tune
1083 325 1173 372 tibi
1199 326 1335 388 regia
1354 328 1567 390 conjux?

277 402 479 465 Quique
503 401 652 449 maris
678 402 861 464 gemini
886 402 1091 450 distinet
1116 402 1334 450 Isthmos
1360 405 1550 466 aquas?

210 480 304 527 Illa
324 496 433 542 ego,
455 495 566 543 quae
590 479 680 526 tibi
706 495 816 526 sum
835 495 964 526 nunc
991 479 1206 543 denique
1225 481 1437 528 barbara
1453 481 1600 539 facta,

278 556 325 603 N
330 572 426 604 unc
443 556 532 604 tibi
549 572 659 603 sum
674 571 879 620 pauper,
892 572 1022 603 nunc
1038 556 1128 603 tibi
1143 557 1249 606 visa
1262 574 1464 615 nocens,
1508 562 1601 607 106

210 634 465 682 Flammea
489 634 707 682 subduxi
731 634 978 680 medicato
1002 634 1189 681 lumina
1212 652 1413 684 somno:

276 712 342 760 Et
365 713 472 768 tibi,
500 729 612 776 quae
639 728 855 776 raperes,
881 712 1065 759 vellera
1088 719 1196 759 tuta
1220 713 1352 760 dedi.

209 789 444 837 Proditus
463 797 540 837 est
559 790 779 852 genitor:
820 806 1027 853 regnum
1052 791 1366 854 patriamque
1391 791 1597 854 reliqui:

275 868 462 915 Munus
488 868 537 914 in
564 869 712 915 exilio
739 868 963 931 quolibet
989 884 1099 915 esse
1124 868 1230 915 tuli.

1509 871 1602 915 llo

207 943 476 1007 Virginitas
501 945 634 992 facta
657 953 734 992 est
758 946 1003 1008 peregrini
1030 945 1199 1009 praeda
1222 945 1454 1002 latronis3

277 1021 497 1085 Optima,
526 1039 640 1069 cum
666 1038 780 1069 cara
803 1029 976 1077 matre,
1004 1022 1178 1070 relicta
1202 1038 1355 1069 soror.

207 1241 351 1272 dracone.
419 1241 624 1273 Germanicus
661 1240 794 1271 Arataeis
831 1240 869 1271 de

208 1290 315 1321 ariete.
331 1291 407 1322 540.

252 1341 313 1374 Qui
338 1343 411 1371 tulit
433 1342 466 1371 in
493 1340 606 1371 Tauros
628 1340 795 1380 Phryxum,
819 1342 870 1380 qui

332 1391 466 1429 prodidit
482 1390 606 1425 Hellen,

251 1439 345 1472 Quem
364 1445 487 1478 propter
502 1439 662 1480 ficbricata
684 1439 770 1474 ratis,
786 1448 870 1477 quem

330 1489 447 1529 perfidu¹
465 1488 591 1523 Colchis,

249 1538 348 1578 Sopita
363 1539 464 1579 vigile,
479 1540 589 1568 incesto
603 1539 727 1568 donurit
740 1538 847 1567 umori,

205 1587 255 1618 Ita
280 1587 488 1618 scribendum.
535 1587 657 1626 Insopor
679 1598 742 1617 ecce
767 1588 868 1621 draco,

205 1647 260 1678 pro
284 1636 406 1668 diversa
429 1636 564 1667 lectione
585 1636 781 1671 ErfurtanuS,
797 1646 868 1666 cum

205 1686 328 1726 glossa3
352 1688 384 1717 id
405 1693 446 1717 est
469 1687 531 1717 sine
549 1697 659 1725 sopore.
683 1685 760 1715 mira
782 1685 867 1715 locu-

204 1734 302 1771 tione,
320 1746 378 1766 nec
402 1735 478 1766 alias
498 1734 574 1765 mihi
589 1735 764 1765 observata.
789 1745 866 1775 quo-

205 1785 297 1816 modo
322 1785 379 1816 lib.
396 1785 450 1815 vii.
476 1786 529 1816 36.
552 1785 687 1816 eundem
711 1787 868 1824 insopitum

205 1837 362 1866 draconem
392 1846 467 1866 voce
496 1846 605 1877 parum
632 1834 748 1865 usitata
776 1834 870 1865 dixit.

204 1885 325 1916 mes.

253 1936 325 1966 108.
350 1935 512 1976 Raperes]
548 1936 621 1965 Non
650 1945 760 1965 moveo
788 1933 868 1964 hanc

204 1984 384 2020 lectionem,
402 1985 456 2015 sed
478 1985 646 2015 admodum
660 1990 765 2014 tamen
779 1983 869 2014 blan-

206 2034 289 2065 ditur
301 2034 465 2065 Heinsiani
476 2034 568 2065 unius
579 2033 695 2065 codicis
707 2034 870 2074 Scriptura,

204 2095 266 2123 quae
293 2083 420 2125 referas.
454 2083 529 2125 quia
552 2084 658 2125 jussus
685 2088 750 2113 erat
773 2083 870 2112 Jason

204 2132 306 2163 vellus
342 2133 468 2163 domum
505 2132 631 2163 referre.
662 2131 728 2162 vid.
762 2131 870 2162 Valer.

207 2182 294 2212 Flac.
312 2182 367 2212 vii.
398 2183 469 2212 100.
521 2182 637 2212 Vellera
652 2181 763 2223 fulva,
786 2181 869 2221 quod

206 2231 344 2262 malebat
360 2231 518 2267 Francius,
530 2239 577 2262 est
592 2231 624 2261 in
634 2230 782 2261 Mediceo
794 2241 867 2261 uno.

206 2280 261 2311 sed
274 2287 341 2311 tuta
356 2285 493 2322 praestat,
505 2287 539 2311 ut
550 2279 714 2311 incolumis
726 2279 869 2310 inadusto

206 2340 332 2371 corpore
348 2336 379 2360 et
394 2329 458 2360 sine
474 2340 556 2360 noxa
570 2340 607 2360 ea
622 2340 728 2370 rapere
751 2335 868 2371 posset.

206 2379 324 2409 Burni.

252 2429 325 2459 110.
352 2428 468 2458 Munus
482 2430 515 2458 in
536 2430 623 2459 milio
642 2429 788 2468 quodlibet
813 2440 868 2460 esse

207 2478 298 2518 tuli.]
326 2478 406 2508 Puto
421 2477 671 2508 rescribendum:

252 2527 293 2557 Et
307 2529 405 2557 minus
419 2528 506 2557 atilio
521 2528 662 2567 quidlibet
676 2538 733 2557 esse
748 2528 817 2557 tuli.

208 2576 276 2607 Hoc
300 2582 347 2607 est
361 2575 504 2607 omnibus
524 2577 615 2607 rebus
637 2575 764 2606 exilium
790 2587 867 2617 prae-

207 2626 276 2657 tuli.
321 2625 415 2656 Certe
439 2636 520 2656 unus
544 2625 725 2661 Patavinus,
753 2626 868 2657 Munus

206 2676 305 2706 exilio.
321 2674 376 2706 lib.
392 2673 427 2705 ii.
440 2674 510 2706 Art.
527 2674 635 2705 Amat.
653 2675 728 2705 548.

351 2724 476 2755 Munitis
487 2735 551 2755 sum
567 2725 663 2754 minor
678 2725 735 2764 ipse
750 2727 832 2755 meis.

937 1240 988 1271 Sic
1004 1252 1109 1271 merses
1126 1242 1222 1270 labore
1238 1242 1343 1270 ῃιείιον.

1083 1291 1146 1321 Nec
1161 1291 1259 1321 dicere
1274 1292 1399 1320 sustinet
1415 1290 1499 1319 ultra

1434 1339 1555 1370 HmNs.

985 1341 1078 1371 Verba
1093 1342 1209 1371 minora
1224 1342 1290 1370 cleu.

939 1391 999 1421 Vix
1017 1390 1117 1427 video,
1134 1390 1235 1431 qualis
1260 1400 1368 1420 sensus
1389 1399 1427 1419 ex
1452 1388 1600 1419 emenda-

937 1440 1020 1470 tione
1036 1439 1157 1471 Heinsii
1169 1444 1318 1480 emergat,
1331 1448 1393 1481 nec]
1405 1449 1465 1479 quo
1481 1437 1600 1468 adduc-

938 1496 971 1521 ta
994 1491 1138 1532 exempla
1160 1488 1289 1520 saciant.
1314 1498 1371 1529 ego
1396 1493 1472 1529 puto
1493 1487 1604 1529 legen-

937 1540 1011 1570 dum
1025 1552 1031 1569 ε

981 1589 1098 1619 {Uanus
1112 1591 1145 1619 in
1161 1589 1261 1618 eilsl'lit)
1274 1588 1398 1627 quolibet
1413 1597 1470 1616 esse
1485 1587 1557 1616 tuli.

937 1637 1063 1668 Credidi
1090 1648 1139 1667 me
1163 1637 1287 1667 felicem
1314 1636 1420 1671 etiam,
1442 1635 1467 1666 si
1492 1635 1601 1666 relicta

936 1687 1037 1728 patria
1049 1692 1080 1717 et
1094 1685 1198 1727 regnis
1211 1697 1279 1727 quae
1291 1684 1497 1727 prodideram,
1510 1684 1599 1714 exsul

936 1737 1028 1767 modo
1043 1747 1159 1774 essem3
1183 1735 1258 1766 licet
1269 1734 1398 1765 exilium
1413 1740 1494 1765 esset
1509 1734 1600 1764 mise-

936 1796 1004 1816 rum
1019 1792 1051 1817 et
1065 1786 1185 1822 infelix,
1201 1784 1388 1816 beneficium
1404 1789 1509 1814 tamen
1524 1789 1602 1820 erat,

936 1836 1010 1877 quia
1022 1842 1127 1867 tecum
1142 1835 1206 1866 fore
1219 1846 1267 1865 me
1292 1845 1414 1875 semper
1429 1833 1600 1874 fingebam.

939 1886 1075 1920 Quwolicet
1090 1890 1155 1916 erat
1170 1884 1203 1915 in
1216 1884 1337 1915 (luobus
1351 1883 1473 1925 scriptis
1488 1888 1520 1913 et
1535 1883 1601 1913 edi-

936 1934 1019 1965 tione
1046 1934 1159 1976 prima,
1182 1940 1213 1964 et
1234 1934 1266 1964 in
1290 1932 1428 1974 margine
1453 1931 1602 1974 Gryphii.

937 1984 980 2015 sic
1006 1985 1165 2026 eleganter
1188 1989 1318 2015 utuntur
1338 1982 1393 2013 illo
1418 1983 1545 2022 quolibet
1571 1987 1603 2012 et

937 2045 1129 2075 quocumque.
1155 2039 1189 2064 ut.
1212 2033 1355 2075 Propert.
1375 2032 1398 2062 i.
1424 2031 1514 2072 Eleg.
1533 2030 1601 2062 viii.

938 2084 971 2113 4.

986 2133 1026 2163 Ut
1042 2135 1103 2164 sine
1118 2143 1162 2162 me
1181 2138 1262 2162 rento
1277 2132 1405 2171 quolibet
1420 2132 1464 2160 ire
1480 2131 1563 2160 velis.

938 2181 975 2211 Id
1002 2187 1048 2212 est
1075 2181 1169 2212 etiam
1195 2191 1277 2211 saevo
1293 2186 1323 2210 et
1348 2179 1490 2210 adverso.
1516 2178 1600 2220 quod

938 2231 1043 2262 Caesar
1058 2230 1142 2272 apud
1158 2230 1287 2260 Sueton.
1308 2239 1379 2270 cap.
1395 2228 1470 2259 lxvi.
1519 2229 1599 2262 Quo-

936 2291 1058 2320 cumque
1095 2285 1179 2310 ventu
1210 2280 1243 2308 'ill
1280 2288 1474 2318 quemcumque
1504 2284 1601 2308 ferras

936 2330 1031 2365 auehi,
1052 2328 1143 2359 dixit.
1168 2327 1200 2358 id
1225 2333 1272 2358 est
1293 2327 1387 2358 etiam
1411 2332 1600 2368 tempestate

935 2378 1094 2414 saeviente,
1122 2379 1154 2408 in
1175 2377 1256 2408 solas
1283 2377 1377 2408 etiam
1404 2382 1436 2407 et
1459 2376 1599 2407 desertas

934 2434 1043 2459 terras.
1059 2428 1123 2459 vid.
1142 2427 1181 2458 ad
1205 2427 1307 2468 Epist.
1321 2427 1364 2458 iv.
1384 2428 1437 2457 98.
1461 2426 1601 2467 denique

935 2478 993 2509 hoc
1009 2478 1169 2508 confirmat
1184 2478 1295 2508 Senec.
1312 2476 1344 2507 in
1361 2476 1490 2506 Medea.
1502 2476 1576 2506 492.

981 2528 1101 2558 Poemzm
1116 2529 1233 2566 putavi,
1252 2537 1360 2556 munus
1375 2527 1427 2566 (ut
1445 2524 1540 2565 video)
1557 2530 1598 2555 est

1009 2576 1108 2618 suga.

935 2627 976 2656 Et
1004 2626 1049 2657 ita
1074 2626 1188 2656 Noster
1211 2626 1254 2657 ix.
1283 2626 1365 2656 Met.
1394 2625 1467 2655 181.
1515 2623 1599 2653 Mors

935 2677 1007 2707 mihi
1023 2686 1131 2706 munus
1145 2677 1216 2706 erit.
1240 2681 1271 2707 et
1286 2668 1412 2705 similia.
1440 2674 1562 2703 Burm.
