1849 3198
174 194 258 235 278

567 193 616 232 P.
652 190 864 233 OVIDII
898 189 1178 232 NASONIS

181 309 313 355 Siste
340 316 544 362 metum,
572 307 724 368 virgo,
753 306 917 353 stabili
944 306 1133 369 potiere
1159 306 1334 351 salute.

247 384 346 431 Fac
373 384 520 430 modo
546 382 752 447 polliciti
778 383 978 429 conscia
1003 382 1189 444 templa
1213 382 1364 428 colas.

1476 383 1568 427 180

182 461 227 508 N
234 478 291 509 eo
316 463 441 509 bove
467 467 684 508 mactato
709 460 932 506 coelestia
955 458 1159 505 numina
1184 458 1429 520 gaudent;

249 539 366 594 Sed,
395 555 507 601 quae
532 537 815 602 praestanda
840 544 916 584 est
941 544 991 583 et
1015 536 1122 583 sine
1146 541 1291 589 teste,
1318 534 1432 580 fide.

183 615 253 662 Ut
275 616 472 663 valeant
496 616 620 670 aliae,
643 614 825 661 ferrum
850 613 1102 676 patiantur
1127 619 1177 659 et
1202 612 1365 673 ignes:

250 692 366 740 Fert
392 693 499 740 aliis
525 692 717 739 tristem
743 707 922 738 succus
948 705 1144 737 amarus
1169 705 1332 752 opem.

180 767 265 815 Nil
289 786 413 833 opus
439 776 515 817 est
538 769 673 824 istis3
714 774 906 814 tantum
931 767 1148 830 perjuria
1171 765 1297 813 vita:

1476 767 1565 811 185

247 844 422 909 Teque
448 846 594 893 simul
618 861 773 901 serva,
801 860 999 908 meque,
1027 843 1297 905 datamque
1322 842 1487 889 fidem.

181 920 454 969 Praeteritae
480 922 674 969 veniam
699 921 839 969 dabit
863 920 1140 984 ignorantia
1164 919 1353 982 culpae:

248 998 543 1046 Exeiderint
568 998 731 1046 animo
756 997 943 1045 foedera
966 998 1098 1044 lecta
1119 1003 1220 1043 tuo.

182 1074 451 1122 Admonita
475 1091 528 1122 es
553 1076 699 1122 modo
718 1091 839 1122 voce
863 1073 990 1129 mezi,
1008 1073 1157 1119 modo
1185 1073 1412 1119 cassibus
1436 1071 1567 1124 istis;

252 1151 406 1208 Quos,
435 1152 631 1215 quoties
657 1159 820 1199 tentas
846 1151 1033 1206 fallere,
1060 1150 1186 1197 ferre
1211 1151 1356 1197 soles.

1482 1152 1572 1196 190

184 1227 276 1275 His
303 1244 505 1291 quoque
530 1229 712 1284 vitatis,
741 1228 790 1275 in
814 1235 958 1292 partu
984 1243 1165 1290 nempe
1190 1226 1403 1289 rogabis,

252 1304 322 1351 Ut
342 1305 432 1352 tibi
457 1305 686 1352 luciferas
714 1304 903 1352 adferat
928 1304 1012 1351 illa
1035 1320 1228 1351 manus.

183 1381 397 1439 Audiet3
439 1388 503 1437 et,
531 1388 763 1445 repetens
790 1397 902 1445 quae
929 1381 1028 1428 sint
1052 1380 1237 1436 audita,
1265 1380 1483 1443 requiret

252 1459 386 1522 Ipsa,
413 1458 503 1505 tibi
529 1459 592 1506 de
618 1475 718 1522 quo
744 1460 956 1521 conjuge
982 1464 1153 1521 partus
1180 1464 1276 1504 eat.

185 1536 454 1583 Promittes
479 1544 676 1594 votum3
718 1537 812 1584 seit
836 1544 885 1583 te
910 1536 1199 1599 promittere
1224 1534 1362 1581 falso.

1482 1536 1573 1580 195

250 1611 279 1659 J
284 1613 449 1660 urabis
471 1631 481 1669 ;
523 1613 618 1660 soit
641 1620 690 1661 te
716 1612 883 1660 fallere
908 1628 1058 1675 posse
1086 1612 1240 1659 Deos.

187 1690 302 1736 Non
328 1690 489 1751 agitur
513 1690 576 1737 de
596 1707 674 1738 nie
694 1708 703 1738 :
744 1690 862 1737 cura
886 1691 1073 1752 majore
1098 1689 1283 1735 laboro.

249 1766 416 1813 Anxia
441 1774 556 1813 sunt
580 1767 691 1813 vitae
717 1774 921 1830 pectora
945 1772 1113 1813 nostra
1136 1772 1250 1811 tuae.

232 1901 304 1930 185.
332 1900 475 1938 Petjuria
496 1899 586 1940 vitm]
615 1900 699 1931 Cave
724 1910 761 1930 ne
778 1911 844 1941 per-

180 1959 251 1989 jura
265 1948 318 1978 sis.
367 1948 459 1978 Cror.

231 1999 305 2028 189.
322 1998 410 2027 Modo
425 1998 539 2028 casibus
552 1998 640 2038 istis]
659 1998 770 2028 Morbo
786 2008 847 2038 quo

184 2057 266 2076 nunc
296 2045 429 2076 laboras.
468 2046 651 2077 Cromxos.
713 2047 848 2076 cassibus

185 2094 393 2125 scribendum.
418 2095 502 2135 quod
519 2094 639 2135 Regius
663 2100 694 2124 et
709 2095 847 2125 Moreta-

185 2154 242 2173 nus
256 2143 398 2173 meliores
413 2143 606 2173 confirmant.
654 2143 785 2173 Tendere
803 2155 846 2173 re-

184 2195 226 2222 tia
251 2191 309 2222 hoc
334 2192 457 2222 vocabit
481 2191 623 2234 Cydippe
647 2193 753 2233 paullo
769 2199 848 2233 post.

183 2242 358 2272 mesws.
406 2242 551 2272 Veterem
576 2241 742 2272 lectionem
765 2242 847 2272 Casi-

185 2292 237 2321 bus
252 2290 375 2321 reduxit
398 2290 537 2332 Lennep.
555 2301 636 2332 aegre
660 2290 760 2322 ferens
778 2292 848 2322 Cas-

185 2341 262 2370 sibus
276 2339 450 2381 praetulisse
463 2339 628 2370 Heinsium
644 2350 680 2371 ac
692 2341 846 2371 Burman-

185 2399 281 2427 num;
305 2394 336 2419 et
360 2388 509 2430 intelligit
527 2389 566 2419 de
592 2389 715 2425 morbis,
734 2390 847 2431 quibus

186 2439 363 2469 tentabatur
400 2438 556 2479 Cydippe,
587 2438 707 2478 quoties
733 2440 846 2479 perfida

186 2490 321 2518 exsistere
336 2489 481 2517 tentabat.
529 2487 621 2524 Quod
646 2487 750 2518 lucide
774 2489 849 2519 satis

185 2537 330 2572 illustrat,
347 2536 430 2577 quod
453 2536 604 2577 sequitur,
620 2539 731 2577 quoties
754 2544 850 2568 tentas

178 2588 308 2627 fallere.
355 2585 441 2622 Quid
457 2596 559 2616 rursus
574 2597 674 2621 casses,
692 2589 778 2621 retia,
794 2592 847 2617 aut

188 2636 392 2677 nodosferre?
418 2635 509 2666 Casus
535 2636 740 2676 autemferre
764 2635 847 2666 Lati-

187 2695 295 2716 norum
312 2695 368 2715 usu
385 2683 490 2715 tritum
515 2690 573 2715 est.
622 2684 721 2715 Recte
744 2685 847 2715 Ciofa-

186 2744 243 2765 nus
259 2734 473 2766 intellexerat:
500 2735 604 2765 morbo
621 2745 682 2774 quo
709 2746 787 2763 nunc
805 2735 847 2763 ln—

916 1900 1010 1929 boras.
1057 1898 1174 1928 Anmn.

962 1948 1033 1978 191.
1059 1947 1095 1977 In
1118 1953 1209 1985 partu
1227 1957 1327 1985 nempe
1346 1947 1488 1988 vocabis]
1519 1948 1576 1978 Ra-

915 1999 999 2038 gabis
1013 2007 1084 2028 cum
1101 1995 1234 2037 scriptis.
1261 1995 1436 2026 limi-sus.
1483 1998 1577 2033 Quod
1617 1988 1622 1992 ι

916 2051 1062 2086 praestat:
1089 2045 1246 2087 proprium
1270 2044 1364 2081 enim,
1388 2045 1427 2075 de
1451 2044 1499 2082 iis,
1523 2047 1576 2087 qui

917 2096 1083 2139 implorant
1110 2094 1260 2126 auxilium
1286 2095 1439 2125 Deorum.
1467 2096 1575 2127 eadem

917 2144 1091 2175 diversitas.
1107 2144 1163 2174 lib.
1179 2155 1210 2174 x.
1227 2143 1359 2173 Metam.
1376 2144 1450 2174 300.

963 2195 1036 2225 192.
1062 2193 1221 2234 Luc-{feras
1241 2192 1351 2233 aff'erat
1367 2193 1421 2222 illa
1442 2196 1575 2235 manus]

918 2243 1079 2285 Luciferos
1105 2253 1209 2272 manus
1238 2241 1288 2272 hic
1317 2241 1407 2277 dixit,
1431 2248 1466 2273 ut
1494 2254 1578 2284 equos

918 2292 1058 2334 Iuczj'eros
1074 2291 1214 2333 Epistola
1230 2291 1391 2322 Canaces:

941 2342 1083 2381 Pur-aque
1099 2340 1237 2381 luciferos
1251 2341 1281 2369 Iu
1288 2352 1324 2369 na
1341 2343 1470 2371 movebat
1485 2352 1578 2382 equos.

918 2391 1075 2422 Nummus
1098 2388 1181 2431 apud
1211 2399 1259 2419 me
1290 2395 1455 2429 argenteus
1482 2391 1575 2423 Juliae

920 2440 997 2474 Piae,
1038 2440 1157 2469 DrANAE
1185 2438 1358 2468 Locrriznffi
1395 2438 1576 2481 inscriptum

917 2488 1023 2523 habet,
1039 2498 1109 2518 cum
1125 2487 1321 2517 Emblemate
1337 2486 1450 2518 Dianae
1463 2488 1577 2519 taedani

917 2536 1065 2578 gerentis.
1112 2536 1191 2567 Item
1213 2535 1292 2566 alius
1307 2536 1446 2578 ejusdem
1466 2537 1574 2574 Juliae,

916 2586 1010 2617 Luxu
1040 2586 1223 2616 [πη-[ΒΑ.
1270 2586 1358 2616 Luna
1385 2585 1459 2627 biga
1483 2587 1577 2617 boum

916 2641 1017 2667 vecta.
1064 2634 1114 2665 Sic
1138 2640 1169 2665 et
1193 2634 1299 2677 Diana
1318 2634 1479 2676 φώσφορος
1494 2635 1577 2677 apud

918 2684 1044 2716 Graecos
1059 2684 1155 2715 dicta.
1202 2684 1320 2714 mes.

966 2735 1036 2764 198.
1073 2735 1169 2764 flurin
1202 2740 1267 2763 51111!
1301 2732 1390 2773 sitm]
1431 2733 1578 2765 Francius
