1849 3198
220 206 278 249 26

612 205 663 246 P.
697 202 909 246 OVIDII
941 202 1222 246 NASONIS

220 322 367 386 Saepe
393 336 485 383 ego
509 319 720 384 decepto
743 319 874 367 volui
899 319 1105 366 custode
1129 317 1332 375 reverti3

286 397 403 453 Sed,
422 413 501 444 me
527 396 612 460 qui
637 396 861 443 timidam
885 396 1166 459 prenderet,
1193 394 1348 442 hostis
1373 400 1493 442 erat.

220 474 274 522 Si
299 489 560 538 progressa
582 472 753 529 forem,
770 488 976 536 caperer
1001 489 1063 520 ne
1088 472 1213 520 forte
1237 472 1489 527 timebam,

285 550 574 606 Quamlibet
598 550 661 597 ad
686 549 871 596 Priami
896 565 1076 596 munus
1101 549 1230 596 itura
1253 565 1446 595 nurum.

1539 551 1603 594 20

222 629 326 676 Sed
351 629 468 676 data
492 628 600 683 sim,
618 627 734 690 quia
757 627 921 674 danda
944 626 1012 673 fui
1031 643 1040 674 :
1070 632 1143 673 tot
1161 626 1390 673 noctibus
1410 626 1601 680 absum,

282 705 390 754 Nec
415 712 625 769 repetor.
664 721 847 761 cessas,
865 705 1036 767 iraque
1055 704 1192 750 lenta
1214 710 1301 750 tua
1319 709 1410 750 est.

215 782 332 847 Ipse
349 782 695 838 Menoetiades,
712 790 846 837 tunc,
868 798 981 828 cum
1006 781 1251 837 tradebar,
1270 780 1319 827 in
1346 796 1531 836 aurem,

282 860 414 915 Quid
439 861 556 908 fles?
583 861 661 907 hic
687 876 835 924 parvo
860 866 1098 923 tempore,
1117 858 1259 912 dixit,
1277 857 1389 904 eris.

216 937 331 986 Non
364 938 603 1002 repetisse
627 954 801 1003 parum
838 944 940 985 est:
981 952 1191 1000 pugnas,
1218 951 1280 982 ne
1313 933 1508 989 reddar,
1535 932 1603 979 A-

284 1015 307 1061 I
328 1031 474 1071 nunc,
493 1022 543 1062 et
560 1015 727 1079 cupidi
746 1031 926 1061 nomen
945 1013 1153 1061 amantis
1172 1012 1332 1059 habe:

216 1091 473 1139 Venerunt
497 1092 559 1138 ad
584 1099 633 1139 te
658 1091 925 1139 Telamone
950 1098 1000 1138 et
1023 1090 1299 1153 Amyntore
1324 1089 1453 1146 nati;

1415 1010 1600 1073 [chine.

1539 1090 1600 1134 27

285 1168 374 1216 Ille
400 1169 554 1231 gradu
579 1169 776 1232 propior
801 1168 1068 1230 sanguinis,
1087 1167 1167 1214 ille
1193 1183 1388 1214 comes:

218 1243 494 1308 Laertaque
520 1252 682 1302 satus3
712 1261 800 1308 per
825 1261 949 1308 quos
975 1244 1210 1291 comitata
1233 1244 1460 1290 redirem,

283 1322 546 1370 Auxerunt
569 1323 762 1370 blandae
788 1323 992 1385 grandia
1016 1322 1146 1369 dona
1170 1337 1373 1385 preces:

262 1466 316 1496 21.
344 1466 482 1496 Seddata
494 1467 588 1507 sum.]
607 1467 687 1497 Data
704 1469 768 1503 sim,
786 1467 882 1497 Pute-

220 1514 272 1544 ani
289 1514 385 1545 codex
407 1515 552 1556 optimus.
569 1522 600 1546 et
614 1515 740 1556 quidem
755 1526 826 1546 vere
847 1526 883 1546 ac

219 1563 396 1604 eleganter:
428 1565 551 1595 Demus
579 1565 660 1595 enim
696 1575 745 1595 nie
775 1565 881 1595 datam

221 1623 300 1642 esse.
346 1613 448 1643 Hem.

261 1662 316 1692 23.
336 1661 372 1691 Ιιι,
387 1674 424 1692 au
432 1662 489 1702 re.]
512 1661 551 1692 1η
567 1674 670 1693 aurem
686 1668 803 1694 rectum
819 1668 878 1694 est.

220 1711 318 1740 Mart.
332 1722 363 1740 v.
377 1710 476 1752 Epist.
491 1712 543 1742 82.

264 1759 368 1788 Nescio
403 1761 474 1799 quid
508 1760 641 1791 Dominae
670 1768 800 1791 tenerum
831 1763 882 1801 qui

303 1810 402 1849 garrit
419 1810 448 1838 in
465 1821 579 1839 aurem.

220 1856 242 1886 i.
257 1856 363 1897 Epigr.
378 1858 431 1886 90.

268 1905 309 1934 Ut
333 1916 403 1944 sirpe
426 1907 456 1935 in
478 1917 580 1936 aurem¹
608 1906 706 1936 Cinna
734 1906 878 1937 Cissarem

310 1955 423 1984 lumles.

222 2002 275 2032 vii.
291 2004 344 2033 39.
372 2003 479 2033 Garris
510 2003 615 2033 Nestor
639 2005 671 2033 in
694 2005 877 2035 auriculam.

222 2052 347 2082 Petron.
377 2052 529 2092 'l'uuquum
543 2054 573 2082 in
588 2064 691 2083 aurem.
705 2055 821 2093 aliquid
836 2066 878 2085 se-

221 2107 299 2131 creto
320 2103 442 2132 (liceret.
479 2101 584 2132 Amm.
605 2103 707 2133 Marc.
734 2103 790 2133 lib.
815 2103 879 2134 xiv.

220 2161 292 2191 cap.
309 2151 337 2180 l.
363 2150 527 2181 Susurrare
549 2153 577 2181 iu
606 2163 720 2182 aurem.
736 2153 878 2183 Macrob.

221 2198 266 2228 iii.
280 2199 382 2229 Satur.
396 2210 432 2229 ex
450 2199 518 2230 Cic.
532 2199 569 2229 de
586 2200 660 2230 sato.
692 2200 766 2231 Cum
782 2201 879 2241 Scipio

222 2258 315 2277 unum
332 2254 359 2277 et
382 2248 509 2277 alterum
530 2259 562 2278 er
584 2250 628 2284 iis,
644 2251 694 2288 qui
712 2261 775 2279 eum
797 2252 877 2280 salu-

224 2303 316 2326 !uluuz
348 2304 499 2331 venerunt,
531 2299 691 2334 invitasset,
712 2300 879 2339 pluriesque

222 2347 308 2375 elium
323 2347 465 2375 inritatus
477 2348 634 2383 videretur,
646 2349 676 2376 in
687 2358 786 2377 aurem
803 2348 878 2377 Pon-

224 2395 292 2429 tius,
323 2394 429 2433 Scipio,
462 2396 534 2430 ride,
566 2397 672 2436 iuquit,
702 2398 773 2436 quid
795 2409 878 2438 agas.

224 2442 302 2472 Cato
323 2441 413 2478 Diris,
428 2454 461 2484 p.
475 2444 528 2474 65.

269 2492 377 2521 Cauta!
394 2498 421 2521 et
446 2494 557 2522 Interea
574 2494 644 2522 milii
665 2505 727 2533 ‹111ae
743 2501 883 2525 caiiturat

312 2543 343 2570 in
358 2552 472 2571 aurem.

224 2589 339 2618 Juven.
353 2588 396 2618 iii.
411 2590 476 2619 Sat.
494 2590 565 2619 123.
592 2590 693 2620 HmN.
716 2591 765 2621 Ita
781 2591 883 2622 Graeci

227 2638 310 2677 πρὸς
331 2638 367 2667 τὸ
392 2638 458 2674 οὖς,
488 2638 565 2668 Luc.
584 2638 637 2668 xii.
657 2640 688 2669 3.
716 2645 746 2669 et
768 2640 885 2670 Luciam

226 2684 256 2715 in
273 2686 407 2723 0¹³1}stss
421 2687 476 2724 οὖς
491 2687 632 2728 Euripid.
654 2689 728 2719 Jou.
757 2690 806 2719 15.
826 2691 881 2720 21.

228 2733 333 2765 l'laut.
349 2735 489 2766 Trinum.
514 2737 588 2766 1.2.
607 2737 678 2767 170.
713 2738 818 2768 Sciunt
841 2740 882 2774 id,

1540 1322 1604 1366 30

951 1467 1026 1506 quod
1043 1467 1073 1495 in
1095 1475 1198 1494 aurem
1214 1463 1277 1494 Rex
1291 1463 1400 1505 ‘regiuae
1414 1464 1535 1493 dixerit.
1560 1463 1609 1494 Ad

950 1527 1053 1545 aurem
1067 1516 1255 1544 insusurrare
1266 1514 1343 1543 dia-it
1356 1511 1458 1543 Cicer.
1471 1523 1502 1543 v.
1516 1512 1606 1543 Verr.

952 1565 1005 1594 41.
1052 1564 1168 1594 Bnmz.

994 1615 1048 1644 25.
1076 1613 1138 1642 Nec
1165 1610 1329 1650 repetisse]
1360 1609 1429 1640 Non
1458 1608 1609 1641 editiones

949 1662 1010 1693 fere
1025 1672 1131 1691 omnes
1153 1667 1184 1690 et
1205 1658 1324 1700 scripti.
1344 1658 1426 1699 quod
1447 1659 1553 1700 probo.
1570 1659 1609 1690 de

948 1723 1006 1742 usu
1021 1721 1092 1742 vero
1107 1709 1190 1740 vocis
1202 1720 1311 1748 parum
1327 1707 1397 1739 vide
1413 1709 1550 1740 Gronov.
1568 1709 1608 1739 ad

949 1760 1032 1791 Plin.
1048 1759 1112 1790 xxi.
1128 1760 1179 1790 13.
1204 1757 1306 1800 Epist.
1322 1757 1366 1787 ix.
1381 1758 1434 1788 47.
1450 1758 1521 1788 Huc
1537 1760 1610 1789 mihi

938 1810 1029 1851 ferre
1041 1820 1147 1849 parum
1161 1814 1212 1839 est.
1229 1807 1383 1844 Quinctil.
1394 1807 1538 1838 Decl.ix.
1556 1809 1607 1839 12.

952 1860 1065 1889 Parum
1081 1865 1121 1888 eit
1136 1859 1211 1897 quod
1234 1858 1348 1886 insanos
1362 1858 1610 1897 pertulifluctus.

950 1908 999 1938 Ita
1020 1919 1127 1947 purum
1149 1908 1263 1936 habere.
1286 1904 1402 1935 Vellei.
1434 1906 1557 1937 Patere.
1573 1906 1608 1939 ii.

949 1958 1001 1988 76.
1026 1957 1069 1987 sic
1100 1961 1129 1987 et
1160 1957 1316 1986 minimum
1343 1961 1396 1985 est.
1422 1954 1461 1985 de
1483 1966 1544 1997 quo
1569 1957 1609 1987 ad

948 2005 1077 2043 Quinct.
1091 2004 1184 2035 Decl.
1199 2003 1233 2035 ii.
1252 2005 1280 2034 l.
1295 2009 1326 2034 et
1339 2004 1381 2034 vi.
1400 2005 1450 2034 17.
1489 2005 1607 2036 Eum«.

990 2056 1043 2085 28.
1070 2054 1128 2085 Ille
1153 2053 1285 2096 gradu]
1313 2053 1529 2091 Scribendum,
1557 2054 1606 2086 vel

948 2103 1013 2135 sine
1030 2102 1132 2134 libris:

992 2153 1050 2183 Iste
1077 2154 1178 2194 gradu
1204 2153 1323 2191 propior
1361 2154 1528 2194 sauguinis,
1558 2155 1610 2186 ille

1031 2212 1130 2232 comes.

947 2250 1015 2281 Nisi
1044 2261 1079 2281 eo
1109 2249 1199 2280 modo
1224 2249 1342 2281 dictum
1369 2250 1400 2280 id
1431 2250 1517 2287 velis,
1543 2263 1604 2293 quo

946 2299 1059 2340 passim
1071 2299 1145 2329 alibi
1155 2299 1213 2329 Ille
1228 2301 1272 2329 vel
1288 2300 1339 2329 ille
1354 2299 1436 2341 apud
1449 2301 1608 2331 Nostrum.

946 2348 1094 2389 Sequenti
1105 2359 1194 2379 versu
1205 2349 1373 2389 La'c'rtaque
1382 2360 1435 2390 pro
1447 2350 1610 2390 ].‹1i⁵›·leque

948 2396 1028 2427 idem
1045 2397 1176 2428 Puteani
1189 2397 1285 2428 codex
1299 2404 1329 2429 et
1342 2410 1420 2429 uuus
1428 2398 1610 2432 Vaticanus.

949 2447 992 2477 sic
1004 2447 1085 2488 apud
1096 2447 1268 2477 Ausonium
1277 2447 1451 2490 Epitaphiis
1460 2448 1610 2481 neroum.

1124 2496 1237 2526 [υἷι-ιὰ
1254 2504 1342 2527 uatus
1363 2497 1486 2537 [Ji-usses.

952 2542 1043 2573 Libro
1064 2543 1118 2575 xii.
1143 2545 1225 2575 Met.
1250 2556 1287 2576 ex
1312 2545 1450 2586 vestigiis
1474 2552 1610 2578 veterum

952 2592 1096 2623 librorum
1111 2605 1116 2623 :

1123 2644 1190 2672 solis
1205 2644 1358 2674 'I'i’lmtwue
1373 2645 1479 2674 crealis

1001 2691 1243 2733 [aifrtuquesuit
1261 2694 1475 2732 laula'jiducia
1489 2695 1599 2724 laudis.

952 2738 1001 2769 Sic
1019 2739 1089 2770 infr.
1109 2752 1138 2770 v.
1156 2742 1209 2771 39.
1228 2742 1349 2772 Atrida.
1369 2742 1479 2772 Senec.
1495 2743 1608 2774 Troad.
