1849 3198
620 238 961 281 HEROIDES.
995 241 1087 282 ΕΡ.
1121 241 1229 282 VII.
1559 246 1612 285 81

231 352 412 400 Certus
431 368 484 400 es
510 353 578 400 ire
602 360 785 409 tamen,
806 353 1137 417 miseramque
1156 356 1434 420 relinquere
1454 358 1608 406 Dido:

294 429 462 492 Atque
487 430 619 477 idem
642 430 775 477 venti
800 430 910 477 vela
933 430 1185 494 fidemque
1210 432 1383 481 ferent.

229 506 411 554 Certus
436 524 505 563 es,
533 508 706 563 AEnea,
734 525 847 555 cum
872 508 1056 555 foedere
1082 509 1270 556 solvere
1297 526 1469 559 naves:

295 583 519 647 Quaeque
544 585 628 631 ubi
654 585 752 631 sint
776 584 954 640 nescis,
983 584 1111 632 Itala
1135 601 1287 647 regna
1311 587 1469 650 sequi.
1554 592 1612 635 10

228 659 276 706 N
281 676 337 707 ec
363 676 488 707 nova
514 660 782 723 Carthago,
810 677 903 708 nec
928 669 978 708 te
1003 662 1280 710 crescentia
1303 670 1513 726 tangunt

293 736 508 794 Moenia3
549 754 640 784 nec
667 746 864 801 sceptro
889 738 1071 785 tradita
1094 755 1288 786 summa
1310 746 1412 787 tuo.

228 813 382 861 Facta
404 813 560 877 fugis3
601 814 827 862 facienda
851 816 997 879 petis.
1037 817 1305 882 quaerenda
1328 833 1417 880 per
1441 818 1611 864 orbem

290 889 477 947 Altera,
505 892 716 954 quaesita
739 899 815 939 est
840 893 994 941 altera
1017 900 1148 941 terra
1170 894 1276 941 tibi.

227 967 298 1015 Ut
311 975 492 1016 terram
508 969 744 1026 invenias,
759 970 871 1033 quis
887 986 996 1017 eam
1017 971 1107 1017 tibi
1123 971 1285 1018 tradet
1300 971 1609 1018 habendam?

291 1044 414 1100 Quis
441 1063 530 1094 sua
554 1064 651 1094 non
676 1049 804 1095 notis
830 1064 944 1095 arva
967 1049 1183 1095 tenenda
1206 1048 1377 1095 dabit?
1553 1052 1608 1096 16

222 1122 362 1170 Alter
386 1124 644 1172 habendus
670 1141 806 1172 amor
830 1125 919 1172 tibi
945 1132 1114 1180 restat,
1143 1133 1193 1173 et
1217 1125 1371 1172 altera
1396 1125 1528 1172 Dido
1552 1143 1560 1172 :

289 1198 553 1264 Quamque
578 1202 754 1249 iterum
779 1201 935 1256 fallaS,
963 1202 1118 1249 altera
1141 1202 1305 1249 danda
1329 1202 1469 1248 fides,

219 1399 276 1430 lib.
292 1400 358 1431 viii.
406 1402 499 1432 Miser
513 1404 590 1432 enim
606 1409 632 1433 et
654 1415 766 1444 pauper
780 1410 880 1433 orator

217 1456 269 1486 est,
298 1451 349 1490 qui
380 1452 497 1482 nullum
527 1453 647 1482 verbum
675 1464 753 1493 aquo
782 1456 879 1483 animo

215 1500 339 1538 perdere
353 1506 458 1538 potest.

265 1549 315 1578 11.
341 1548 405 1579 Nec
428 1556 455 1580 te
470 1553 630 1581 crescentia
646 1557 777 1592 tangunt
800 1551 876 1581 Moe-

217 1597 300 1638 πία.]
320 1597 416 1628 Dices
430 1598 547 1628 moenia
563 1609 628 1629 esse
644 1599 802 1630 animata?
817 1600 878 1630 Sed

216 1645 306 1677 scite.
340 1646 524 1677 Aristoteles
538 1647 620 1678 enim
636 1648 692 1678 lib.
708 1647 754 1679 iii.
792 1648 877 1679 Rhe-

216 1695 381 1726 toricorum
418 1695 497 1726 inter
529 1706 582 1727 eas
610 1697 734 1738 figuras,
766 1697 878 1739 quibus

215 1744 312 1775 oratio
336 1744 518 1782 illustratur,
533 1746 619 1787 ponit
633 1757 713 1783 eam,
729 1753 763 1778 ut
788 1748 878 1778 rebus

215 1804 307 1824 sensu
336 1795 512 1826 carentibus
540 1794 629 1826 detur
661 1806 780 1826 sensus.
826 1797 877 1827 Sic

216 1842 306 1884 Virg.
322 1843 377 1874 lib.
393 1843 416 1873 i.
441 1844 571 1874 AEneid.
589 1845 663 1875 437.
688 1845 769 1876 unde
791 1845 877 1877 locus

215 1891 266 1922 hic
281 1902 442 1934 expressus
464 1898 519 1929 est,
535 1893 610 1923 item
633 1893 672 1924 de
688 1894 876 1935 Carthagine

215 1946 277 1971 alt:

260 1989 458 2031 Ofortunatz',
474 2001 595 2030 quorum
603 1992 672 2029 jam
687 1993 791 2021 ma‘nia
808 2003 874 2021 sur-

299 2045 391 2080 gunt.

215 2088 255 2118 Et
269 2088 326 2118 lib.
343 2087 384 2118 iv.
400 2088 454 2118 86.

258 2136 327 2166 Non
342 2143 437 2175 coeptae
452 2143 616 2178 assurgunt
632 2143 740 2167 turres.
778 2137 872 2167 C10F.

214 2185 387 2228 Surgentia,
411 2185 508 2216 codex
524 2186 656 2226 Regius,
676 2186 803 2216 solemni
819 2186 873 2216 ho-

212 2245 280 2266 rum
295 2236 457 2265 verborum
479 2234 562 2276 apud
578 2236 735 2265 Nasonem
751 2246 872 2276 permu-

212 2283 342 2314 tatione.
374 2282 468 2324 idque
491 2283 604 2314 rectius
627 2289 714 2325 puto.
760 2284 871 2314 Horat.

212 2331 259 2362 iii.
277 2331 340 2363 Od.
358 2331 402 2363 iii.

259 2380 315 2411 Ter
329 2383 353 2411 δί
370 2387 505 2423 resurgat
521 2392 623 2411 WHU'HS
638 2381 773 2415 stheneli-5,

256 2431 385 2460 Auctore
401 2430 517 2460 PhoeIm.

213 2478 254 2509 Et
269 2479 382 2509 Noster
393 2478 415 2508 i.
433 2479 517 2509 Fast.
534 2479 607 2509 523.

258 2527 424 2567 Eversaque
441 2527 528 2568 Trqja
545 2538 691 2569 resurges.

213 2576 254 2607 Et
283 2575 357 2607 alibi
394 2578 521 2617 passim.
553 2576 666 2617 virgil.
693 2576 715 2606 i.
747 2575 874 2607 [Encid.

214 2625 289 2656 365.

455 2672 510 2702 Ubi
526 2684 606 2703 nunc
621 2675 754 2715 ingentia
769 2684 867 2703 cernes

259 2722 382 2757 Moenia,
399 2729 623 2764 surgentemque
646 2733 723 2753 ⁷100oe
742 2722 870 2752 Cui-tha-

300 2775 399 2806 VOL.
422 2775 450 2805 Ι.

1032 1405 1111 1444 ginis
1126 1415 1236 1434 arcem.

948 1452 1029 1483 Vide
1053 1453 1186 1484 Cerdam
1209 1452 1248 1483 ad
1271 1464 1303 1483 v.
1330 1453 1405 1483 437.
1434 1463 1494 1483 non
1522 1453 1607 1483 inve-

946 1508 1035 1532 nuste
1060 1513 1183 1543 quoque
1213 1502 1270 1532 hoc
1300 1502 1367 1532 loco
1395 1502 1607 1538 Lovaniensis‚

945 1562 998 1581 nec
1012 1562 1075 1581 mea
1093 1551 1254 1593 Carthago,
1269 1551 1352 1592 quod
1367 1551 1546 1581 conveniret
1560 1562 1607 1581 se-

945 1599 1130 1640 quenubus:

988 1648 1107 1688 Sceptra
1123 1649 1237 1678 tradita
1253 1659 1363 1678 summa
1380 1654 1442 1678 tuo.

944 1697 1039 1728 Suam
1067 1698 1150 1728 enim
1178 1702 1298 1739 poterat
1326 1698 1437 1727 AEneae
1472 1696 1605 1727 tradere.

944 1746 1005 1776 Sed
1034 1757 1108 1776 nova
1137 1757 1199 1776 non
1232 1752 1348 1776 temere
1385 1745 1604 1787 rejiciendum:

945 1806 1016 1826 nam
1032 1795 1157 1838 respicit
1172 1796 1248 1826 forte
1270 1795 1310 1826 ad
1325 1796 1460 1837 Etymon
1475 1795 1605 1826 Cartha-

943 1844 1033 1885 ginis,
1046 1855 1115 1885 quae
1131 1844 1238 1885 lingua
1253 1843 1417 1874 Phoenicia
1432 1855 1532 1874 noram
1552 1855 1603 1873 ur-

944 1894 1005 1923 bem
1026 1898 1123 1923 notat.
1149 1892 1232 1934 quod
1257 1898 1287 1923 et
1309 1893 1426 1923 Douzae
1451 1891 1605 1933 placuisse

943 1948 1050 1983 postea
1074 1942 1150 1972 vidi.
1197 1942 1278 1972 Vide
1300 1942 1397 1972 Solin.
1422 1942 1477 1971 27.
1502 1947 1532 1971 et
1562 1942 1605 1972 ibi

942 1991 1139 2021 Salmasium.
1183 1990 1301 2021 Bmm.

989 2041 1038 2070 16.
1065 2040 1147 2069 Arva
1160 2039 1318 2079 tenenda]
1348 2037 1454 2079 Regna
1467 2040 1604 2074 tenenda,

943 2095 1003 2119 tres
1025 2088 1106 2124 libn‘,
1122 2099 1194 2118 arva
1219 2088 1352 2123 colenda,
1381 2097 1459 2117 unus
1474 2087 1603 2117 Vatica-

942 2149 1011 2169 nus.
1041 2144 1073 2168 et
1097 2136 1243 2167 Mentelii
1270 2137 1348 2167 alter
1372 2137 1502 2166 tuenda.-
1526 2136 1603 2166 nihil

941 2193 1039 2217 muta.
1081 2186 1189 2217 Tenere
1205 2185 1288 2216 enim
1303 2185 1459 2228 proprium
1476 2187 1602 2216 verbum

940 2246 1058 2277 regum,
1070 2242 1104 2266 ut
1120 2235 1324 2265 notissimum.
1349 2233 1459 2265 eadem
1472 2235 1603 2265 varietas

941 2285 1024 2327 apud
1040 2285 1159 2315 Lucan.
1175 2284 1220 2315 ix.
1238 2284 1313 2314 440,

1069 2333 1178 2363 Nudus
1194 2344 1269 2362 rura
1285 2338 1375 2363 tenet.

940 2380 1003 2411 Ubi
1019 2381 1115 2412 codex
1128 2381 1230 2412 Vossii
1245 2382 1327 2411 colit.
1344 2387 1492 2422 praeterea
1505 2387 1602 2411 tenere

938 2429 1082 2460 convenit
1122 2429 1310 2471 praecedenti
1348 2430 1441 2459 verbo
1474 2429 1602 2471 Haberey

943 2479 1031 2521 cujus
1045 2478 1155 2509 eadem
1171 2479 1228 2514 vis,
1247 2485 1277 2509 et
1292 2478 1375 2519 quod
1397 2479 1476 2509 male
1494 2479 1602 2509 Douza

943 2527 1070 2568 antique
1094 2527 1196 2562 sumit,
1213 2538 1265 2569 pro
1281 2528 1425 2557 habitare.
1449 2538 1519 2557 cum
1537 2527 1601 2568 ipse

942 2576 1014 2606 infr.
1035 2576 1105 2606 163.
1130 2577 1289 2606 habendum
1305 2575 1439 2617 explicet
1453 2578 1598 2615 possiden-

943 2627 1021 2655 dum.
1044 2624 1140 2655 Ovid.
1159 2624 1180 2654 i.
1197 2625 1331 2654 Metam.
1352 2625 1422 2654 197.

988 2675 1047 2708 Qui
1063 2684 1108 2703 vos
1124 2675 1266 2713 habeoque
1277 2685 1412 2715 regoque.

943 2724 982 2753 Et
997 2724 1039 2753 ita
1054 2721 1171 2753 centies
1186 2724 1299 2753 Noster
1314 2729 1344 2753 et
1360 2722 1424 2753 alii.
1472 2723 1585 2752 nunu.

1060 2776 1087 2807 G
