1849 3198
587 199 884 243 AMORUM.
937 201 1056 243 LIB.
1087 202 1150 243 Π.
1185 203 1253 244 10.

1538 205 1626 246 369

224 314 411 371 Stulte,
430 315 551 378 quid
570 323 648 363 est
672 332 891 371 somnus,
909 316 1086 377 gelidae
1113 318 1205 364 nisi
1226 318 1396 365 mortis
1422 319 1584 381 imago
1602 320 1620 365 ?

296 391 466 454 Longa
491 393 782 455 quiescendi
808 400 1035 456 tempora
1058 393 1159 441 fata
1182 395 1388 442 dabunt.

224 467 313 516 Me
339 469 484 516 modo
510 469 763 532 decipiant
787 485 933 516 voces
959 469 1147 517 fallacis
1174 472 1345 518 amicae
1366 489 1375 519 :

293 545 552 609 Sperando
577 554 711 593 certe
736 547 919 609 gaudia
943 564 1124 610 magna
1148 548 1317 595 feram.

225 621 292 670 Et
314 624 462 670 modo
487 624 753 671 blanditias
779 625 940 681 dicat;
983 625 1129 672 modo
1148 626 1315 688 jurgia
1339 633 1545 688 quaerat.

290 700 437 764 Saepe
461 700 592 748 fruar
615 701 841 748 domina:
883 717 1017 764 saepe
1043 702 1271 764 repulsus
1297 718 1422 749 eam.

1549 705 1612 748 46

220 775 366 830 Quod
380 778 561 825 dubius
575 777 712 824 Mars
730 785 828 835 est;
852 795 941 841 per
955 786 1020 834 te,
1040 778 1261 842 privigne
1281 779 1495 842 Cupido,
1513 787 1611 826 est:

289 853 355 900 Et
379 862 543 902 movet
566 855 798 917 exemplo
822 855 1024 901 vitricus
1051 871 1187 902 arma
1210 862 1312 902 tuo.

219 928 296 975 Tu
321 930 441 977 levis
466 947 536 986 es,
564 931 821 993 multoque
847 931 943 977 tuis
969 931 1219 978 ventosior
1244 932 1363 979 alis:

287 1007 584 1071 Gaudiaque
610 1008 842 1070 ambigua
868 1009 1059 1072 dasque
1086 1025 1340 1072 negasque
1365 1009 1479 1056 fide.

1548 1013 1611 1056 50

220 1083 273 1130 Si
299 1091 466 1132 tamen
491 1086 716 1142 exaudis,
745 1086 952 1149 pulchra
977 1103 1091 1133 cum
1118 1086 1298 1141 Matre,
1326 1093 1605 1148 rogantem;

284 1161 545 1210 Indeserta
568 1179 679 1210 meo
704 1170 907 1225 pectore
932 1179 1085 1225 regna
1108 1170 1239 1210 tene.

217 1237 478 1286 Accedant
502 1256 669 1301 regno,
698 1239 904 1286 nimium
928 1255 1054 1302 vaga
1077 1240 1237 1295 turba,
1265 1240 1460 1303 puellae.

282 1316 543 1363 Ambobus
569 1315 767 1379 populis
793 1316 862 1362 sic
889 1317 1198 1363 venerandus
1225 1317 1337 1364 eriS.

711 1625 1013 1673 ELEGIA
1052 1627 1116 1672 X.

208 1745 287 1793 Tu
314 1747 450 1802 mihi,
477 1754 530 1793 tu
556 1754 707 1803 certe,
735 1748 983 1810 (memini)
1007 1747 1253 1801 Graecine,
1282 1746 1518 1807 negabas,

282 1823 395 1870 Uno
420 1840 569 1887 posse
594 1824 813 1887 aliquem
837 1832 1062 1889 tempore
1089 1839 1253 1871 amare
1278 1823 1419 1869 duas,

253 2011 308 2041 41.
338 2011 446 2042 M'ortis
474 2012 600 2053 imago]
634 2012 738 2044 Noctis
764 2024 873 2055 perpe-

209 2070 275 2091 ram
300 2060 362 2091 duo
386 2060 468 2091 libri.
492 2061 562 2092 Cic.
587 2062 681 2092 Tusc.
707 2064 827 2099 Quaest.
852 2063 872 2093 i.

211 2110 311 2141 Habes
324 2121 466 2146 somnum,
483 2112 642 2152 imaginem
664 2114 776 2148 mortis,
792 2124 870 2143 eam-

208 2170 263 2199 que
290 2161 420 2199 quotidie
447 2161 561 2196 induis,
591 2167 619 2191 et
642 2163 771 2197 dubitas,
797 2164 870 2202 quin

207 2218 307 2238 sensus
323 2209 354 2238 in
370 2214 463 2238 morte
484 2209 590 2239 nullus
612 2211 661 2244 sit.
676 2221 744 2240 cum
758 2213 791 2240 in
812 2213 876 2250 <jus

206 2257 367 2287 simulacro
393 2258 491 2287 videas
520 2268 577 2288 esse
601 2258 721 2288 nullum
744 2270 872 2290 sen-sum.

209 2306 293 2336 Hinc
313 2304 444 2341 Graecis.
466 2306 574 2343 ὑπνὸς
594 2308 704 2348 μικρὸς
719 2307 872 2345 θανάτος.

209 2354 327 2384 Hzms.

250 2404 303 2434 45.
332 2403 446 2445 Jurgia
471 2404 600 2445 nectat]
635 2405 672 2435 In
699 2404 814 2435 Moreti
837 2411 869 2436 et

206 2452 468 2489 Francofurtensi,
498 2453 612 2495 Jurgia
643 2460 766 2494 φωναί,
798 2465 867 2495 quae

205 2501 304 2532 multo
317 2501 500 2541 elegantior,
517 2507 549 2532 et
561 2502 600 2532 ad
613 2512 679 2533 rem
693 2512 868 2533 accommo—

206 2549 320 2580 datior.
344 2549 401 2580 etsi
419 2560 523 2580 veram
534 2550 630 2591 jurgii
649 2561 791 2581 caussam
808 2561 869 2582 non

206 2598 322 2628 habeat
343 2609 477 2635 mecum,
493 2599 547 2640 qui
571 2599 654 2630 omni
677 2610 745 2629 eam
768 2600 868 2630 officio

205 2647 284 2683 colo,
307 2653 428 2688 quaerat
457 2658 598 2679 caussam
627 2654 658 2678 et
682 2654 867 2689 praetextum

199 2695 385 2736 jurgiorum.
429 2697 545 2727 anm.

248 2745 302 2775 51.
331 2745 465 2776 Pulchra
486 2758 552 2776 cnm
582 2746 695 2783 Matre,
725 2746 866 2786 Cupido-'j

208 2796 309 2826 VOL.
334 2797 361 2828 Ι.

943 2014 1111 2055 Rogantem
1126 2023 1180 2054 pro
1195 2013 1318 2043 diversa
1341 2011 1473 2042 lectione
1488 2010 1605 2040 Putea-

941 2073 1028 2094 neus.
1073 2063 1248 2093 Hsmsms.
1294 2060 1356 2091 Sed
1372 2062 1480 2090 audire
1497 2071 1605 2101 rogan-

940 2118 997 2141 tem
1017 2111 1117 2152 magis
1132 2110 1279 2141 Latinum
1302 2114 1387 2151 puto,
1404 2119 1498 2150 quam
1513 2119 1604 2138 exau—

936 2163 1013 2191 dire.
1029 2165 1153 2202 possent
1164 2159 1290 2201 quidem
1302 2169 1339 2189 ex
1348 2158 1462 2188 Nostro
1472 2157 1542 2188 loca
1550 2157 1605 2188 ad-

944 2209 1025 2245 ferri,
1042 2208 1095 2240 ubi
1111 2211 1253 2240 exaudire
1263 2207 1405 2243 occurrit,
1417 2212 1452 2237 ut
1465 2206 1500 2237 ii.
1514 2207 1605 2237 Pont.

942 2259 987 2289 ix.
1004 2261 1034 2290 5.
1050 2258 1093 2289 xi.
1106 2258 1241 2288 Metam.
1260 2258 1308 2287 18.
1322 2256 1387 2287 xiii.
1397 2257 1473 2287 858.
1492 2255 1547 2286 sed
1563 2255 1605 2286 ibi

941 2319 1003 2338 non
1018 2312 1117 2343 notat,
1134 2306 1218 2347 quod
1239 2305 1352 2346 vulgus
1376 2309 1475 2346 putet,
1491 2304 1535 2335 ita
1550 2315 1605 2336 au-

939 2357 1006 2387 dire
1034 2366 1153 2398 preceS,
1183 2360 1218 2385 ut
1244 2354 1337 2394 vulgo
1365 2353 1454 2383 Deus
1480 2352 1605 2388 dicitur,

936 2417 1008 2437 cum
1025 2404 1150 2435 veniam
1175 2403 1240 2439 dat,
1264 2402 1320 2433 sed
1342 2412 1462 2437 sonum,
1480 2411 1602 2442 vocem,

937 2454 977 2485 ad
993 2464 1082 2485 aures
1104 2452 1277 2494 pervenire,
1300 2455 1336 2481 ut
1361 2460 1482 2491 semper
1504 2454 1603 2480 notat.

938 2504 1055 2533 Burin.

985 2601 1010 2629 l.
1035 2599 1204 2639 Graecina]
1225 2599 1317 2628 Hunc
1333 2595 1514 2627 Graecinum
1531 2604 1602 2625 eum

937 2659 1003 2679 esse
1015 2648 1132 2690 opinor,
1146 2648 1185 2678 ad
1201 2657 1294 2689 quem
1307 2647 1339 2676 in
1350 2645 1438 2675 libris
1450 2645 1488 2674 de
1504 2644 1603 2673 Ponto

937 2703 998 2727 tres
1014 2702 1135 2727 exstant
1150 2696 1271 2738 elegiae.
1317 2695 1410 2724 Cmr.

1020 2798 1080 2826 Bb
