1849 3198
505 204 693 247 ARTIS
727 202 1083 244 AMATORIAE
1118 202 1236 243 LIB.
1270 203 1307 243 Ι.

1516 203 1600 244 459

215 319 442 382 Auguror
466 336 556 376 en;
597 319 786 365 vinces:
826 318 1088 379 votivaque
1115 318 1334 364 carmina
1358 317 1585 364 reddam:

283 396 349 443 Et
374 413 553 459 magno
578 396 720 442 nobis
746 411 829 441 ore
855 395 1106 441 sonandus
1133 395 1246 441 eris.

1505 396 1601 439 206

219 473 496 530 Consistes,
524 474 785 535 aciemque
811 472 934 519 meis
960 472 1221 518 hortabere
1246 471 1427 517 verbis.

284 550 327 596 O
355 551 520 598 desint
543 550 718 597 animis
745 566 807 596 ne
833 565 945 596 mea
968 549 1118 595 verba
1142 548 1267 594 tuis!

216 627 479 690 Tergaque
495 627 811 682 Parthorum,
835 625 1166 687 Romanaque
1191 631 1395 688 pectora
1413 623 1599 679 dicam;

283 704 522 767 Telaque,
550 704 612 750 ab
639 719 810 750 averso
836 719 947 765 quae
968 702 1092 765 jacit
1115 701 1270 748 hostis
1297 716 1445 763 equo.
1507 703 1604 745 210

218 780 316 835 Qui
334 780 479 843 fugis,
500 787 556 827 ut
569 781 754 834 vincas,
777 779 898 841 quid
917 779 1091 834 victos,
1115 778 1318 831 Parme,
1336 777 1603 839 relinquis?

285 857 486 912 Parthe‚
503 857 688 903 malum
708 857 813 918 jam
833 871 963 902 nunc
981 854 1119 901 Mars
1139 861 1253 900 tuus
1274 869 1421 899 omen
1436 853 1587 899 habet

220 934 353 996 Ergo
379 935 472 981 erit
495 934 579 980 illa
602 933 726 988 dies,
755 932 856 995 qua
882 938 953 987 tu,
979 930 1309 995 pulcherrime
1335 945 1514 984 rerum,

286 1011 532 1065 Quattuor
555 1011 605 1057 in
630 1010 784 1056 niveis
810 1024 987 1056 aureus
1014 1008 1107 1054 ibis
1134 1007 1294 1070 equis.

222 1087 374 1134 Ibunt
399 1094 513 1134 ante
533 1088 704 1141 duces,
732 1085 920 1132 onerati
948 1084 1077 1131 colla
1101 1084 1315 1139 catenis;

1509 1085 1606 1129 215

288 1163 367 1211 Ne
391 1164 584 1227 possint
607 1163 720 1217 tuti,
749 1162 847 1225 qua
872 1161 1024 1224 prius,
1053 1177 1163 1208 esse
1187 1160 1323 1222 fuga.

223 1241 535 1305 Spectabunt
558 1240 658 1287 laeti
678 1241 905 1303 juvenes,
933 1239 1206 1300 mixtaeque
1231 1237 1409 1301 puellae
1430 1254 1438 1282 :

290 1318 652 1380 Diffundetque
677 1317 866 1364 animos
892 1316 1121 1363 omnibus
1146 1315 1243 1362 ista
1266 1315 1389 1361 dies,

223 1393 390 1457 Atque
416 1395 584 1456 aliqua
607 1410 670 1441 ex
695 1393 789 1439 illis
815 1409 930 1440 cum
957 1392 1155 1454 Regum
1182 1392 1381 1438 nomina
1405 1396 1609 1453 quaeret,

291 1470 414 1525 Quae
439 1471 564 1525 loca,
593 1470 678 1532 qui
704 1476 914 1525 montes,
944 1485 1116 1532 quaeve
1141 1469 1359 1516 ferantur
1384 1483 1555 1529 aquae;

226 1548 409 1595 Omnia
432 1548 706 1612 responde:
747 1563 839 1594 nec
865 1553 1058 1594 tantum
1084 1547 1125 1592 si
1150 1562 1250 1609 qua
1273 1545 1488 1607 rogabit;
1515 1545 1606 1589 221

293 1625 359 1672 Et
384 1642 496 1688 quae
522 1625 776 1679 nescieriS‚
806 1632 859 1671 ut
882 1625 1010 1671 bene
1037 1630 1154 1670 nota
1179 1623 1319 1670 refer.

224 1822 263 1852 de
276 1822 353 1864 Cajo
363 1821 526 1852 Tiberiove
540 1821 777 1862 intelligendum
790 1834 795 1851 ;
812 1832 887 1863 quo-

226 1882 293 1901 rum
320 1870 432 1907 neutri,
457 1881 559 1911 neque
579 1871 660 1906 vivo,
686 1882 785 1912 neque
811 1882 889 1902 mor-

227 1927 290 1955 tuo,
313 1920 412 1950 divini
441 1919 571 1950 honores
599 1920 761 1951 constituti
792 1920 889 1950 fuere.

228 1969 354 1999 Murri„

270 2019 346 2048 207.
374 2017 547 2057 Consistes]
576 2017 613 2047 ln
639 2016 705 2047 acie
731 2016 892 2047 accinctus

228 2066 350 2108 proelio.
396 2067 445 2096 Bc
452 2077 500 2095 1131
507 2088 514 2096 .

274 2122 350 2151 211.
376 2120 547 2161 Quisugis,
562 2127 597 2150 ut
615 2122 714 2150 cincus
728 2120 804 2160 δια]
819 2120 891 2149 Non

231 2176 278 2201 est
303 2169 386 2201 unde
410 2168 485 2210 quid
508 2169 540 2199 in
567 2169 623 2200 hoc
640 2180 730 2199 versu
756 2179 891 2203 moveas,

231 2229 324 2260 quem
340 2224 445 2248 tamen
459 2228 523 2252 sua,
542 2223 576 2247 ut
594 2216 647 2252 ait,
661 2217 806 2256 periculo,
829 2216 891 2257 legi

231 2267 275 2298 sic
291 2266 440 2297 Heinsius
455 2266 598 2296 volebat:

277 2316 435 2358 Quifugis
452 2322 485 2345 ut
500 2317 609 2351 vincas,
622 2317 693 2355 quid
710 2316 796 2351 victo,
815 2315 892 2345 Par-

322 2367 381 2400 the,
400 2365 567 2405 relinques?

233 2413 372 2445 Primum
389 2413 472 2444 enim
494 2412 534 2443 ad
550 2412 674 2443 solitum
689 2411 813 2442 Parthis
829 2422 893 2441 mo-

233 2473 296 2494 rem
313 2462 435 2493 adludit
457 2462 562 2503 po'e'ta,
578 2461 631 2502 qui
647 2460 783 2490 victoriae
807 2470 894 2501 spem

234 2518 266 2542 et
281 2510 427 2542 fiduciam
451 2510 482 2540 in
497 2510 572 2551 fuga
594 2510 762 2551 ponebant,
780 2509 896 2548 (fiden-

236 2567 349 2600 temque
360 2561 446 2601 suga
467 2560 628 2594 Parthum,
648 2558 756 2599 Vix-gil.
777 2558 894 2597 Georg-

236 2608 282 2639 iii.
301 2610 370 2648 30.)
387 2608 426 2639 ad
450 2618 587 2649 pugnam
610 2618 680 2637 mox
696 2606 828 2637 acriores
851 2616 896 2637 re—

237 2658 373 2689 versuri:
400 2657 513 2688 deinde
525 2668 597 2688 vero
611 2656 763 2686 simulata=
781 2666 895 2691 veram,

238 2717 331 2748 quam
347 2707 513 2742 ominatur,
532 2706 634 2747 fugam
651 2715 820 2748 opponens,
839 2704 894 2734 ad-

957 1821 1003 1852 dit
1023 1820 1149 1852 ironice:
1175 1821 1246 1860 quid
1265 1821 1361 1853 ric-tos,
1383 1818 1505 1852 Purtlze,
1523 1818 1615 1847 relin-

957 1872 1042 1911 quis?
1065 1870 1141 1912 quid
1157 1870 1328 1903 Romanos,
1349 1878 1426 1908 quos
1450 1867 1617 1908 rictusjam

958 1920 1050 1951 solita
1080 1919 1186 1950 fraude
1210 1917 1382 1960 praesumis,
1409 1917 1562 1956 relinquis,
1587 1922 1618 1946 et

948 1970 1041 2011 fugis
1058 1969 1135 2010 ipse,
1152 1967 1242 2009 quasi
1257 1968 1378 1997 victus!
1403 1965 1491 1995 Nihil
1507 1965 1556 1996 hic
1572 1965 1618 1995 vi-

959 2019 1030 2054 deo,
1047 2017 1129 2059 quod
1155 2028 1215 2048 non
1237 2015 1395 2058 aptissime
1420 2025 1490 2044 cum
1516 2020 1619 2044 mente

960 2070 1060 2110 po'etae
1073 2073 1245 2108 congruat3
1268 2066 1343 2095 dum
1360 2075 1452 2105 quem
1468 2074 1505 2094 ex
1522 2064 1620 2094 Hein-

960 2118 1047 2148 siana
1062 2116 1196 2148 lectione
1213 2126 1337 2146 sensum
1353 2124 1454 2150 eruas,
1467 2114 1516 2144 vix
1531 2112 1620 2155 capio

960 2165 1213 2207 intelligendum.
1259 2163 1379 2194 AMAR.

1003 2217 1079 2246 213.
1107 2215 1188 2255 Ergo
1203 2215 1260 2245 erit
1277 2213 1360 2252 illm]
1389 2212 1460 2241 Non
1477 2211 1622 2242 invenus-

961 2271 1038 2299 tum,
1054 2263 1136 2305 quod
1150 2263 1245 2293 habet
1257 2261 1355 2292 codex
1370 2260 1500 2301 Regius,
1518 2261 1622 2294 Quan-

961 2316 996 2343 do
1012 2315 1070 2343 erit
1088 2314 1140 2342 illa
1157 2314 1230 2342 dies.
1261 2310 1343 2352 quod
1359 2310 1527 2340 vehemens
1542 2309 1622 2339 desi-

961 2362 1081 2392 derium
1097 2360 1255 2403 exprimit.
1301 2359 1362 2389 Sed
1378 2358 1497 2389 retineo
1514 2357 1622 2397 vulga-

962 2417 1037 2446 tam,
1050 2422 1113 2452 qua
1123 2421 1155 2441 se
1167 2416 1285 2440 certum
1295 2409 1361 2450 jam
1377 2409 1469 2449 poeta
1479 2407 1624 2437 ostendit.

963 2461 1080 2490 Burni.

1007 2509 1082 2538 214.
1106 2510 1223 2538 Aureus
1239 2509 1292 2537 ibis
1307 2506 1418 2547 equis.]
1443 2504 1623 2535 Notandum

965 2557 1016 2587 hic
1044 2559 1086 2587 ire
1110 2559 1140 2587 in
1163 2558 1242 2596 equis
1267 2555 1340 2597 poni
1359 2565 1414 2596 pro
1438 2564 1527 2584 curru
1542 2553 1625 2588 vehi,

965 2616 1036 2636 cum
1060 2605 1148 2636 aliter
1170 2615 1224 2646 pro
1246 2604 1385 2645 equitare
1408 2602 1487 2633 sumi
1513 2602 1623 2632 soleat.

966 2656 1084 2685 Burin.
