1849 3198
642 196 988 239 HEROIDES.
1022 195 1114 237 ΕΡ.
1143 194 1289 237 ΧΙΧ.

1577 196 1663 237 255

696 367 1044 417 EPISTOLA
1083 367 1230 415 XIX.

624 499 843 540 HERO
902 497 1309 539 LEANDRO.

275 631 439 686 Quam
464 630 583 677 mihi
608 629 785 677 misisti
808 628 988 684 verbis,
1018 626 1259 681 Leandre,
1287 626 1513 683 salutem,

342 708 414 756 Ut
437 708 625 772 possim
650 708 853 755 missam
878 707 1026 754 rebus
1051 706 1263 762 habere3
1303 704 1432 751 veni.

278 786 448 849 Longa
470 803 608 833 mora
631 794 708 834 est
732 786 874 833 nobis
899 784 1076 839 omnis,
1105 799 1217 846 quae
1243 782 1426 845 gaudia
1449 781 1629 830 differt.

343 863 423 911 Da
446 864 639 912 veniam
664 863 836 920 fassae3
877 879 974 909 non
999 861 1246 925 patienter
1270 875 1399 906 amo.

277 940 479 987 Urimur
504 941 616 1004 igne
641 941 775 1005 pari:
816 940 905 987 sed
930 955 1040 986 sum
1064 937 1155 985 tibi
1179 937 1363 984 viribus
1390 937 1565 1001 impar.
1633 940 1662 984 5

344 1019 539 1066 Fortius
564 1020 816 1082 ingenium
843 1017 1068 1081 suspicor
1093 1030 1204 1063 esse
1228 1014 1361 1061 viris.

279 1095 350 1144 Ut
374 1113 570 1160 corpus,
596 1097 780 1145 teneris
806 1096 875 1143 ita
898 1110 1039 1142 mens
1065 1092 1258 1140 infirma
1282 1091 1480 1155 puellis.

346 1174 616 1232 Deficiam;
658 1174 795 1238 parvi
820 1171 1058 1236 temporis
1084 1170 1212 1217 adde
1237 1185 1441 1216 moram.

276 1250 395 1307 Vos,
423 1253 570 1299 modo
594 1252 835 1307 venando,
862 1250 1010 1297 modo
1035 1265 1116 1295 rus
1142 1247 1336 1310 geniale
1362 1247 1587 1302 colendo,

345 1328 537 1376 Ponitis
562 1330 611 1376 in
635 1330 769 1378 varia
795 1337 1022 1392 tempora
1045 1328 1195 1390 longa
1220 1327 1376 1372 mora.
1610 1328 1667 1372 10

279 1405 380 1452 Aut
404 1406 508 1454 fora
530 1424 615 1455 vos
641 1408 869 1463 retinent,
898 1412 983 1453 aut
1002 1412 1165 1452 unctae
1191 1405 1323 1451 dona
1346 1403 1619 1467 palaestrae:

348 1483 571 1534 Flectitis
597 1493 683 1534 aut
706 1485 843 1534 freno
866 1484 994 1533 colla
1017 1482 1246 1547 sequacis
1273 1481 1408 1545 equi.

327 1661 354 1691 1.
381 1660 546 1702 Leandra]
572 1662 707 1693 Dubitat
728 1661 880 1703 Egnatius
903 1672 943 1692 an

281 1720 351 1746 non,
367 1710 466 1751 prima
486 1711 608 1751 syllaba
630 1710 795 1754 producta,
815 1711 942 1743 Graeco-

280 1769 347 1789 rum
376 1770 459 1790 more
489 1760 638 1792 Leianclre
665 1760 704 1791 sit
732 1760 942 1792 scribendum.

282 1808 354 1839 Non
377 1814 470 1850 puto:
495 1820 567 1840 nam
583 1821 640 1841 nec
662 1810 821 1851 Cythereia
836 1810 943 1842 scribi-

281 1863 341 1893 tur,
359 1865 412 1889 aut
430 1859 548 1889 Medeia
572 1865 626 1890 aut
648 1861 779 1891 AEneias.
824 1860 944 1891 Graecis

283 1917 370 1947 porro
400 1912 462 1938 tam
492 1907 665 1950 Λὴανδρος
694 1909 725 1939 in
754 1920 823 1945 usu,
850 1920 944 1950 quam

285 1954 461 1997 Λέανδρος,
484 1963 537 1987 aut
555 1956 732 1999 Λεὶαυέρος
755 1957 861 1994 fuisse,
876 1968 945 2000 pro-

284 2005 338 2035 bat
352 2005 446 2035 Alex.
461 2006 565 2037 Severi
589 2017 743 2037 nummus.
767 2007 851 2048 apud
874 2008 945 2037 Mo-

284 2053 407 2084 rellium
431 2053 462 2085 in
483 2055 652 2097 specimine
669 2055 729 2086 Rei
753 2056 946 2093 nummariae,

282 2116 313 2146 p.
334 2105 406 2135 188.
432 2105 581 2136 Las-xm.

332 2155 380 2184 ll.
404 2155 551 2196 Autfora
567 2166 613 2185 vos
628 2156 772 2191 retinent,
784 2161 837 2185 nat
850 2161 947 2186 unctae

287 2205 363 2234 (Iona
385 2203 559 2244 palestre]
587 2204 614 2233 E
637 2203 849 2234 Romanorum
874 2214 947 2234 con-

286 2253 451 2284 suetudine
488 2252 607 2284 dictum
644 2259 700 2290 est,
736 2253 789 2295 qui
831 2253 949 2284 caussis

287 2302 415 2343 agendis
441 2302 473 2333 in
489 2301 551 2332 foro
567 2313 599 2334 se
623 2304 823 2340 exercebant,
838 2308 868 2333 et
890 2314 947 2344 pa-

287 2351 390 2382 laestra
425 2351 588 2382 ludebant.
634 2352 791 2384 Martialis
821 2353 878 2383 lib.
907 2352 949 2383 iv.

289 2400 448 2442 Epigram.
487 2401 520 2430 8.
566 2411 628 2442 quo
665 2401 784 2442 aliquot

288 2460 389 2481 mores
404 2455 585 2492 prosecutus
602 2456 665 2481 est:

336 2500 441 2530 Prima
454 2501 618 2530 salutantes
632 2507 720 2541 atque
735 2501 833 2530 altera
855 2501 949 2530 conti—

828 2401 949 2432 illorum

419 2556 468 2579 net
485 2550 556 2579 hora
566 2561 576 2587 ,-

380 2599 505 2629 Eiercet
521 2611 626 2629 raucos
642 2601 729 2629 tertia
746 2600 919 2630 causidicos.

339 2647 374 2677 Ιιι
391 2650 525 2688 quintam
542 2650 638 2679 farios
652 2651 780 2679 emenda
797 2648 889 2678 Roma
908 2649 951 2678 Ia-

420 2699 509 2732 bores,

382 2748 468 2776 Serta
482 2749 560 2786 quies
575 2748 665 2783 lassis,
677 2746 873 2786 seplimafinis
886 2749 955 2778 erit.

1054 1659 1174 1701 Sufficit
1190 1660 1221 1688 in
1243 1670 1350 1688 nonam
1375 1658 1482 1688 nitidis
1495 1663 1598 1688 octava
1619 1669 1673 1697 pa-

1139 1710 1254 1744 bestris,

1055 1757 1186 1798 Imperat
1202 1765 1349 1789 extructos
1362 1756 1515 1799 frangere
1535 1769 1612 1787 riona
1630 1763 1673 1786 to-

1137 1819 1197 1839 ros.

1056 1858 1142 1889 Hora
1160 1859 1327 1888 libellorum
1346 1858 1460 1887 decima
1483 1862 1537 1891 est,
1558 1855 1675 1895 Euphe-

1140 1918 1195 1943 me,
1211 1918 1354 1941 meorum,

1060 1956 1213 1996 Temperat
1243 1957 1400 1986 ambrosias
1429 1966 1495 1985 cum
1522 1960 1575 1984 tua
1604 1965 1679 1984 cura

1142 2008 1241 2046 ‹IapeS.
1541 2003 1636 2033 Cror.

1059 2054 1121 2083 Aat
1136 2061 1232 2085 unctae
1248 2055 1324 2084 dona
1339 2052 1514 2093 palaestra]
1543 2053 1586 2083 Τὸ
1602 2054 1680 2083 dona

1016 2113 1077 2133 non
1093 2103 1256 2134 satisfacit.
1282 2102 1365 2144 quod
1382 2113 1418 2133 ex
1438 2101 1562 2132 officina
1586 2101 1681 2133 inter-

1015 2152 1189 2194 polatorum
1211 2163 1324 2183 censeo
1348 2150 1518 2194 prodiisse:
1553 2160 1624 2181 cum
1649 2150 1681 2181 in

1017 2203 1248 2244 exemplaribus
1275 2208 1367 2239 esset,
1397 2208 1494 2232 anctae
1520 2202 1679 2240 palam-cr,

1016 2252 1129 2283 omissa
1166 2252 1315 2284 videlicet
1351 2251 1445 2282 unica
1472 2261 1560 2287 voce,
1588 2261 1682 2292 quam

1018 2301 1161 2343 cognatio
1177 2301 1337 2332 literarum
1353 2302 1410 2332 τοῦ
1433 2307 1531 2330 unctae
1556 2300 1683 2341 absorp-

1017 2357 1110 2387 serat,
1127 2351 1301 2393 cujusmodi
1317 2350 1446 2381 mendas
1460 2348 1683 2391 propemodum

1018 2399 1165 2436 infinitas,
1181 2411 1252 2431 cum
1275 2400 1307 2430 in
1321 2399 1458 2435 Nasone,
1475 2404 1541 2429 tum
1566 2398 1597 2428 in
1614 2397 1683 2428 aliis

1018 2450 1219 2492 scriptoribus
1247 2448 1521 2492 deprehendimus.
1560 2447 1683 2478 videtur

1019 2510 1091 2541 ergo
1107 2510 1125 2530 a
1141 2500 1275 2531 Nasonis
1287 2510 1381 2530 manu
1399 2499 1507 2530 fuisse:

1206 2552 1269 2580 Aut
1295 2556 1391 2580 urictae
1418 2550 1500 2580 lacta
1526 2549 1682 2588 palaslrae.

1517 2598 1639 2627 Hssixs.

1067 2650 1117 2679 12.
1146 2648 1274 2688 Fagacis
1298 2648 1394 2688 equi]
1423 2648 1460 2678 In
1482 2646 1607 2678 laudem
1631 2655 1683 2686 po-

1022 2697 1115 2733 nitur,
1131 2696 1161 2727 id
1177 2702 1234 2731 cst,
1250 2697 1370 2733 celeris,
1389 2696 1512 2727 velocis.
1550 2695 1600 2725 Sic
1618 2694 1682 2723 110-

1024 2752 1082 2777 rat.
1099 2746 1169 2776 Ode
1188 2746 1209 2776 i.
1228 2746 1282 2777 lib.
1299 2745 1330 2777 ii.
1346 2756 1442 2777 carm.
