1849 3198
256 239 313 280 76
642 235 693 278 Ρ.
727 234 941 278 OVIDII
974 235 1254 278 NASONIS

258 353 403 401 Hanc
422 359 606 408 tamen,
626 351 656 398 ὃ
670 351 893 408 demens,
917 351 1222 415 Colchisque
1241 351 1405 400 ablate
1423 351 1643 409 venenis,

325 430 519 477 Diceris
545 428 858 494 Hypsipyles
882 429 1214 492 praeposuisse
1238 435 1361 476 toro.

256 506 488 571 Turpiter
512 507 596 553 illa
617 506 775 553 virum
800 505 1031 567 cognovit
1054 505 1279 552 adultera
1301 505 1465 568 virgo:

325 585 412 632 Me
437 585 543 640 tibi,
571 591 722 647 teque
746 583 866 630 mihi
891 582 1022 629 taeda
1045 582 1228 645 pudica
1251 583 1405 630 dedit.

256 662 485 710 Prodidit
508 662 591 708 illa
615 669 830 725 patrem:
860 660 1000 723 rapui
1019 660 1082 707 de
1106 661 1245 708 caede
1266 660 1508 708 Thoanta.
1553 663 1644 706 135

323 739 559 787 Deseruit
585 738 830 785 Colchos:
871 753 950 783 me
975 752 1088 783 mea
1113 736 1326 784 Lemnos
1352 738 1519 784 habet.

258 817 391 872 Quid
416 817 580 873 refert,
609 817 851 863 scelerata
875 814 1009 878 piam
1034 814 1075 860 si
1099 814 1267 870 vincit,
1295 821 1345 862 et
1369 815 1478 878 ipso

324 895 545 942 Crimine
570 894 740 941 dotata
765 899 859 948 est,
888 891 1197 955 emeruitque
1220 891 1411 939 virum?

257 972 583 1020 Lemniadum
608 971 798 1018 facinus
825 970 988 1032 cupo
1017 986 1114 1016 non
1139 970 1302 1026 miror,
1331 969 1496 1017 I'ason.

322 1050 609 1105 Quamlibet
632 1049 768 1096 iratis
794 1049 901 1112 ipse
927 1047 1013 1093 dat
1037 1063 1172 1094 arma
1196 1047 1349 1094 dolor.

255 1206 313 1237 Et:

296 1257 359 1286 Aut
378 1256 457 1285 lacer
473 1257 503 1285 in
519 1256 600 1285 siliis
620 1254 755 1284 manibus
775 1263 918 1295 x§purgare

386 1310 523 1334 tuorum.-

339 1354 465 1393 Sparsus
479 1360 515 1383 ut
531 1359 572 1384 est
590 1353 693 1383 Thebis
711 1363 811 1393 angue
831 1362 915 1381 crea-

380 1409 427 1433 tus
442 1414 509 1433 avo.
775 1401 870 1431 C10F.

298 1454 370 1483 130.
391 1452 573 1493 Pignoribus
586 1457 721 1491 parceret
740 1452 793 1480 illa
805 1452 874 1481 meis
882 1450 910 1490 ?]

253 1504 344 1534 Hanc
367 1501 553 1532 sententiam
579 1511 755 1542 expressam
781 1499 915 1541 legimus

254 1553 310 1584 lib.
331 1552 354 1582 i.
400 1550 593 1592 Epigramm.
621 1560 714 1591 quam
734 1549 779 1579 ita
804 1549 913 1580 Latine

253 1599 391 1633 reddidit
405 1598 549 1629 Alciatus
564 1598 596 1628 in
611 1598 675 1628 suis
690 1597 902 1628 emblematis:

298 1649 452 1680 Colchidos
466 1649 498 1677 in
512 1649 624 1689 gremio
639 1649 742 1677 nidum
759 1649 830 1688 quid
845 1659 913 1677 con-

379 1697 479 1737 geris?
499 1697 573 1726 eheu

340 1746 447 1777 Nescia
463 1757 519 1776 cur
538 1747 637 1786 pullos
654 1752 713 1776 tam
730 1747 805 1776 male
821 1748 917 1777 credis

380 1797 455 1825 avis.

297 1846 375 1876 Dira
399 1855 508 1885 parens
532 1844 641 1874 Medea
669 1855 734 1874 suos
762 1847 915 1875 saerissima

381 1900 465 1924 natos

341 1944 493 1979 Perdidit,
514 1950 541 1974 et
565 1954 663 1983 speras
680 1949 788 1983 parcat
811 1949 842 1973 ut
861 1944 916 1973 illa

382 1994 461 2023 tuis?
776 1993 869 2023 Cxor.

298 2042 371 2071 131.
401 2042 491 2071 Hanc
522 2041 651 2081 tamem]
694 2042 820 2071 Ablatus
849 2042 912 2072 ele-

252 2096 361 2132 ganter
375 2091 505 2126 (lictum,
521 2101 575 2132 pro
590 2090 621 2120 in
637 2090 793 2120 diversum
806 2101 824 2120 a
837 2091 913 2131 pris-

253 2140 319 2169 tina
333 2139 488 2169 sententia
504 2145 535 2169 et
555 2149 658 2169 amore
674 2139 820 2175 deducto,
838 2140 912 2170 alie—

253 2194 339 2218 nato.
363 2187 408 2218 ita
423 2199 491 2218 mox
511 2199 589 2218 vers.
610 2189 682 2218 150.

298 2236 446 2276 Quemque
467 2237 615 2276 veneficiis
629 2237 753 2266 abstulit
770 2238 822 2267 illa
839 2241 911 2269 suiv.

298 2286 372 2316 135.
399 2286 540 2315 Prodidit
569 2287 622 2315 illa
648 2287 796 2326 patrem]
837 2289 914 2319 AE'ef-

252 2340 328 2371 tam,
344 2334 393 2365 cui
415 2334 516 2376 rapuit
537 2334 636 2365 vellus
660 2345 800 2365 aureum.
825 2337 913 2367 illum

254 2385 413 2425 Meleager
438 2384 468 2414 in
483 2395 588 2425 pugna
604 2384 780 2419 trucidavit,
797 2396 866 2426 quae
884 2386 914 2417 in

252 2434 353 2464 littore
370 2444 440 2463 curn
456 2433 645 2474 Argonautis
661 2442 707 2464 est
721 2440 800 2464 orta.

299 2483 371 2512 136.
411 2482 553 2512 Deseruit
593 2482 752 2523 Coit-ham]
796 2484 915 2513 Colchos

252 2532 321 2563 libri
332 2542 448 2568 omnes,
463 2532 557 2572 idque
573 2538 669 2563 recte.
698 2532 816 2563 Colchos
831 2533 912 2564 enim

253 2593 313 2613 non
336 2580 460 2617 dicitur,
476 2581 530 2611 sed
549 2582 663 2612 Colchi.
710 2582 837 2623 Κόλχοι
860 2585 913 2614 καὶ

254 2631 380 2671 Κόλχις
396 2630 525 2660 Graecis.
541 2630 622 2660 Stat.
635 2642 666 2660 v.
678 2630 777 2661 Theb.

296 2680 378 2709 Alios
395 2678 496 2709 Colchi
510 2680 661 2720 generatis
676 2691 799 2710 amm-es.

253 2727 373 2759 Ennius
385 2726 468 2769 apud
483 2726 636 2758 Priscian.
653 2727 692 2759 de
705 2728 845 2760 versibus
859 2740 910 2760 co-

252 2787 358 2809 micis:

1550 1049 1642 1094 140

1031 1204 1175 1234 Petebant
1212 1205 1295 1234 illam
1330 1204 1437 1244 pellem
1471 1204 1647 1234 inauratam

1070 1255 1174 1283 arietis

1031 1302 1145 1333 Colchis
1166 1303 1287 1343 imperio
1310 1304 1390 1343 regis
1411 1302 1502 1333 Peliae
1519 1313 1573 1341 per
1594 1304 1644 1332 do-

1071 1353 1144 1382 lum.

983 1400 1024 1430 Et
1045 1399 1089 1430 ita
1106 1401 1218 1431 Noster
1237 1410 1371 1441 semper.
1394 1399 1497 1442 Epist.
1519 1399 1575 1430 xii.
1592 1401 1645 1431 23.

982 1449 1070 1480 xviii.
1099 1450 1172 1480 157.
1197 1449 1262 1479 xix.
1284 1449 1354 1479 175.
1390 1448 1497 1479 Amm.
1512 1449 1646 1481 Marcel.

982 1498 1038 1529 lib.
1061 1498 1136 1529 xxii.
1162 1499 1268 1529 Phasis
1279 1498 1492 1539 fremebundis
1512 1500 1646 1529 cursibus

985 1548 1103 1577 Colchos
1118 1549 1259 1589 attingit.
1305 1547 1425 1581 mes.

1030 1598 1101 1627 138.
1130 1598 1262 1627 Crimine
1284 1596 1419 1636 dotata]
1450 1596 1642 1637 Eleganter;

983 1646 1072 1687 quasi
1087 1646 1204 1676 crimen
1221 1652 1303 1677 esset
1317 1657 1371 1688 pro
1386 1646 1470 1676 dote.
1485 1645 1530 1677 ita
1544 1646 1645 1688 loqui-

984 1701 1033 1725 tur
1056 1702 1087 1726 et
1109 1695 1227 1727 Justin.
1245 1695 1267 1726 i.
1285 1706 1354 1737 cap.
1371 1696 1401 1726 7.
1440 1695 1520 1725 Uxor
1543 1697 1646 1726 mariti

982 1747 1130 1785 sanguine
1152 1746 1253 1775 dotata
1277 1756 1404 1785 regnum
1427 1746 1486 1775 viri
1500 1752 1528 1775 et
1550 1756 1578 1775 se
1589 1757 1645 1785 pa-

983 1796 1060 1825 riter
1074 1795 1213 1825 adultero
1229 1795 1370 1824 tradidit.
1416 1794 1535 1825 Bunxu.

1028 1845 1223 1884 Emeruitque
1263 1844 1390 1884 sirum]
1432 1843 1646 1885 Denteruz'tque

983 1894 1185 1925 Sarravianus
1213 1904 1284 1924 cum
1317 1899 1449 1934 quatuor
1482 1893 1562 1924 aliis.
1589 1895 1644 1925 sed

983 1945 1136 1973 emeruisse
1164 1954 1218 1985 pro
1252 1944 1427 1973 demeruisse
1456 1942 1549 1973 simili
1582 1943 1644 1985 sig-

982 1993 1158 2023 nificatione
1185 1992 1340 2023 occurrit:
1376 1990 1420 2022 sic
1442 1992 1485 2022 A.
1510 1993 1644 2030 Gellius,

982 2052 1053 2072 cum
1066 2042 1120 2072 lib.
1137 2041 1159 2071 i.
1176 2052 1245 2083 cap.
1263 2043 1294 2071 8.
1309 2042 1347 2071 de
1364 2042 1465 2072 Laide
1481 2041 1644 2074 Corinthia

982 2090 1120 2126 dixisset,
1137 2091 1175 2121 ob
1191 2091 1486 2132 elegantiumJirrirue
1498 2093 1644 2131 grandem

979 2143 1137 2178 pec-unium
1159 2141 1342 2175 demerebat3
1367 2140 1450 2170 idem
1474 2140 1530 2170 lib.
1549 2141 1590 2171 vi.
1612 2152 1642 2173 e.

982 2189 1011 2218 7.
1036 2189 1074 2219 de
1103 2189 1192 2220 Acca
1221 2189 1367 2219 Larentia
1393 2190 1447 2225 ait,
1477 2201 1582 2229 corpus
1610 2193 1643 2222 in

981 2240 1089 2280 vulgus
1116 2241 1216 2275 dabat,
1243 2241 1454 2279 pecuniamque
1478 2248 1645 2272 emeruerat

982 2300 1010 2319 61
1030 2295 1180 2328 essquu'stll
1200 2290 1327 2318 uberem.

1029 2338 1101 2368 140.
1142 2338 1286 2371 Qualibet
1316 2338 1433 2377 irutim]
1475 2338 1538 2368 Alii
1573 2339 1643 2370 libri

985 2388 1141 2421 Quodlibet
1179 2389 1219 2416 ad
1245 2387 1385 2427 sueinus.
1417 2386 1465 2416 vel
1499 2388 1643 2421 Qualibet

981 2438 1020 2466 ad
1039 2436 1180 2477 siu-inus.
1240 2436 1300 2465 Sed
1331 2442 1413 2466 recto
1453 2436 1642 2473 Puteaneus,

984 2486 1151 2519 Quamlibet
1178 2486 1273 2514 iratis.
1319 2485 1381 2522 Qui
1409 2485 1552 2526 loquendi
1579 2496 1642 2516 mo-

981 2534 1039 2564 dus
1062 2533 1151 2564 unice
1176 2534 1207 2563 in
1231 2534 1351 2564 deliciis
1374 2540 1420 2564 est
1444 2535 1571 2570 Nasoni,
1587 2536 1641 2566 sed

981 2589 1016 2614 ut
1039 2583 1206 2625 plurimum
1223 2594 1238 2613 c
1255 2583 1390 2624 vulgatis
1406 2583 1490 2614 libris
1515 2595 1569 2625 per
1594 2585 1640 2615 in-

980 2633 1073 2663 scitos
1097 2632 1236 2663 librarios
1254 2633 1359 2674 jussus
1374 2633 1513 2663 exulare.
1538 2644 1641 2675 supra,

980 2693 1058 2713 νει-8.
1074 2682 1106 2711 7.

1024 2731 1191 2766 Quamlibet
1214 2732 1335 2761 adverso
1359 2733 1496 2773 signetur
1518 2733 1640 2771 epistola

1063 2786 1159 2810 vento.
