1849 3198
622 197 966 240 HEROIDES.
1002 197 1094 238 ΕΡ.
1131 197 1277 239 ΧΙΧ.

1561 198 1647 241 257

258 314 429 378 thue
455 332 624 379 rogem
644 316 707 363 de
731 322 797 370 te,
820 321 869 361 et
894 314 1108 361 scribam
1133 314 1240 370 tibi,
1262 314 1303 361 si
1329 313 1441 377 quis
1463 313 1647 378 Abydo

322 392 543 449 Venerit,
570 401 672 449 aut,
701 408 886 456 quaero,
914 391 954 438 si
981 391 1093 454 quis
1120 391 1339 455 Abydon
1365 399 1460 440 eat.

1583 396 1647 441 30

256 469 389 524 Quid
409 470 634 526 referam,
656 470 852 534 quoties
872 469 987 517 dem
1002 469 1224 516 vestibus
1244 471 1430 527 oscula,
1449 487 1574 535 quas
1595 478 1648 519 tu

322 546 734 612 Hellespontiaca
760 548 903 611 ponis
928 547 1085 594 iturus
1111 549 1280 611 aqua?

258 625 341 672 Sic
367 627 452 673 ubi
476 627 563 673 lux
589 633 702 673 acta
726 633 818 682 est,
846 633 896 673 et
920 626 1080 673 noctis
1108 625 1311 672 amicior
1335 627 1456 674 hora

324 702 569 751 Exhibuit
592 704 736 767 pulso
762 704 925 751 sidera
948 703 1082 750 clara
1106 702 1216 760 die3

256 779 490 828 Protinus
516 781 565 828 in
591 782 788 828 summa
815 780 1070 844 vigilantia
1093 780 1281 827 lumina
1304 787 1438 827 turre

1587 784 1650 828 35

323 856 580 914 ponimus,
609 858 828 906 adsuetae
855 858 997 921 signa
1022 865 1294 921 notamque
1318 857 1425 904 viae.

256 933 507 999 Tortaque
532 943 727 983 versato
752 936 993 983 ducentes
1018 936 1232 983 stamina
1254 935 1381 991 fuso,

324 1012 561 1062 Feminea
586 1015 754 1061 tardas
780 1014 995 1061 fallimus
1021 1021 1126 1061 arte
1151 1029 1329 1061 moras.

257 1089 391 1145 Quid
417 1092 591 1156 loquar
616 1093 804 1141 interea
826 1099 929 1141 tam
954 1093 1102 1155 longo
1127 1100 1369 1156 tempore,
1399 1091 1615 1155 quaeris?

327 1168 428 1225 Nil,
456 1169 549 1217 nisi
577 1169 787 1218 Leandri
813 1187 1009 1227 nomen,
1037 1170 1087 1216 in
1113 1186 1195 1217 ore
1220 1186 1331 1217 meo
1358 1176 1450 1217 est.

1588 1172 1654 1216 40

257 1244 286 1292 J
293 1262 437 1294 amne
462 1255 608 1311 putes
634 1249 799 1297 exisse
825 1250 972 1297 domo
997 1265 1110 1296 mea
1136 1248 1332 1311 gaudia,
1361 1248 1562 1295 nutrix?

325 1324 404 1371 An
429 1326 635 1388 vigilant
659 1329 866 1376 omnes?
905 1336 954 1375 et
978 1328 1122 1374 timet
1147 1326 1229 1374 ille
1255 1326 1406 1373 suos?

258 1400 288 1447 J
294 1417 437 1450 amne
465 1420 580 1451 suas
607 1405 824 1453 humeris
850 1406 989 1452 illuni
1014 1405 1266 1469 deponere
1291 1410 1484 1460 vestes;

327 1479 535 1529 Pallade
554 1483 659 1545 jam
686 1483 857 1548 pingui
883 1483 1110 1545 tinguere
1136 1481 1361 1528 membra
1384 1480 1566 1543 putes?

303 1671 355 1700 29.
369 1670 465 1710 thue
474 1681 570 1711 rogem
581 1673 616 1701 (Ie
626 1678 653 1701 τε·
663 1679 689 1701 et
702 1674 825 1702 scribam
835 1671 919 1712 tibi]

263 1720 378 1750 Versus
394 1720 488 1762 paulo
503 1720 617 1751 durior.
665 1721 750 1751 Libri
774 1732 828 1752 sex
844 1723 882 1753 τὸ
896 1729 923 1753 et

260 1780 321 1800 non
336 1775 519 1811 agnoscunt.
543 1781 623 1801 unus
637 1770 874 1808 Ambrosianus,
889 1778 925 1802 ut

259 1822 398 1850 scribam.
445 1820 526 1851 Puto
556 1820 724 1862 legendum
750 1821 808 1852 hoc
834 1822 925 1853 modo

261 1875 360 1900 totum
375 1869 531 1901 distichon
544 1883 550 1900 :

310 1919 406 1960 thue
426 1930 523 1960 rogem
538 1921 573 1949 cle
601 1927 627 1950 te
653 1931 850 1960 (lateramque,
868 1922 926 1951 huc

386 1970 414 1998 si
430 1970 493 2008 quis
506 1969 610 2008 Abydo

354 2017 490 2048 Venerit:
515 2025 568 2048 aut
583 2019 753 2053 scribum,si
769 2021 833 2059 quis
847 2021 926 2060 Aby-

390 2070 447 2098 don
465 2074 525 2098 eat.

264 2116 388 2148 Deinde
422 2128 556 2158 sequens
585 2116 740 2148 distichon
778 2117 850 2147 huic
881 2124 928 2148 est

263 2167 519 2208 praeponendum.
545 2167 720 2198 Ilmxsuvs.
746 2167 835 2198 Nihil
853 2174 928 2208 puto

264 2216 466 2247 movendum.
501 2217 556 2248 sed
587 2227 695 2248 sensus
724 2223 755 2247 et
783 2217 857 2247 ordo
886 2217 930 2247 ita

263 2266 521 2304 constituendus;
563 2273 595 2297 ut
625 2278 729 2308 rogem
758 2267 797 2297 de
827 2272 868 2302 te,
899 2272 930 2296 ct

264 2316 397 2346 scribam
414 2315 480 2351 tibi,
498 2327 613 2357 quaero,
629 2318 652 2346 .ςί
667 2316 717 2352 (id
729 2322 776 2347 est
790 2316 847 2354 an)
860 2315 929 2357 quis

265 2364 378 2406 Abydo
389 2366 518 2401 venerit,
528 2372 581 2396 aut
597 2365 701 2407 siquis
714 2365 849 2407 Abydon
865 2372 928 2396 eat.

265 2414 341 2445 illud
358 2422 410 2444 ιιιιι
435 2415 516 2446 male
531 2426 601 2446 cum
617 2427 714 2456 quw-o
730 2415 929 2457 conjunctum

263 2463 405 2494 confudit
419 2474 556 2495 sensum.
582 2465 699 2495 Burm-

309 2515 361 2545 35.
395 2513 430 2544 In
458 2526 571 2544 summa
599 2515 713 2555 turra]
753 2513 790 2543 In
819 2526 929 2543 »annno

266 2570 341 2594 tecto
379 2564 557 2595 I’uteaneus
597 2569 627 2594 et
665 2564 778 2594 Moreti
816 2563 927 2593 codex.

266 2613 440 2644 Hemsrus.
488 2615 559 2644 Non
571 2613 678 2655 probo.
728 2612 831 2642 Tum-22³
846 2613 928 2642 enim

267 2662 361 2693 etiam
377 2663 407 2692 in
424 2662 612 2704 pra-cedenti
622 2662 762 2704 Epistola
776 2660 929 2692 meminit.

312 2713 365 2741 41.
389 2711 496 2741 ,hmine
510 2712 629 2751 putas]
654 2712 743 2741 Putes
754 2710 929 2751 complures

268 2761 386 2801 scripti.
411 2767 443 2790 ut
460 2767 489 2790 et
507 2760 603 2791 tribus
620 2761 657 2790 ab
675 2760 744 2790 hinc
761 2760 917 2789 vra->ilum

359 2815 454 2844 X‘Oli.
483 2815 507 2844 l.

1038 1671 1167 1701 Pallade
1180 1673 1247 1711 jam
1268 1671 1377 1711 pingui
1395 1671 1510 1710 lingere
1533 1670 1660 1699 membra

1075 1727 1173 1761 putes.
1539 1747 1543 1753 ,

995 1770 1070 1806 Ubi,
1091 1769 1138 1800 vel
1153 1775 1260 1800 contra
1272 1768 1413 1799 codicum
1427 1768 1661 1809 fidem,flngera

993 1819 1207 1861 reponendum
1218 1817 1381 1848 contende.
1398 1817 1571 1848 HEstu‘s.
1587 1817 1661 1849 Non

994 1875 1069 1910 puto
1085 1868 1134 1899 hic
1146 1868 1249 1898 locum
1265 1877 1353 1909 posse
1366 1867 1662 1908 liaberefingere,ut

996 1918 1083 1949 alibi.
1107 1923 1138 1948 et
1153 1923 1259 1948 tamen
1274 1916 1404 1947 offendit
1419 1916 1473 1947 ille
1489 1918 1554 1947 soni
1578 1917 1660 1959 ejus-

995 1967 1066 1998 dem
1096 1966 1230 2003 iteratio,
1253 1967 1363 2007 pingui
1389 1969 1540 2008 tinguere.
1565 1976 1662 2008 quare

994 2027 1054 2058 ego
1074 2016 1214 2052 mallem,
1236 2016 1356 2057 Ungere
1372 2018 1440 2055 jum
1463 2017 1574 2057 pingui
1594 2017 1661 2055 pal-

998 2068 1063 2096 [mle
1089 2067 1216 2096 membra
1239 2072 1337 2104 putes.
1369 2075 1440 2095 nam
1468 2065 1499 2095 in
1526 2064 1663 2106 antiquis

995 2116 1139 2146 omnibus
1151 2115 1243 2146 editis
1259 2121 1317 2151 est,
1337 2115 1370 2145 Ti
1376 2126 1464 2156 regere
1469 2116 1539 2154 jam
1551 2116 1663 2156 pingui

993 2167 1117 2206 pallade
1129 2167 1255 2196 membru
1268 2172 1363 2205 putes,
1374 2175 1465 2195 voces
1480 2170 1584 2196 autem
1601 2166 1662 2196 tin—

994 2227 1087 2258 guere
1102 2222 1133 2246 et
1148 2226 1295 2257 unguere,
1312 2215 1429 2255 ubique
1447 2214 1509 2245 fere
1525 2225 1663 2245 commu-

997 2272 1069 2297 tatae
1085 2277 1104 2296 a
1126 2265 1270 2296 librariis.
1288 2265 1353 2295 vid.
1379 2263 1401 2295 i.
1418 2264 1526 2295 Amor.
1542 2263 1606 2294 xiv.
1628 2265 1662 2295 2.

998 2322 1029 2346 et
1053 2316 1074 2346 i.
1090 2315 1161 2346 Art.
1177 2316 1253 2345 288.
1304 2313 1439 2355 Tangere
1462 2319 1528 2344 erat
1551 2313 1583 2344 in
1601 2324 1663 2344 uno

997 2365 1124 2401 Moreti,
1153 2371 1183 2396 et
1211 2364 1366 2405 excerptis
1393 2364 1530 2394 Douzae:
1569 2363 1662 2394 etiam

998 2415 1176 2455 eleganter:
1204 2425 1276 2444 nam
1293 2415 1353 2444 olen
1374 2420 1498 2454 tangere
1511 2413 1663 2444 Catonem

998 2470 1029 2493 et
1043 2465 1211 2494 Varronem
1225 2463 1339 2493 dixisse
1354 2462 1462 2493 docuit
1476 2462 1610 2493 Scriver.
1623 2460 1664 2492 ad

998 2513 1139 2544 Martial.
1157 2513 1212 2543 lib.
1229 2512 1270 2542 vi.
1286 2512 1394 2554 Epigr.
1412 2512 1463 2542 74.
1488 2512 1606 2542 Duum.

1041 2564 1094 2593 44.
1132 2562 1290 2602 Pallada]
1327 2561 1432 2597 Olivo,
1461 2561 1551 2602 cujus
1580 2566 1657 2591 tute*

997 2612 1058 2642 lam
1076 2611 1169 2643 habet
1190 2611 1304 2641 Pallas.
1335 2611 1504 2641 Natatores
1520 2609 1590 2640 oleo
1602 2609 1659 2639 im-

996 2661 1144 2695 buuntur,
1164 2670 1200 2690 ne
1224 2670 1375 2701 aquarum
1401 2658 1570 2699 frigiditate
1596 2656 1661 2688 laesi

998 2711 1081 2741 nervi
1099 2710 1262 2749 rige-scam.

1124 2813 1143 2840 S
