1849 3198
218 200 240 223 x
642 184 687 221 P.
717 184 906 223 OVIDII
935 184 1188 222 NASONIS

321 294 452 344 thue
471 295 554 337 hoc,
574 294 627 331 sic
646 294 794 331 utinam
813 293 1018 332 defendere
1038 301 1164 331 cetera
1181 307 1307 344 posses
1325 295 1333 330 Ξ

372 356 455 395 Scis
475 356 593 401 aliud,
614 356 715 406 quod
733 362 773 393 te
792 355 945 400 laeserit,
966 369 1048 394 esse
1066 355 1198 406 magis.

217 497 416 539 Secundo
437 497 538 538 item
560 495 693 537 Trist.
717 496 797 536 ait:

318 643 398 679 Cur
417 641 560 691 aliquid
578 639 689 677 vidi?
718 654 785 678 cur
804 640 917 679 noxia
936 640 1082 679 lumina
1101 641 1173 680 feci
1189 645 1204 679 ?

371 705 450 741 Cur
468 702 704 754 imprudenti
722 703 873 753 cognita
890 703 1002 755 culpa
1020 704 1114 741 mihi
1133 711 1191 742 est
1207 707 1221 741 ?

317 767 465 804 Inscius
485 765 644 803 Actaeon
663 764 761 802 vidit
779 764 861 802 sine
879 772 986 802 veste
1006 765 1172 803 Dianam
1189 780 1197 802 :

370 828 504 866 Praeda
521 828 597 865 fuit
616 827 772 865 canibus
791 840 867 865 non
886 828 1013 866 minus
1031 828 1098 866 ille
1112 829 1201 866 suis.

273 969 446 1023 Ubique
460 969 588 1023 igitur
605 966 742 1008 exsilii
762 982 933 1008 causam
954 974 1043 1008 tum
1064 967 1194 1009 libros
1216 969 1271 1010 de
1287 969 1411 1019 Arte,
1435 976 1524 1009 tum
1545 983 1607 1009 er-

211 1051 351 1077 rorem
371 1037 501 1078 fuisse
522 1042 844 1077 commemorat:
878 1034 972 1088 quis
988 1049 1089 1076 vero
1105 1034 1175 1076 ille
1197 1050 1317 1076 error
1338 1036 1480 1086 fuerit,
1503 1050 1609 1076 nun-

211 1120 339 1158 quam
369 1104 550 1158 aperuit,
582 1117 635 1144 ne
665 1103 798 1157 magis
830 1101 1055 1156 Augustus
1083 1103 1162 1144 sibi
1191 1103 1458 1144 irasceretur.
1520 1103 1609 1144 Ve-

210 1187 303 1212 rum
332 1172 445 1226 quia,
470 1178 518 1211 ut
546 1171 638 1224 ipse
668 1170 740 1219 ait,
765 1172 791 1190 ‘⁶
807 1169 997 1209 Nitimur
1017 1169 1060 1209 in
1080 1169 1256 1210 vetitum
1285 1185 1467 1224 semper,
1490 1170 1608 1224 cupi—

210 1254 389 1294 musque
416 1246 571 1293 negata
588 1238 621 1288 ;”
652 1237 854 1292 quidnam
881 1237 925 1277 id
955 1236 1098 1286 fuerit,
1127 1236 1298 1291 plurimi
1329 1238 1436 1279 scire
1467 1238 1610 1278 conati

211 1314 322 1355 sumt,
347 1314 389 1347 et
410 1313 587 1347 conatur
609 1320 778 1359 semper
794 1304 967 1359 aliquis:
1001 1312 1267 1360 quapropter
1287 1306 1490 1360 suspicati
1511 1313 1610 1346 sunt

211 1374 384 1427 quidam
412 1382 538 1428 turpe
567 1372 741 1426 aliquod
762 1371 951 1427 Augusti
972 1380 1183 1414 secretum
1207 1387 1307 1414 casu
1328 1373 1483 1414 vidisse
1507 1373 1610 1414 Ovi-

211 1442 352 1483 dium:
397 1441 513 1494 quod
551 1455 637 1480 non
672 1439 827 1494 placet,
869 1440 970 1493 quia
1006 1441 1131 1480 toties
1172 1440 1414 1493 objiciendo
1456 1439 1608 1490 scelus,

210 1509 475 1550 immitiorem
504 1508 761 1549 reddidisset
794 1507 1023 1556 Caesarem,
1047 1522 1174 1561 quem
1202 1507 1335 1548 lenire
1365 1514 1407 1547 et
1437 1506 1608 1561 placare

211 1577 425 1617 studebat.
497 1575 585 1616 Alii
613 1590 728 1624 vero,
761 1575 878 1628 quod
910 1573 1099 1629 Augusti
1127 1574 1257 1615 filiam
1286 1575 1366 1615 sub
1398 1574 1503 1615 falso
1527 1575 1609 1615 Co-

211 1645 344 1685 rinnae
381 1644 548 1683 nomine
577 1642 793 1691 amaverit,
831 1656 942 1694 quae,
979 1648 1026 1681 ut
1056 1641 1219 1682 Plinius
1252 1648 1295 1682 et
1330 1641 1609 1695 Tranquillus

213 1713 417 1760 scribunt,
449 1711 644 1765 flagravit
674 1709 979 1751 adulteriorum
1010 1708 1195 1758 infamia,
1227 1717 1270 1750 et
1300 1709 1499 1749 damnata
1528 1716 1606 1750 est.

215 1779 315 1826 Qua
337 1779 390 1820 de
413 1793 459 1819 re
481 1779 540 1819 sic
564 1778 766 1818 Sidonius
787 1784 941 1830 poeta:

421 1892 475 1929 Et
494 1899 534 1929 te
553 1891 719 1928 carmina
738 1903 804 1941 per
824 1889 1026 1927 libidinosa

420 1955 583 1997 Notum,
604 1954 709 1991 Naso
726 1960 848 1997 tener,
870 1952 1083 2003 Tomosque
1103 1952 1274 1997 missum,

420 2016 624 2062 Quondam
643 2016 823 2053 Caesareae
842 2015 955 2052 nimis
973 2014 1113 2064 puellae

423 2078 534 2115 Falso
553 2078 705 2115 nomine
725 2077 921 2115 subditum
943 2077 1130 2114 Corinnae.

213 2183 345 2230 Quod
367 2197 451 2223 non
472 2182 665 2223 videtur:
699 2183 813 2236 quia,
838 2183 872 2223 si
901 2183 960 2223 ita
984 2190 1110 2231 esset,
1137 2183 1324 2236 graviter
1353 2190 1396 2224 et
1427 2183 1609 2224 scienter

212 2252 253 2291 in
272 2250 458 2305 Augusti
479 2250 742 2305 majestatem
764 2249 1014 2305 deliquisset
1037 2250 1234 2300 Ovidius,
1257 2265 1356 2301 non,
1380 2258 1427 2291 ut
1447 2251 1607 2304 ubique

211 2318 303 2372 ipse
332 2317 491 2366 scribit,
514 2331 592 2371 per
619 2331 820 2367 errorem,
851 2325 893 2358 et
921 2317 1161 2358 inscienter.
1226 2318 1459 2367 Praeterea,
1481 2332 1609 2371 quam

212 2385 313 2425 ficto
343 2385 510 2425 nomine
533 2384 761 2425 Corinnam
792 2384 1036 2439 appellavit,
1059 2385 1242 2439 potitum
1271 2400 1315 2426 se
1341 2391 1536 2434 testatur,
1567 2385 1609 2425 in

215 2451 461 2499 Amoribus‚
484 2451 591 2492 libro
614 2453 766 2506 primo,
792 2451 917 2507 Eleg.
942 2468 979 2492 v.
1005 2453 1176 2493 dicens:

317 2602 477 2651 Singula
497 2602 589 2653 quid
609 2604 798 2641 referam?
830 2604 883 2641 nil
904 2617 976 2640 non
997 2603 1188 2641 laudabile
1207 2603 1309 2646 vidi„

370 2664 422 2701 Et
443 2665 582 2702 nudam
604 2666 721 2715 pressi
743 2680 876 2716 corpus
895 2667 941 2703 ad
962 2681 1082 2715 usquc
1103 2680 1242 2703 meum.
