1849 3198
230 231 315 273 138

620 227 670 268 Ρ.
694 224 906 268 OVIDII
939 223 1218 267 NASONIS

234 332 343 394 Nec
363 359 451 392 cur
474 344 580 390 haec
606 331 834 398 facerem,
856 336 1079 405 poteram
1099 340 1219 388 mihi
1238 332 1443 387 reddere
1467 354 1608 386 caus-

429 436 535 468 sam
553 437 564 468 :

300 498 409 546 Nec
433 514 619 553 noram,
647 496 768 560 quid
794 511 963 543 amans
988 483 1148 543 esset:
1189 500 1239 541 at
1259 493 1378 540 illud
1403 508 1553 540 eram.

233 575 403 623 Prima
425 575 609 622 malurn
634 568 799 621 nutrix
826 566 991 620 animo
1012 563 1271 636 praesensit
1295 571 1409 618 anili
1433 588 1443 618 ε

298 654 467 700 Prima
489 653 609 699 mihi
634 652 816 725 nutrix,
845 650 988 705 AEoli,
1017 650 1157 705 dixit,
1186 665 1338 696 amas

234 716 439 786 Erubui,
467 730 755 792 gremioque
780 728 939 811 puclor
963 711 1146 789 dejecit
1169 726 1368 773 ocellos.

1549 726 1612 770 35

299 807 422 854 Haec
449 807 567 854 satis
593 806 643 852 in
666 805 819 852 tacita
842 804 984 866 signa
1006 802 1204 849 fatentis
1230 808 1384 848 erant.

233 874 447 948 Jamque
471 875 818 931 tumescebant
840 871 995 927 vitiati
1020 879 1241 943 pondera
1258 859 1458 934 ventris,

299 962 548 1024 AEgraque
573 960 804 1026 furtivum
828 959 1050 1005 membra
1081 957 1315 1020 gravabat
1338 971 1478 1002 onus.

235 1038 370 1093 Quas
387 1038 505 1085 mihi
526 1054 621 1085 non
641 1021 836 1091 herbaS,
858 1038 968 1099 quae
989 1036 1085 1082 n'on
1104 1033 1433 1081 medicamina
1449 1031 1615 1080 nutrix

301 1114 497 1170 Attulit,
526 1114 701 1162 audaci
726 1112 1089 1177 supposuitque
1114 1127 1291 1159 11131111
1277 1111 1294 1144 '²

1550 1111 1614 1156 40

237 1191 308 1238 Ut
331 1191 528 1255 penitus
553 1190 732 1238 nostris
759 1189 876 1252 (hoc
900 1195 950 1236 te
974 1189 1240 1236 celavimus
1265 1186 1440 1248 unum)

301 1267 590 1316 Visceribus
615 1282 846 1315 crescens
872 1273 1187 1314 excuteretur
1210 1281 1351 1312 onus.

235 1344 341 1392 Ah!
379 1345 583 1392 nimium
607 1345 751 1393 vivax
776 1344 987 1393 admotis
1011 1343 1192 1391 restitit
1215 1342 1373 1390 infans

291 1422 522 1491 Artibus,
549 1431 600 1471 et
622 1429 755 1471 tecto
778 1429 916 1470 tutus
941 1423 1008 1470 ab
1028 1422 1169 1469 hoste
1193 1420 1300 1467 suit.

236 1498 266 1546 J
272 1515 350 1547 am
368 1500 535 1548 novies
554 1507 659 1548 erat
683 1506 790 1548 orta
807 1515 943 1547 soror
966 1498 1297 1562 pulcherrima
1319 1495 1515 1552 Phoebi,
1552 1496 1615 1542 45

306 1576 551 1640 Denaque
574 1576 803 1625 luciferos
830 1575 969 1624 Luna
991 1576 1221 1623 movebat
1244 1589 1418 1637 equos.

281 1782 334 1814 44.
359 1782 465 1813 Tectus
480 1782 593 1822 tutus]
612 1781 707 1824 Lego,
720 1788 796 1814 tecto
811 1789 896 1814 tutus

236 1833 274 1863 ab
297 1833 384 1868 hoste,
400 1842 471 1862 cum
486 1832 656 1868 Puteaneo,
672 1837 707 1862 ut
729 1837 760 1862 et
783 1832 897 1863 vitetur

238 1880 378 1923 ejusdem
393 1879 459 1911 soni
471 1880 503 1910 in
514 1880 631 1921 junctis
642 1880 801 1911 vocabulis
812 1881 896 1912 odio·

239 1939 274 1960 sa
309 1928 462 1971 repetitio,
499 1934 531 1959 et
566 1928 669 1959 sensui
705 1929 897 1960 consulatur.

242 1978 347 2009 Tactus
363 1977 445 2008 enim
469 1978 556 2008 hostis
572 1983 619 2008 est
640 1977 708 2020 ipsa
728 1984 826 2009 mater
847 1978 897 2010 vel

241 2027 357 2064 nutrix,
380 2037 449 2068 quae
476 2038 536 2057 non
559 2032 667 2069 aperta
689 2026 729 2063 vi,
744 2027 798 2058 sed
816 2026 898 2058 clam

240 2075 344 2107 herbis
359 2082 391 2106 et
404 2075 662 2106 medicaminibus
680 2081 824 2107 excutere
840 2076 898 2107 foe-

241 2129 308 2154 turn
322 2125 476 2155 tentabat.
499 2124 549 2155 vel
565 2125 651 2154 hostis
665 2123 704 2154 sit
718 2124 819 2166 ipsum
834 2135 899 2155 me-

242 2172 387 2203 dicamen
409 2172 549 2208 noxium,
575 2177 611 2204 ut
637 2172 799 2214 Micyllus,
815 2173 899 2214 quod

242 2221 325 2251 clam
340 2232 394 2263 per
408 2222 548 2252 membra
569 2222 714 2263 serpebat
726 2232 735 2260 3
757 2227 792 2252 ut
806 2223 900 2253 ictum

243 2282 351 2301 caecum
372 2270 404 2301 in
419 2270 487 2301 loco
501 2271 662 2302 Fastorum
677 2270 768 2302 modo
783 2271 900 2303 adduc-

245 2325 277 2350 to
292 2319 384 2350 dixit.
429 2320 548 2350 Bunm.

287 2369 333 2398 Ab
355 2369 460 2409 hosta]
486 2369 555 2399 Hoc
575 2373 623 2399 est
641 2378 661 2400 a
682 2368 856 2411 pharmacis
871 2374 904 2401 et

245 2416 516 2454 medicaminibus,
537 2428 599 2448 non
621 2423 741 2449 tantum
765 2419 803 2449 ab
827 2429 901 2451 anu.

246 2477 349 2508 neque
366 2466 469 2503 refert,
485 2467 568 2509 quod
587 2469 623 2497 ab
639 2468 716 2498 hoste
739 2467 901 2509 singulari-

246 2521 293 2546 ter
317 2515 396 2547 dixit
417 2527 488 2547 cum
514 2517 620 2547 hostem
636 2516 720 2548 dicat
741 2518 901 2560 metapho—

246 2565 309 2596 rice
331 2565 483 2607 quidquid
508 2566 553 2596 illi
577 2566 739 2598 adversum
759 2573 790 2598 et
809 2567 902 2599 infes-

247 2619 315 2646 tum
331 2614 402 2645 fuit.
448 2615 575 2647 Mum.

290 2663 345 2694 46.
370 2664 512 2704 Demque
535 2665 675 2707 lncg'feros
698 2666 789 2696 Luna
811 2677 902 2697 move-

247 2713 296 2743 bat
312 2713 427 2753 equos]
453 2713 503 2744 Sic
520 2714 589 2745 libri
611 2720 729 2746 veteres
754 2727 814 2747 uno
828 2727 901 2748 con-

248 2773 358 2795 sensu:
381 2768 414 2794 et
426 2768 523 2796 recte.
567 2764 665 2807 Epist.
678 2764 720 2796 iv.
740 2766 815 2796 160:

1007 1782 1093 1817 Quod
1107 1783 1146 1812 sit
1160 1791 1233 1812 avus
1240 1781 1335 1811 radiis
1337 1779 1476 1823 frontem
1489 1780 1622 1811 vallatus

1088 1832 1195 1867 acutis,

1049 1878 1209 1919 Purpureo
1231 1880 1363 1920 tepidum
1384 1880 1435 1920 qui
1451 1883 1555 1910 movet
1568 1889 1622 1910 axe

1092 1930 1182 1960 diem.

963 1975 1013 2007 Sic
1030 1981 1062 2007 et
1075 1977 1119 2009 ibi
1135 1978 1259 2010 codices
1274 1977 1394 2019 antiqui
1407 1990 1414 2008 z
1437 1988 1499 2009 non
1511 1980 1623 2009 decimo

962 2037 1070 2063 mense,
1087 2033 1123 2059 ut
1134 2035 1182 2060 est
1195 2029 1228 2059 in
1240 2027 1374 2069 vulgatis
1387 2040 1393 2058 ε
1410 2038 1503 2070 quem
1518 2027 1623 2059 locum

964 2082 1123 2118 receptam
1138 2077 1321 2120 scripturam
1344 2077 1424 2108 tueri
1446 2077 1479 2108 in
1496 2077 1545 2108 his
1560 2077 1623 2109 Ca-

965 2134 1059 2156 naces
1074 2127 1235 2158 contendit
1257 2127 1468 2163 Burmannus,
1483 2132 1515 2157 et
1536 2126 1624 2157 evin-

965 2183 1045 2211 cere,
1060 2186 1114 2217 pro
1139 2177 1227 2207 Dena
1250 2176 1342 2206 Luna
1361 2186 1421 2206 non
1445 2186 1511 2207 esse
1531 2185 1622 2217 repo-

965 2223 1103 2255 nendum
1120 2225 1227 2261 Plena,
1243 2226 1288 2255 uti
1304 2224 1481 2255 doctissimo
1502 2225 1624 2256 Grono-

965 2272 1015 2303 vio
1036 2273 1069 2304 in
1084 2274 1371 2311 Observationibus,
1387 2274 1444 2304 lib.
1459 2274 1503 2305 iv.
1520 2286 1550 2306 c.
1570 2276 1623 2307 15.

969 2321 1145 2354 videbatur.
1192 2324 1262 2354 Nee
1277 2334 1348 2354 cum
1363 2324 1523 2354 Puteaneo
1545 2323 1625 2355 libro

969 2376 1001 2402 et
1015 2372 1083 2403 aliis
1098 2373 1266 2409 nonnullis,
1283 2372 1383 2409 Nona,
1399 2373 1482 2414 quod
1493 2383 1626 2415 magnus

968 2421 1106 2462 Scaliger
1117 2423 1272 2464 probavit.
1318 2422 1403 2452 Nota
1419 2421 1475 2453 illa
1488 2433 1495 2451 :

1012 2470 1110 2501 Matri
1125 2472 1214 2513 longa
1224 2471 1333 2502 decem
1348 2472 1486 2502 tulerunt
1490 2470 1625 2513 fastidia

1053 2532 1173 2552 menses·

969 2569 1084 2600 Noster
1098 2569 1130 2600 in
1150 2569 1261 2605 Fastis,
1278 2568 1311 2600 ii.
1330 2570 1410 2601 175:

1011 2618 1104 2650 Luna
1120 2630 1226 2649 vovum
1249 2618 1352 2650 decies
1374 2619 1511 2659 implerat
1526 2620 1623 2649 corni-

1096 2668 1148 2698 bus
1163 2670 1275 2699 orbem.-
1296 2667 1301 2672 ’

1057 2717 1129 2752 Quae
1144 2717 1254 2759 fuerat
1278 2719 1362 2760 virgo
1383 2718 1507 2753 eredita,
1531 2723 1626 2748 mater

1095 2773 1171 2797 emt.
1460 2765 1578 2797 Α11Α11.
