1849 3198
604 210 902 253 AMORUM.

974 209 1093 252 LIB.
1126 209 1191 252 11.
1221 212 1264 252 7.
1554 212 1640 253 363

246 328 360 374 Sive
386 343 478 389 ego
504 326 763 374 marmorei
788 325 986 389 respexi
1012 341 1207 372 summa
1229 325 1432 374 theatri:

311 403 467 466 Eligis
493 420 520 450 e
544 403 729 458 multis,
757 402 889 448 unde
914 401 1081 448 dolere
1108 401 1246 448 velis.

244 481 475 527 Candida
499 497 585 528 seu
610 480 762 527 tacito
789 495 868 526 me
892 478 1015 525 vidit
1039 477 1224 525 femina
1246 478 1407 531 vultu;
1608 482 1636 525 5

311 557 369 603 In
393 558 530 604 vultu
556 557 732 604 tacitas
759 556 923 619 arguis
950 571 1061 602 esse
1086 563 1246 602 notaS.

245 634 297 680 Si
329 651 479 697 quam
504 634 724 690 laudavi3
765 634 971 680 miseros
997 633 1126 696 petis
1152 647 1319 694 ungue
1344 633 1575 695 capillos:

310 711 363 757 Si
390 712 560 775 culpo3
601 711 789 757 crimen
814 709 1127 757 dissimulare
1152 715 1318 772 putas.

245 787 359 834 Sive
384 789 543 835 bonus
569 788 705 835 color
724 795 816 843 est,
844 787 892 833 in
918 794 968 834 te
994 802 1197 850 quoque
1222 785 1430 847 frigidus
1456 801 1590 842 esse;

312 865 413 912 Seu
439 866 615 921 malus,
643 865 844 912 alterius
870 865 1009 911 dicor
1033 879 1199 911 amore
1231 863 1370 909 mori.
1582 866 1641 909 lo

243 942 409 1005 Atque
435 959 528 1005 ego
553 942 750 1006 peccati
774 943 952 989 vellem
977 942 1097 988 mihi
1122 941 1353 988 conscius
1379 956 1559 987 essem.

310 1019 474 1083 AEquo
501 1021 664 1068 animo
690 1036 905 1084 poenam,
935 1019 1019 1082 qui
1047 1033 1288 1073 meruere,
1316 1017 1495 1064 ferunt.

245 1096 290 1142 N
298 1113 392 1144 unc
404 1105 589 1145 temere
602 1098 882 1145 insimulas:
902 1097 1254 1158 credendoque
1265 1094 1431 1141 omnia
1444 1093 1639 1149 frustra,

312 1173 431 1238 Ipsa
454 1183 591 1223 vetas
617 1176 738 1222 iram
764 1176 959 1239 pondus
985 1175 1169 1221 habere
1195 1180 1348 1219 tuam.

244 1251 481 1315 Adspice,
509 1260 563 1299 ut
588 1253 775 1300 auritus
801 1251 1094 1299 miserandae
1121 1249 1266 1296 sortis
1292 1248 1490 1303 asellus,
1581 1250 1638 1294 lo

1613 1250 1636 1272 r-

309 1329 535 1377 Adsiduo
560 1331 777 1378 domitus
803 1331 1009 1377 verbere
1033 1329 1198 1375 lentus
1226 1334 1322 1373 eat.

246 1404 396 1462 Ecce,
425 1424 605 1454 novum
631 1408 835 1462 crimen,
863 1407 1036 1453 sollers
1062 1420 1235 1451 ornare
1263 1402 1524 1467 Cypassis,

312 1483 562 1547 Objicitur
585 1485 798 1532 dominae
823 1491 1191 1531 contemerasse
1216 1489 1393 1528 torum.

287 1618 318 1647 5.
348 1617 450 1647 Tacito
476 1629 520 1648 me
554 1620 631 1649 vidit
643 1619 766 1660 femina
790 1617 906 1657 valna]

245 1665 424 1697 Referenda
441 1667 508 1698 haec
532 1670 623 1698 tacito
646 1669 744 1704 vultu,
769 1667 809 1698 ad
833 1666 909 1697 Ovi-

243 1714 340 1745 dium.
377 1716 409 1746 Si
437 1716 526 1753 forte,
551 1716 664 1758 inquit,
692 1718 824 1747 candida
848 1726 908 1751 me,

244 1764 375 1795 formosa
389 1765 500 1796 mulier
514 1766 662 1808 respexit,
687 1765 789 1807 (quod
812 1765 909 1796 invito

244 1818 346 1854 potest
367 1813 509 1854 evenire)
534 1815 590 1845 etsi
615 1821 711 1845 tacent
731 1814 849 1849 vultus,
876 1814 907 1844 in

245 1861 302 1892 hoc
330 1862 398 1904 ipso
421 1863 545 1894 silentio
565 1871 658 1899 notas,
682 1864 772 1905 signa
797 1864 907 1905 depre-

245 1910 365 1947 hendis,
396 1923 466 1953 quae
496 1919 638 1944 mutuum
668 1924 805 1944 amorem
837 1923 908 1943 cum

245 1959 302 1990 hac
319 1960 434 1992 femina
446 1968 588 2003 arguant.
618 1962 737 1993 Anna.

289 2010 318 2040 7.
344 2011 466 2042 Miseros
479 2014 554 2051 petis
569 2012 701 2054 ungue]
741 2012 826 2051 Sapis
849 2011 909 2042 Pa·

246 2057 333 2089 latin.
361 2059 437 2090 forte
459 2071 514 2101 pro
541 2063 632 2100 rapis,
658 2066 692 2091 ut
717 2061 807 2091 toties
828 2062 909 2098 rapti

244 2109 360 2147 capilli.
386 2109 455 2140 vide
482 2120 566 2152 supr.
594 2110 634 2140 ad
662 2110 763 2152 Epist.
793 2121 825 2139 x,
860 2109 908 2139 16.

245 2159 348 2188 misero
361 2158 455 2189 etiam
472 2159 662 2195 Puteaneus,
678 2159 798 2190 scilicet
818 2157 906 2194 mihi,

247 2217 306 2236 non
323 2218 438 2247 ungue,
453 2208 574 2239 misero.

288 2256 320 2285 9.
339 2256 405 2286 Sive
421 2258 499 2287 color
512 2259 602 2287 bonus
625 2264 677 2293 est,
693 2259 725 2287 in
751 2264 777 2287 te
799 2267 911 2297 qnoque

234 2299 379 2339 frigidus
401 2300 485 2340 esse.]
521 2301 642 2341 Quoque
665 2300 714 2330 hie
740 2300 801 2329 vim
823 2299 909 2329 illam

247 2347 353 2384 habet,
370 2354 404 2378 ut
422 2359 482 2379 non
506 2355 628 2379 tantum
652 2348 782 2389 frigidus
804 2348 911 2378 videar

247 2396 278 2426 in
305 2396 374 2427 aliis
400 2397 524 2439 puellis,
551 2398 605 2428 sed
632 2398 725 2428 etiam
749 2397 780 2427 in
807 2403 850 2432 te,
879 2397 908 2427 in

247 2457 310 2487 qua
325 2446 433 2477 ardere
453 2447 723 2478 vehementissime
744 2447 909 2477 debebam.

250 2497 364 2526 Bmur.

296 2546 344 2575 10.
370 2546 477 2576 Amore
505 2546 608 2586 moal]
656 2544 825 2575 Offendere
854 2544 910 2574 hoc

249 2595 432 2635 κακόφατον
447 2601 561 2636 posset.
578 2601 608 2625 et
626 2593 694 2625 ideo
711 2594 787 2624 forte
802 2593 833 2623 in
848 2594 910 2623 Ya-

248 2643 352 2674 ticano
369 2649 400 2673 et
418 2643 518 2673 Palat.
532 2643 631 2685 primo
644 2642 911 2684 supposuitlibra-

250 2693 322 2727 rius,
348 2693 546 2733 amm-esrai,
577 2691 607 2722 in
638 2692 809 2725 Puteaneo,
832 2693 910 2730 capi.

250 2741 302 2772 sed
332 2752 390 2772 non
414 2741 516 2772 omnia
542 2741 614 2771 talia
646 2746 721 2782 puto
749 2739 912 2780 ejicienda,

978 1621 1060 1647 certe
1077 1625 1138 1646 non
1153 1612 1283 1645 offendit
1298 1613 1356 1644 hoc
1371 1623 1458 1643 meas
1474 1621 1573 1643 aures.
1589 1612 1642 1652 qui

977 1671 1009 1696 et
1024 1664 1088 1695 scio
1104 1674 1160 1694 nec
1184 1662 1344 1704 Propertio
1367 1659 1562 1703 displicuisse
1586 1660 1643 1690 lib.

978 1714 1009 1745 ii.
1030 1714 1120 1754 Eleg.
1143 1713 1163 1744 i.
1189 1712 1245 1742 47.
1277 1711 1359 1741 Laus
1383 1712 1414 1740 ἱη
1439 1721 1537 1740 amore
1560 1711 1647 1742 mori.

978 1765 1094 1795 Bmm.

1022 1814 1071 1843 13.
1089 1812 1181 1841 Nunc
1198 1817 1304 1840 temere
1319 1808 1503 1848 insimulas]
1537 1808 1641 1838 Insul-

976 1868 1021 1891 ωε
1042 1860 1272 1901 Neapolitanus
1295 1869 1366 1889 cum
1390 1857 1555 1898 Excerptis
1571 1858 1645 1888 Sca-

977 1909 1066 1950 ligeri
1083 1915 1112 1940 et
1130 1907 1275 1943 Puteani,
1291 1908 1416 1938 frustra.
1437 1906 1565 1936 Festus:
1593 1906 1646 1937 Ιη-

976 1960 1130 1993 simulare,
1145 1958 1258 1987 crimen
1274 1957 1307 1986 in
1322 1957 1451 1995 aliquem
1463 1955 1647 1995 confingere,

978 2007 1097 2038 Glossae
1135 2003 1297 2047 Stephani,
1333 2004 1550 2039 Insimulatur‚
1581 2001 1646 2033 ὂια·

976 2056 1105 2097 βάλλει.
1150 2056 1270 2085 ΙΙΕιΝε.

1023 2106 1074 2136 15.
1092 2105 1206 2143 Aspice,
1220 2109 1255 2133 ut
1269 2101 1416 2142 auritus-J
1449 2100 1539 2131 Dicit
1559 2101 1646 2131 Naso

978 2153 1242 2196 quemadmodum
1265 2151 1390 2186 asellus,
1412 2150 1488 2181 dum
1516 2149 1644 2181 nimium

978 2209 1009 2234 et
1025 2202 1148 2233 assidue
1165 2203 1356 2235 verberatur,
1375 2206 1409 2230 ut
1427 2198 1560 2230 celerius
1583 2204 1645 2235 eat,

978 2252 1003 2282 it
1028 2257 1133 2282 tamen
1157 2250 1289 2281 tardius:
1315 2249 1359 2279 sic
1383 2259 1415 2279 se
1440 2247 1572 2279 assiduis
1595 2258 1642 2278 re·

978 2300 1235 2343 prehensionibus
1264 2304 1296 2330 et
1332 2297 1467 2339 querelis
1500 2297 1645 2328 Corinnae

979 2349 1166 2391 frigidiorem
1205 2348 1270 2380 fieri
1307 2347 1339 2377 in
1370 2347 1454 2378 illius
1495 2357 1644 2377 amorem.

978 2400 1133 2429 Munus.

1024 2448 1073 2477 17.
1092 2446 1168 2476 Ecce
1186 2452 1271 2475 tunm
1283 2446 1385 2475 sollers
1397 2450 1487 2483 caput
1503 2454 1645 2473 exornare

982 2495 1143 2536 Cypassis]
1176 2494 1310 2525 Codices
1326 2493 1511 2525 vetustiores
1533 2502 1645 2533 magno

981 2556 1119 2580 numero,
1137 2549 1218 2575 recte
1234 2556 1239 2573 2

1026 2594 1112 2628 Ecce,
1137 2604 1241 2623 norum
1264 2595 1387 2627 crimen,
1413 2591 1513 2621 sollers
1538 2601 1645 2619 ornare

1069 2643 1216 2683 Cypassis.

985 2692 1102 2721 Orrmre
1118 2690 1211 2726 enim,
1234 2702 1293 2721 non
1317 2696 1407 2729 caput
1431 2699 1538 2718 ornare
1561 2686 1645 2717 dice-

983 2741 1070 2770 bant.
1086 2739 1157 2770 hinc
1173 2745 1204 2769 et
1219 2741 1381 2770 amatrices
1398 2739 1427 2768 in
1444 2736 1569 2768 (iruteri
1594 2736 1644 2766 In-
