1849 3198
616 273 959 316 HEROIDES.
994 274 1086 314 ΕΡ.
1113 275 1257 316 XIII.

1554 277 1635 318 161

242 387 422 437 Aulide
447 397 496 438 te
521 390 652 438 fama
675 397 751 437 est
774 396 922 436 vento
947 388 1191 437 retinente
1215 391 1409 438 morari.

309 467 414 515 Ah!
453 486 531 517 me
556 486 670 517 cum
695 468 908 530 fugeres,
935 466 1013 514 hic
1041 467 1125 513 ubi
1150 475 1326 515 ventus
1352 470 1488 516 erat?

241 543 368 591 Tum
393 545 518 593 freta
542 547 815 593 debuerant
837 544 1012 591 vestris
1039 544 1280 591 obsistere
1305 546 1469 593 remis.
1598 550 1627 594 5

308 621 439 669 Illud
465 631 569 670 erat
594 623 736 670 saevis
763 623 882 670 utile
907 629 1104 686 tempus
1134 623 1293 685 aquis.

244 697 432 747 Oscula
454 702 596 764 plura
618 701 736 755 viro,
764 700 1099 762 mandataque
1125 701 1267 763 plura
1291 700 1569 748 dedissem:

310 775 376 824 Et
401 785 515 824 sunt
540 794 652 841 quae
677 777 807 824 volui
833 778 997 824 dicere
1023 777 1166 840 plura
1188 777 1295 824 tibi.

243 853 439 918 Raptus
465 871 518 903 es
544 855 658 902 hinc
684 871 936 918 praeceps:
967 861 1031 910 et,
1062 855 1147 917 qui
1172 861 1259 901 tua
1281 855 1390 902 vela
1414 862 1628 911 vocaret,

310 931 471 987 Quem
490 939 730 996 cuperent
754 939 932 988 nautae,
955 949 1052 979 non
1077 949 1186 994 ego,
1206 939 1381 980 ventus
1408 941 1528 980 erat.
1573 936 1631 979 lO

241 1007 433 1056 Ventus
459 1017 564 1056 erat
588 1009 749 1057 nautis
776 1016 938 1073 aptus
965 1025 1063 1056 non
1089 1016 1233 1073 aptus
1260 1010 1461 1057 amanti.

310 1086 483 1134 Solvor
508 1088 570 1134 ab
596 1087 846 1150 amplexu,
875 1085 1164 1142 Protesilae,
1192 1094 1303 1144 tuo;

244 1162 535 1228 Linguaque
560 1165 841 1212 mandantis
866 1165 1018 1212 verba
1045 1164 1337 1229 imperfecta
1365 1166 1626 1229 relinquit;

310 1240 409 1288 Vix
434 1243 555 1289 illud
581 1244 742 1306 potuit
765 1243 931 1290 dicere
956 1243 1095 1291 triste
1122 1244 1262 1291 Vale.

245 1319 480 1367 Incubuit
506 1320 710 1376 Boreas,
739 1329 1035 1384 arreptaque
1060 1323 1170 1369 vela
1194 1323 1427 1377 tetendit;
1575 1326 1631 1369 lo

309 1397 523 1461 Jamque
548 1415 688 1445 meus
713 1399 860 1461 longe
887 1398 1191 1447 Protesilaus
1218 1408 1339 1447 erat.

245 1475 378 1521 Dum
408 1476 547 1539 potui
573 1483 800 1539 spectare
825 1476 998 1532 virum,
1027 1484 1254 1540 spectare
1274 1478 1503 1540 juvabat:

313 1553 536 1616 Sumque
561 1560 671 1600 tuos
697 1554 865 1600 oculos
890 1571 1050 1618 usque
1077 1563 1248 1602 secuta
1272 1556 1413 1602 meis.

247 1630 317 1677 Ut
341 1638 389 1678 te
415 1647 513 1677 non
538 1638 777 1694 poteram,
806 1639 1031 1694 poteram
1059 1640 1146 1680 tua
1168 1634 1278 1680 vela
1300 1634 1496 1680 videre:

310 1708 436 1756 Vela
459 1709 542 1755 diu
566 1709 731 1756 vultus
756 1710 1013 1758 detinuere
1038 1727 1193 1758 meos.
1572 1713 1635 1756 20

244 1786 313 1833 At
335 1793 604 1850 postquam
629 1804 719 1834 nec
744 1794 810 1843 te,
838 1804 930 1835 nec
956 1789 1066 1836 vela
1089 1788 1286 1851 fugacia
1309 1788 1437 1845 vidi;

314 1864 380 1911 Et
405 1866 539 1927 quod
565 1874 861 1929 spectarem,
889 1867 973 1922 nil,
1000 1867 1095 1913 nisi
1120 1873 1320 1930 pontus,
1348 1872 1480 1923 erat;

247 1941 356 1989 Lux
376 1958 578 2006 quoque
596 1950 762 1990 tecum
782 1944 924 2001 abiit;
955 1945 1172 1991 tenebris
1189 1943 1430 2006 exanguis
1450 1942 1635 1990 obortis

315 2019 564 2067 Succiduo
590 2021 726 2068 dicor
751 2021 1077 2085 procubuisse
1102 2038 1248 2084 genu.

289 2187 319 2216 3.
345 2187 454 2217 Aulide
478 2192 505 2217 te
517 2185 608 2227 firma
632 2193 684 2222 est,
699 2186 778 2227 δια]
806 2186 907 2223 Aulis,

246 2235 379 2266 Boeotiae
394 2242 499 2277 portus
515 2241 546 2266 et
561 2235 720 2278 oppidum,
737 2236 801 2272 ubi,
818 2248 907 2278 prop-

245 2290 291 2315 ter
307 2295 430 2315 cervam
450 2285 561 2316 Dianae
586 2296 706 2316 sacram
730 2287 767 2316 ab
791 2285 907 2327 impru-

246 2333 340 2365 dente
351 2335 586 2375 Agamemnone
596 2335 789 2366 interfectam
797 2359 803 2371 ,
818 2336 905 2366 Grae-

246 2383 274 2413 ci
285 2383 316 2413 in
326 2384 449 2425 Trojam
462 2384 647 2425 navigaturi,
656 2390 748 2415 vento
757 2390 907 2421 morante,

246 2432 365 2463 detenti
376 2439 458 2469 sunt,
467 2433 564 2464 donec
576 2434 615 2464 ad
629 2434 817 2475 placandum
830 2435 907 2464 Deae

247 2493 373 2517 numen,
390 2482 486 2513 filiam
508 2483 703 2525 Iphigeniam
726 2495 832 2524 regum
856 2495 908 2514 rex

247 2530 466 2564 immolaverit.
492 2533 568 2563 Vid.
582 2534 688 2575 Eurip.
699 2533 816 2569 drama,
827 2534 909 2575 quod

247 2581 349 2623 Iphig.
368 2584 398 2612 in
417 2584 521 2613 Aulia.
536 2582 725 2613 inscribitur.
749 2584 872 2615 Lucret.
888 2584 909 2614 i.

249 2631 302 2661 84.
321 2637 351 2661 et
363 2642 433 2673 sqq.
450 2632 539 2673 Yirg.
555 2633 629 2662 [En.
645 2632 678 2663 ii.
693 2634 770 2671 1163
786 2639 816 2663 et
830 2634 909 2663 Nos-

249 2685 340 2715 trum,
357 2681 438 2710 Met.
460 2681 513 2711 xii.
530 2682 582 2717 27,
599 2687 630 2711 et
645 2692 715 2722 sqq.

297 2729 348 2759 15.
375 2728 515 2759 Incubuit
535 2730 674 2770 Boreas]
694 2730 754 2760 Pro
770 2730 911 2771 quolibet

250 2784 342 2808 vento
368 2778 498 2820 propitio
523 2780 669 2810 euntibus
694 2790 711 2810 e
731 2780 855 2810 Graecia
879 2779 909 2810 in

253 2827 434 2867 Phrygiam.
469 2828 595 2870 Alioqui
614 2829 724 2860 Boreas
739 2830 911 2861 contrarius

297 2880 395 2912 VOL.
420 2881 448 2911 l.

762 2681 881 2712 AMAR.

976 2193 1032 2217 est.
1068 2187 1248 2218 Cromxus.
1294 2186 1399 2216 Male:
1423 2197 1484 2217 non
1508 2186 1635 2217 enimin

978 2237 1144 2278 Phrygiam
1175 2235 1279 2266 statim
1309 2235 1510 2272 Protesilaus,
1540 2236 1594 2267 sed
1621 2247 1638 2266 e

976 2292 1066 2328 portu
1088 2286 1224 2327 quodam
1246 2284 1428 2322 Thessaliae,
1451 2284 1481 2315 in
1505 2285 1637 2317 Boeotiae

976 2341 1098 2377 portum
1111 2335 1271 2371 Aulidem,
1284 2335 1337 2366 ubi
1350 2340 1523 2367 conventus
1539 2335 1637 2366 indic-

977 2390 1025 2415 tus
1040 2390 1107 2415 erat
1130 2385 1311 2416 Graecorum
1330 2383 1433 2420 classi,
1455 2384 1637 2426 navigabat.

977 2434 1092 2465 Boreas
1120 2434 1213 2475 igitur
1242 2433 1366 2464 omnino
1399 2436 1545 2465 secundus
1574 2440 1639 2465 erat

977 2490 1097 2514 ventus.
1143 2484 1291 2514 LENNEP.

1021 2534 1075 2563 23.
1102 2532 1170 2562 Lux
1199 2544 1309 2573 quoque
1338 2539 1434 2563 tecum
1462 2534 1534 2562 abiit
1559 2539 1637 2563 tene-

977 2584 1091 2622 brisque
1106 2585 1250 2624 euuzguis
1265 2584 1370 2614 obortis
1394 2583 1542 2614 Succiduo
1557 2585 1640 2614 dicor

975 2634 1165 2672 procubuisse
1177 2633 1290 2673 getan]
1318 2633 1357 2663 Se
1382 2639 1506 2674 propter
1527 2633 1583 2663 viri
1608 2632 1637 2663 iu

979 2681 1095 2711 bellum
1130 2679 1302 2723 'l'rojanum
1339 2681 1507 2712 abitionem
1536 2682 1638 2712 animo

978 2730 1127 2761 defecisse
1151 2731 1204 2761 ait.
1250 2731 1381 2762 Plautus
1403 2731 1435 2762 in
1452 2731 1639 2762 Curculione

978 2780 1012 2810 ii.
1024 2780 1070 2810 iii.
1083 2781 1137 2812 30.
1188 2781 1322 2811 Tenebrae
1337 2782 1526 2817 oboriuntur,
1538 2791 1639 2821 genua

979 2831 1074 2860 media
1088 2831 1260 2862 succidunt.
1306 2830 1400 2861 Cror.

1092 2883 1128 2914 M
