1849 3198
670 238 1014 284 HEROIDES.
1049 239 1140 280 ΕΡ.
1164 237 1273 280 XV.

1587 239 1668 279 181

279 357 440 406 Exsul
467 357 878 422 Hypermnestra,
906 354 1120 419 pretium
1146 354 1346 418 pietatis
1372 353 1614 417 iniquum,

346 435 509 490 Quam
534 442 743 482 mortem
768 434 902 481 fratri
928 433 1136 496 depulit,
1164 433 1274 496 ipsa
1296 432 1424 479 tulit.

1574 434 1665 478 130

280 513 510 561 Scribere
534 514 677 577 plura
700 513 850 559 libet:
892 512 980 558 sed
1005 511 1226 574 pondere
1251 511 1384 557 lassa
1407 517 1596 557 catenae

343 590 438 638 Est
461 607 663 648 manus3
704 597 754 638 et
778 590 905 637 vires
932 589 1178 637 subtrahit
1201 589 1309 653 ipse
1334 588 1496 635 timor.

721 926 1070 976 EPISTOLA
1108 926 1221 974 XV.

611 1052 933 1096 SAPPHO
991 1051 1331 1093 PHAONI.

276 1163 490 1228 Ecquid,
517 1170 572 1210 ut
596 1163 823 1227 inspecta
846 1168 923 1208 est
947 1160 1182 1208 studiosae
1207 1161 1351 1208 litera
1374 1162 1581 1217 dextrae,

344 1241 580 1288 Protinus
607 1247 683 1288 est
707 1239 863 1287 oculis
890 1238 1090 1301 cognita
1115 1245 1283 1285 nostra
1306 1239 1438 1285 tuis?

275 1318 372 1374 An,
400 1319 495 1365 nisi
519 1318 728 1381 legisses
754 1316 968 1363 auctoris
995 1314 1194 1362 nomina
1222 1315 1474 1380 Sapphus,

344 1395 455 1443 Hoc
481 1397 631 1443 breve
656 1395 874 1442 nescires
900 1393 1032 1440 unde
1056 1393 1247 1441 veniret
1270 1395 1431 1458 opus?

273 1577 404 1618 probum
421 1582 478 1613 est,
494 1576 540 1606 ita
554 1575 682 1606 Sueton.
701 1575 784 1606 Caes.
802 1576 856 1606 86.
885 1574 937 1605 So-

274 1628 367 1657 lidam
385 1628 553 1657 columnam
565 1636 656 1665 prope
668 1636 722 1656 xx.
737 1626 845 1664 pedum
865 1626 939 1665 lapi-

271 1677 319 1706 dis
338 1675 494 1706 Numidici
510 1677 542 1705 in
544 1676 618 1717 soro
633 1676 751 1711 statuit,
766 1676 942 1715 scripsitque

274 1725 479 1755 PARENTI
495 1724 685 1755 PATRIAE.
704 1723 748 1755 sic
764 1726 940 1766 imaguncu-

274 1775 335 1805 lam
349 1785 454 1805 aeream
469 1775 520 1805 hoc
535 1775 653 1804 nomine
675 1775 847 1814 inscriptam
862 1772 942 1805 dixit

273 1823 357 1855 idem
380 1825 466 1865 Aug.
484 1825 513 1855 7.
560 1824 738 1854 Utebantur
761 1829 866 1854 autem
887 1833 939 1853 ve-

272 1878 354 1904 teres
378 1873 474 1903 etiam
496 1873 556 1904 hoc
571 1873 726 1903 vocabulo
748 1872 786 1902 de
808 1872 940 1914 pictura,

274 1928 306 1952 et
321 1921 494 1964 sculptura.
516 1928 550 1952 ut
565 1921 622 1951 viri
636 1921 718 1953 docti
732 1921 799 1962 jam
815 1920 939 1951 abunde

273 1970 461 2003 docuerunt.
485 1972 604 2002 Bonna.

316 2068 463 2111 Sapphus
491 2067 530 2099 ad
555 2068 716 2099 Phaonem
738 2067 880 2110 Epistola.
908 2068 939 2099 in

275 2117 371 2148 nullis
398 2117 572 2148 Heroidum
588 2117 815 2148 Ovidianarum
836 2128 940 2148 exem—

274 2166 426 2209 plaribus,
453 2166 513 2197 nisi
541 2165 770 2202 recentissimis,
801 2172 941 2208 apparet,

275 2227 377 2258 neque
402 2216 459 2247 hoc
474 2216 555 2252 loco,
571 2215 626 2246 sed
642 2221 676 2246 ut
698 2214 868 2257 plurimum
894 2227 941 2246 re-

272 2266 359 2307 jecta
383 2265 415 2296 in
438 2265 557 2296 calcem
573 2265 686 2307 operis.
732 2265 836 2306 Hujus
851 2265 941 2307 Epis-

273 2315 345 2346 tolae
361 2315 478 2357 optimo
499 2314 671 2356 exemplari
694 2325 768 2346 usus
791 2321 838 2345 est
854 2315 942 2346 Nau-

273 2364 388 2405 gerius,
403 2365 492 2407 cujus
512 2376 571 2407 ope
592 2364 761 2395 instructus
783 2365 882 2396 multa
897 2365 941 2396 se-

275 2414 377 2445 liciter
392 2414 568 2456 castigavit.
592 2415 712 2445 HEINs.

318 2465 451 2495 SAPPHO
479 2464 644 2504 Paion-n]
684 2465 758 2495 Non
787 2465 941 2506 ingratam

274 2513 342 2551 tibi,
359 2514 466 2550 lector,
480 2513 614 2545 futuram
624 2514 772 2545 fabellam
789 2514 942 2551 existimo,

275 2574 338 2594 non
364 2563 615 2595 animadversam
641 2564 680 2594 ab
705 2569 836 2605 utroque
859 2574 943 2594 com-

275 2617 460 2648 mentatore,
484 2622 578 2654 quam
603 2612 701 2654 primo
724 2613 942 2644 adolescentia*

275 2668 388 2693 nostrae
412 2662 564 2704 tyrocinio
590 2673 627 2693 ex
645 2662 764 2694 Graecis
786 2662 941 2706 scriptori—

272 2710 334 2744 bus
357 2711 390 2742 iu
405 2711 669 2743 Racemationum
692 2718 862 2743 nostrarum
885 2722 939 2743 ea-

276 2759 340 2802 pite
355 2760 378 2792 i.
394 2761 604 2802 vulgavimus.
633 2762 692 2799 Tu,
709 2763 734 2794 si
751 2768 852 2799 vacat,
868 2762 941 2794 inde

279 2818 348 2839 eam
362 2815 463 2850 petas.
488 2810 617 2841 Ecm'r.

1055 1576 1084 1605 1.
1110 1574 1280 1615 Studiosae.]
1300 1574 1469 1616 Explicant
1481 1574 1672 1611 doctae,lite-

1008 1623 1048 1653 ris
1064 1623 1205 1660 eruditae,
1217 1634 1287 1666 quae
1303 1630 1367 1655 tam
1378 1623 1467 1655 docte
1483 1630 1514 1655 et
1529 1631 1673 1655 accurate

1008 1673 1126 1704 scribit.
1149 1674 1206 1704 sed
1218 1674 1332 1705 vellem
1348 1673 1442 1704 simili
1458 1674 1602 1716 exemplo
1614 1673 1673 1705 hoc

1008 1722 1144 1764 probari.
1161 1734 1218 1764 ego
1230 1722 1412 1765 simpliciter
1422 1723 1511 1765 capio
1524 1729 1553 1753 te
1565 1734 1673 1754 aman-

1008 1771 1058 1807 tis,
1074 1772 1131 1803 tibi
1155 1772 1309 1803 studentis
1334 1778 1365 1802 et
1387 1771 1531 1808 faventis,
1547 1778 1581 1803 ut
1603 1772 1673 1802 mil-

1008 1820 1078 1852 lies.
1103 1820 1148 1852 ita
1171 1820 1217 1851 iii.
1234 1820 1305 1851 Art.
1320 1821 1396 1851 Am.
1414 1822 1490 1851 421.
1536 1822 1675 1852 Studiosa

1006 1871 1158 1908 placendi.
1179 1876 1210 1900 et
1226 1871 1299 1900 663.
1348 1870 1420 1904 Qua>
1442 1872 1551 1910 praebet
1567 1872 1675 1901 lectum

1007 1920 1139 1949 studiosa
1166 1920 1329 1959 locumque.
1360 1919 1403 1949 sic
1426 1919 1458 1949 in
1487 1919 1549 1950 alia
1572 1930 1603 1950 re
1630 1920 1674 1951 iii.

1007 1968 1083 1998 Am.
1101 1970 1133 1999 2.
1183 1969 1250 1998 Non
1276 1981 1327 2010 ego
1346 1970 1490 1999 nobilium
1513 1971 1595 2000 sedeo
1610 1976 1673 1999 stu-

1007 2020 1105 2049 diosus
1120 2030 1270 2059 equorum.
1294 2024 1325 2049 et
1345 2018 1472 2059 passim.
1498 2019 1541 2049 sic
1558 2025 1588 2049 ct
1604 2017 1674 2061 capi

1008 2068 1126 2099 debent
1141 2068 1196 2098 illa
1212 2068 1243 2098 in
1255 2067 1409 2099 Tristibus
1422 2068 1444 2098 i.
1460 2068 1550 2109 Eleg.
1567 2070 1600 2099 2.

1054 2118 1117 2148 Nec
1131 2124 1208 2158 peto,
1224 2130 1295 2158 quas
1310 2119 1458 2158 quondam
1468 2120 1542 2158 petii
1557 2121 1672 2149 studio-

1094 2179 1142 2198 sus
1159 2168 1303 2198 Athenas.

1010 2217 1047 2248 Id
1077 2223 1124 2248 est
1147 2216 1280 2259 cupidus
1309 2227 1361 2247 eas
1388 2216 1526 2253 videndi,
1551 2227 1612 2248 non
1641 2222 1676 2248 ut

1010 2266 1150 2309 quidam,
1166 2267 1337 2298 studiorum
1350 2267 1460 2308 gratia.
1484 2268 1603 2298 Bunm.

1052 2318 1085 2349 4.
1115 2317 1201 2348 Unde
1217 2317 1375 2357 moreren]
1403 2317 1469 2358 Ego
1484 2317 1673 2348 Latiniorem

1010 2372 1085 2409 puto
1100 2367 1267 2398 lectionem
1294 2365 1469 2397 Sarraviani
1495 2371 1526 2396 et
1541 2367 1675 2397 Franco-

1011 2416 1155 2447 funensis
1180 2416 1308 2452 codicis,
1335 2417 1415 2446 uncle
1440 2418 1567 2447 reniret.
1592 2416 1675 2457 quod

1011 2473 1042 2497 et
1058 2466 1205 2497 Francius
1219 2467 1404 2508 conjecerat,
1421 2465 1474 2507 qui
1497 2472 1600 2497 tamen
1615 2478 1673 2496 mo-

1012 2522 1091 2546 rer-et
1106 2516 1303 2558 praeferebat.
1339 2517 1571 2547 BranANNus.
1623 2515 1674 2545 Ad

1012 2566 1078 2595 haec
1097 2565 1140 2596 vir
1156 2565 1207 2595 Cl.
1231 2566 1345 2596 Jacob.
1372 2565 1490 2596 Frider.
1508 2565 1672 2605 Eusinger.

1013 2615 1043 2645 in
1059 2616 1213 2656 excerptis
1229 2626 1244 2645 e
1261 2615 1353 2646 codd.
1370 2614 1671 2657 Guelpherbytanis:

1012 2669 1033 2681 ‘⁴
1054 2665 1160 2700 Quum
1183 2665 1298 2706 priores
1319 2664 1490 2695 edidissent
1512 2666 1592 2694 unde
1614 2675 1672 2693 mo-

1009 2720 1089 2744 veret
1114 2724 1197 2752 opus,
1220 2714 1420 2744 Burmannus
1444 2716 1557 2744 reniret
1582 2723 1668 2754 repo-

1009 2762 1087 2793 suit:
1112 2762 1151 2793 de
1176 2773 1237 2804 quo
1253 2763 1304 2793 vix
1321 2763 1431 2793 dubito
1447 2763 1523 2803 quin
1547 2761 1673 2792 alterius

1009 2811 1169 2852 scriptura:
1186 2812 1225 2843 sit
1241 2813 1559 2854 interpretamcntum.
1591 2811 1671 2841 Mihi

1071 2865 1137 2896 N3
