1849 3198
207 222 291 263 148

598 224 646 263 Ρ.
682 222 893 264 OVIDII
928 223 1208 266 NASONIS

211 338 374 393 Quam
399 339 488 385 tibi
514 354 644 386 nunc
670 340 817 402 longe
843 355 1049 402 regnum
1075 341 1239 387 dotale
1267 340 1490 397 Creiisae,

277 415 343 462 Et
367 432 522 472 socer,
549 423 600 464 et
619 417 785 479 magni
811 424 927 464 nata
953 417 1183 464 Creontis
1209 419 1381 466 erant?

210 493 385 540 Tristis
412 495 535 541 abis.
575 495 731 542 oculis
757 496 1022 543 abeuntem
1048 512 1322 559 prosequor
1346 497 1484 544 udis:
1533 499 1597 544 55

277 571 345 620 Et.
367 572 494 619 dixit
516 573 653 620 tenui
678 590 927 620 murmure
953 574 1136 637 lingua,
1164 574 1305 622 Vale.

213 649 282 696 Ut
307 650 524 714 positum
548 650 690 712 tetigi
716 651 933 697 thalamo
960 652 1087 698 male
1114 652 1284 699 saucia
1306 653 1519 709 lectum3

275 726 405 774 Acta
429 735 505 775 est
529 744 617 792 per
641 729 869 775 lacrimas
895 745 996 775 nox
1021 729 1158 784 mihi,
1186 736 1372 792 quanta
1396 729 1503 776 fuit.

209 803 340 852 Ante
366 806 536 852 oculos
561 805 792 869 taurique
816 813 981 853 truces
1008 814 1307 869 segetesque
1333 806 1588 863 nefandae3

274 881 405 930 Ante
430 900 567 930 meos
592 883 762 930 oculos
788 884 995 947 pervigil
1020 884 1194 946 anguis
1221 891 1341 931 erat.

1535 886 1601 930 60

210 957 341 1006 Hinc
384 976 534 1016 amor,
575 961 691 1007 hinc
730 960 875 1008 timor
917 968 1008 1008 est.
1060 961 1223 1025 ipsum
1263 962 1410 1008 timor
1451 967 1602 1023 auget

407 1054 623 1084 aanI'elTl
632 1076 641 1084 .

276 1114 429 1162 Mane
455 1122 586 1172 erat3
628 1122 677 1162 et
700 1115 918 1162 thalamo
944 1131 1059 1163 cara
1083 1122 1285 1180 recepta
1309 1132 1461 1171 soror,

211 1192 592 1256 Disjectamque
617 1209 784 1240 comas
810 1209 1082 1256 aversaque
1107 1193 1156 1239 in
1182 1209 1267 1240 ora
1286 1195 1537 1256 jacentem

276 1269 488 1326 Invenit,
517 1277 566 1317 et
590 1270 804 1317 lacrimis
830 1270 995 1317 onmia
1018 1270 1167 1333 plena
1190 1270 1331 1317 meis.

211 1346 335 1394 Orat
359 1364 506 1411 opem
527 1347 746 1412 Minyis:
786 1348 912 1412 petit
937 1349 1106 1404 altera,
1125 1356 1175 1396 et
1199 1349 1353 1396 altera
1376 1348 1598 1398 habebit.

274 1425 476 1473 AEsonio
497 1425 684 1489 juveni,
712 1426 847 1489 quod
873 1432 1013 1488 rogat
1038 1426 1136 1481 illa,
1164 1426 1357 1473 damus.
1535 1429 1599 1473 66

250 1602 305 1632 53.
332 1600 480 1641 creas-m]
510 1601 648 1631 Glaucen
664 1606 755 1632 vocat
769 1602 869 1644 Apol-

205 1650 331 1681 lodorus
343 1655 375 1680 et
390 1650 558 1681 Diodorus.
584 1650 679 1681 CIOF.

250 1702 304 1731 55.
330 1700 526 1740 Prosequor]
556 1701 719 1741 Persequor
735 1711 803 1731 sex.
827 1700 871 1731 nil

208 1756 306 1781 muto.
323 1748 388 1781 vid.
406 1749 506 1791 Epist.
522 1761 552 1780 v.
568 1751 621 1781 55.

250 1800 305 1830 58.
330 1800 408 1829 Acta
430 1806 472 1829 est
492 1810 545 1839 per
569 1798 738 1839 lacrimas]
764 1799 872 1830 Posset

206 1856 237 1882 et
251 1850 327 1891 legi,
345 1856 413 1880 acta
427 1851 507 1880 inter
530 1851 679 1880 lacrimas.
705 1855 740 1880 ut
755 1850 870 1891 virgil.

207 1900 250 1931 vi.
268 1898 399 1930 AEneid.
415 1899 491 1929 513.

250 1949 388 1989 Namque
423 1954 458 1978 at
490 1959 657 1988 supremam
675 1948 764 1990 salsa
792 1950 873 1978 inter

290 2000 407 2041 gaudia
422 2004 536 2028 noctem

252 2048 420 2089 Egerimus,
433 2049 522 2078 nosti.

208 2097 385 2140 Propertius
400 2097 447 2128 iii.
462 2096 528 2127 viii.
546 2097 601 2126 21.

252 2147 297 2177 Sit
311 2158 415 2178 mensae
430 2148 521 2182 ratio,
535 2156 647 2185 noxque
663 2146 744 2175 inter
765 2145 872 2183 pocula

294 2202 414 2226 currat.

207 2244 268 2275 Sed
282 2256 336 2284 per
352 2246 501 2279 lacrimas,
519 2243 603 2273 idem
627 2243 801 2284 significare
817 2243 870 2273 do-

208 2294 348 2324 cebimus
370 2293 409 2324 ad
425 2293 534 2323 Valer.
559 2293 647 2323 Flac.
671 2292 728 2323 lib.
748 2293 771 2323 i.
797 2293 871 2323 767.

210 2344 326 2373 Bunm.

252 2393 305 2422 63.
332 2390 531 2432 Aversaque]
558 2390 655 2421 Multi
673 2389 797 2420 codices
819 2391 873 2420 acl-

208 2454 303 2472 versa.
334 2446 369 2472 ut
396 2441 430 2472 ii.
457 2441 542 2471 Fast.
568 2441 643 2471 845.
691 2440 753 2470 Illa
765 2443 874 2480 jacens

208 2493 350 2527 adversm
397 2495 432 2521 ut
460 2489 609 2521 Heinsius
642 2490 780 2520 volebat.
818 2490 873 2521 sed

208 2551 350 2583 pronam,
373 2545 404 2570 et
432 2539 464 2570 in
487 2539 600 2570 faciem
624 2539 760 2580 jacuisse
787 2544 873 2580 puto,

210 2601 273 2632 prae
289 2590 405 2631 pudore
422 2594 453 2620 et
468 2588 638 2627 moestitia3
662 2593 696 2619 ut
718 2589 819 2619 solent
842 2589 874 2619 in

209 2640 268 2670 hac
305 2639 401 2670 animi
431 2638 606 2669 adfectione
635 2648 717 2679 saepe
754 2642 874 2668 mutare

211 2688 346 2730 corporis
367 2693 482 2719 statum
503 2687 618 2718 crebris
638 2686 872 2728 jactationibus.

213 2738 336 2779 egregie
351 2737 515 2769 ‚luvenalis
530 2736 576 2768 iii.
592 2737 667 2767 278.

259 2788 367 2818 Ebrius
381 2799 416 2818 ac
429 2788 578 2826 petulans,
596 2788 646 2827 qni
662 2786 875 2827 ‘nullmnsarte

1025 1604 1142 1638 cecidit,

984 1651 1048 1681 Dat
1060 1662 1171 1691 pamas.
1196 1657 1307 1682 noctem
1327 1653 1449 1691 patitur
1472 1653 1603 1693 Ingentis

1023 1703 1150 1732 amicum

983 1751 1108 1782 Pelidae.
1137 1752 1226 1782 cubat
1250 1751 1423 1793 infaciem,
1447 1765 1511 1784 mox
1533 1756 1604 1785 inde

1023 1803 1158 1841 supinus.

986 1851 1067 1892 Ergo
1078 1863 1137 1881 non
1152 1853 1242 1882 aliter
1254 1853 1364 1891 poterit
1379 1854 1517 1884 dormire.

941 1901 1004 1931 Ubi
1019 1900 1168 1932 Heinsius
1180 1901 1336 1932 malebat:

983 1951 1077 1992 AEgre
1089 1956 1117 1981 et
1132 1962 1191 1980 non
1207 1951 1296 1981 aliter
1308 1953 1419 1990 poterit
1431 1953 1570 1984 dormire.

1439 1995 1558 2027 Euam.

983 2043 1037 2074 65.
1064 2044 1147 2074 Petit
1166 2044 1263 2074 altera
1287 2050 1315 2074 et
1338 2045 1436 2074 altera
1458 2045 1604 2086 habebit]

939 2092 1111 2123 Salmasius
1131 2092 1170 2123 ad
1187 2093 1322 2134 Capitol.
1344 2093 1514 2125 Maximin.
1530 2105 1602 2137 cap.

940 2140 962 2172 i.
1009 2142 1096 2172 Alter
1107 2143 1195 2181 petit,
1213 2143 1290 2172 alter
1306 2143 1420 2172 habebit
1433 2153 1471 2173 ex
1487 2143 1603 2174 Putea-

940 2201 1011 2221 neo.
1036 2190 1191 2232 quomodo
1206 2196 1237 2220 et
1249 2191 1508 2232 GottorphianuS.
1525 2203 1602 2223 non-

940 2240 1038 2270 nulli:
1075 2240 1155 2270 Petit
1179 2241 1288 2276 altera,
1315 2247 1342 2270 et
1371 2242 1449 2270 alter
1474 2242 1603 2272 habebit.

939 2289 971 2319 Si
995 2289 1070 2330 quid
1092 2288 1278 2319 mutandum
1303 2289 1355 2325 sit,
1372 2289 1418 2320 ita
1440 2290 1603 2332 rescripse-

940 2349 1014 2369 rim:

987 2388 1063 2418 Orat
1091 2398 1170 2427 opem
1201 2387 1316 2428 Minyis
1339 2399 1419 2418 soror
1440 2389 1548 2424 alteru,
1571 2395 1603 2419 at

1069 2440 1283 2480 alternflevit:

1027 2489 1146 2518 Αἰεοιιὶυ
1165 2491 1287 2528 juveni,
1317 2491 1393 2528 qnod
1421 2496 1508 2530 rogat
1537 2490 1603 2526 illa,

1067 2540 1182 2569 (lamus.

942 2589 986 2619 Τὸ
1000 2599 1079 2618 soror
1101 2587 1273 2619 exciderat.
1296 2598 1351 2629 pro
1372 2598 1434 2629 quo
1454 2588 1535 2618 male
1559 2589 1603 2619 fe—

941 2637 1013 2668 riati
1040 2642 1228 2668 correctores
1257 2639 1332 2676 petit
1361 2643 1601 2678 supposuerunt.

942 2686 1141 2726 alteraflevit
1156 2686 1205 2716 vel
1222 2678 1330 2727 flebat,
1350 2685 1450 2716 facilis
1473 2686 1603 2717 mutatio

943 2747 980 2766 ex
997 2737 1074 2766 alter
1098 2737 1212 2766 habebit
1236 2740 1291 2766 aut
1315 2736 1447 2771 habebat,
1462 2735 1547 2777 quod
1570 2735 1602 2766 in

943 2785 1049 2816 multis
1063 2785 1184 2826 scriptis
1199 2790 1256 2821 est,
1271 2791 1304 2816 ut
1323 2786 1388 2826 jam
1411 2785 1528 2817 monui.
1551 2795 1603 2816 ce-
