1849 3198
626 245 970 288 HEROIDES.
1005 246 1098 287 ΕΡ.
1131 246 1267 288 XIV.
1557 249 1640 290 171

254 361 352 409 Per
375 363 579 418 reditus,
607 377 888 427 corpusque
912 368 1069 417 tuum,
1097 377 1210 409 mea
1232 362 1450 419 numina,
1471 364 1613 427 juro;

320 439 519 504 Perque
544 457 687 505 pares
714 439 862 487 animi
888 439 1207 502 conjugiique
1232 439 1383 487 faces.
1549 444 1641 489 160

252 516 468 581 Perque,
491 519 625 582 quod
650 525 706 565 ut
729 518 924 565 videam
949 517 1086 564 canis
1112 517 1279 563 albere
1305 518 1513 581 capillis,

321 596 468 650 Quod
494 605 660 644 tecum
684 597 846 660 possis
872 596 980 659 ipse
1006 595 1201 649 referre,
1229 602 1407 657 caput;

252 672 340 720 Me
365 674 452 720 tibi
479 682 734 722 venturam
762 674 1013 728 comitem,
1043 689 1361 736 quocumque
1385 673 1604 721 vocaris:

321 751 451 807 Sive,
480 752 638 815 (quod
665 753 761 799 heu
787 752 938 798 timeo
957 752 991 812 l)
1018 751 1120 798 sive
1147 757 1399 814 superstes
1426 751 1538 797 eris.

254 827 446 875 Ultima
470 829 704 876 mandato
732 830 990 876 claudetur
1016 829 1227 892 epistola
1251 844 1428 891 parvo3
1551 830 1640 874 165

320 905 373 951 Si
398 906 487 952 tibi
513 922 633 953 cura
657 906 770 962 mei,
799 906 863 952 sit
886 906 975 952 tibi
1002 921 1121 952 cura
1144 905 1231 952 tui.

683 1171 1032 1219 EPISTOLA
1070 1171 1212 1218 XIV.

524 1288 1056 1331 HYPERMNESTRA
1092 1289 1366 1331 LYNCEO.

252 1388 411 1437 Mittit
433 1389 834 1454 Hypermnestra
858 1392 921 1438 de
945 1397 1020 1438 tot
1044 1392 1191 1438 modo
1215 1391 1446 1438 fratribus
1473 1391 1574 1446 uni,
1620 1380 1623 1384 ⁴

320 1468 504 1516 Cetera
527 1477 792 1533 nuptarum
818 1470 1021 1517 crimine
1046 1470 1192 1516 turba
1209 1470 1362 1532 Jacet,

253 1545 440 1593 Clausa
463 1548 612 1595 domo
637 1555 823 1604 teneor,
853 1548 1186 1610 gravibusque
1212 1546 1426 1593 coercita
1448 1546 1640 1594 vinclis.

319 1622 412 1671 Est
436 1625 555 1671 mihi
582 1625 812 1689 supplicii
837 1610 1029 1680 caussa,
1057 1624 1209 1671 fuisse
1235 1624 1385 1687 piam.

295 1764 368 1794 162.
395 1764 481 1798 Quod
506 1771 603 1794 tecum
622 1765 739 1806 possit]
767 1766 863 1806 Lego,
888 1766 914 1795 Ο

250 1821 345 1843 tecum
361 1816 458 1853 possis,
480 1814 541 1849 vel,
567 1814 651 1844 Huc.
678 1815 762 1845 Nam
786 1814 912 1846 Vossia-

250 1873 318 1898 nus,
337 1863 378 1892 Ut
393 1869 498 1893 tecum.
513 1863 578 1893 dixi
591 1863 690 1905 Epist.
704 1863 726 1894 i.
744 1875 824 1895 vers.
843 1865 912 1895 101.

251 1910 424 1943 mesrus.
474 1914 518 1944 Τὸ
549 1914 607 1952 ipse
635 1924 697 1944 non
730 1919 822 1944 vacat
851 1914 911 1944 hie.

251 1960 324 2001 quia
337 1960 480 1997 virorum,
494 1961 547 2002 qui
561 1962 645 1992 bello
657 1963 848 1998 ceciderunt,
861 1973 912 1993 ca-

251 2009 367 2041 davera
382 2010 413 2040 in
429 2011 560 2052 patriam
577 2012 615 2041 ab
628 2011 698 2042 aliis
708 2012 849 2042 solebant
864 2022 911 2042 re-

251 2059 321 2090 ferri
336 2072 344 2097 3
368 2066 402 2090 ut
417 2060 610 2091 notissimum
624 2073 629 2091 :
656 2061 826 2093 Laodamia
842 2073 913 2093 vero

250 2115 354 2145 vovet,
383 2115 417 2140 ut
442 2109 507 2151 ipse
532 2110 637 2141 salvus
664 2111 777 2142 referat
803 2118 911 2154 caput.

251 2157 367 2189 Burni.

297 2208 369 2238 164.
396 2207 462 2239 Sive
478 2207 572 2248 (quod
584 2209 640 2239 hen
656 2208 786 2249 timeo->J
814 2208 912 2241 Ἀπο-

252 2256 411 2295 σιώπησις
422 2256 591 2299 aptissima,
606 2268 644 2288 ne
657 2268 693 2288 ex
708 2258 815 2288 mortis
826 2270 913 2289 men·

251 2303 334 2335 tione
350 2305 520 2336 infaustum
533 2317 624 2337 omen
636 2308 700 2337 fiat.
716 2306 778 2337 vid.
797 2307 914 2338 Victor.

251 2360 282 2385 et
299 2355 428 2386 Corrad.
446 2355 485 2385 ad
509 2357 612 2387 Cicer.
629 2356 696 2387 viii.
714 2357 753 2387 ad
771 2357 840 2387 Λα.
858 2359 913 2388 23.

253 2405 370 2434 Burin.

301 2503 326 2531 l.
353 2503 452 2533 Mittit
470 2503 708 2543 Hypermnestra
724 2506 760 2535 de
776 2511 815 2535 tol
834 2506 915 2535 modo

241 2550 400 2592 fratribus
416 2553 479 2587 uni,
495 2551 600 2582 Cetera
616 2559 779 2593 nuptarum
792 2555 916 2583 crimine

254 2601 462 2641 tui-bajacet.]
481 2601 690 2642 Apollodorus
706 2602 760 2632 lib.
773 2602 804 2632 ii.
824 2602 915 2640 Αὐτὴ

254 2649 284 2680 ὂὲ
299 2650 355 2690 (de
368 2651 773 2692 Hypermnestraloquitur)
789 2651 916 2693 Λυγκέα

255 2698 382 2730 &mum
399 2699 567 2741 πάρθενον
587 2701 696 2739 αὐτὴν
711 2700 916 2742 φυλάξαντα,

254 2754 286 2778 et
298 2759 380 2784 rnox,
394 2750 525 2786 Δαναὸς
537 2748 567 2779 δὲ
583 2749 722 2791 ὕστερον
736 2748 917 2791 Ὑπερμνή-

258 2807 364 2837 στραν
390 2800 508 2839 Λυγκεῖ
524 2797 748 2839 συνῳκὴκησε.
783 2799 828 2829 Ex
845 2797 914 2839 qui-

980 1765 1039 1795 bus
1068 1764 1145 1795 locis
1171 1763 1372 1794 manifestum
1402 1769 1449 1794 est
1476 1763 1642 1804 Lynceum,

981 1825 1042 1844 non
1058 1814 1171 1844 Linum
1187 1812 1290 1843 vocari
1302 1823 1384 1849 eum,
1402 1813 1440 1843 ad
1457 1824 1550 1854 quem
1566 1813 1642 1844 scri-

979 1864 1026 1894 bit
1042 1864 1301 1905 Hypermnestra.
1327 1862 1510 1893 CioFANrs.
1545 1863 1643 1894 codex

980 1912 1109 1942 Strozzae
1142 1912 1389 1952 Hypermnestre.
1425 1917 1459 1942 ut
1497 1916 1526 1942 et
1565 1912 1645 1943 infra

979 1972 1061 1992 vers.
1089 1962 1141 1992 53.
1166 1966 1197 1991 et
1223 1960 1267 1990 ita
1290 1961 1322 1990 in
1345 1960 1576 2002 Epigrammate
1597 1961 1644 1993 in-

980 2009 1074 2045 edito,
1088 2010 1167 2040 inter
1183 2009 1314 2039 schedas
1330 2009 1471 2040 Heinsii:

1045 2060 1107 2089 DE
1131 2059 1323 2089 AEGYPTO
1347 2059 1405 2089 ET
1427 2059 1593 2090 DANAO.

1025 2108 1147 2149 Perfida
1177 2119 1231 2138 nox
1258 2108 1373 2144 Danai,
1400 2110 1538 2138 dirarum
1569 2111 1645 2140 cmle

1108 2169 1257 2187 sororum:

1070 2207 1157 2237 Mitis
1180 2207 1424 2248 Hypermnestre,
1446 2208 1564 2248 perfida
1588 2220 1645 2239 nox

1112 2257 1227 2287 Danai.

983 2305 1043 2336 Sed
1060 2311 1091 2337 et
1106 2306 1221 2337 similia
1243 2305 1369 2337 nomina
1392 2306 1466 2337 licet
1489 2306 1521 2336 in
1536 2319 1554 2336 α
1570 2317 1643 2337 exe-

983 2362 1046 2391 ant,
1076 2355 1218 2386 ultimam
1247 2366 1329 2397 saepe
1359 2355 1533 2397 producunt
1563 2356 1645 2397 apud

984 2405 1145 2435 Nostrum.
1176 2411 1211 2435 ut
1239 2404 1332 2440 Leda,
1365 2405 1502 2440 Phaedra,
1533 2406 1645 2446 Hybla,

983 2454 1041 2484 ἃς.
1059 2465 1190 2495 quarum
1203 2453 1303 2484 multa
1316 2460 1447 2495 utroque
1463 2454 1554 2485 modo
1568 2454 1643 2485 effe-

983 2510 1104 2534 runtur.
1132 2503 1254 2534 Electra
1280 2503 1363 2545 apud
1387 2504 1529 2546 Propert.
1553 2504 1584 2534 ii.
1601 2505 1644 2535 xi.

984 2554 1016 2583 5.
1063 2552 1182 2582 vau.

1028 2602 1060 2631 4.
1091 2601 1140 2631 Est
1168 2603 1239 2632 mihi
1267 2603 1407 2641 supplicii
1437 2613 1526 2632 causa
1547 2603 1648 2643 fuisse

983 2652 1092 2692 planu]
1108 2652 1138 2681 Si
1152 2652 1323 2692 elegantias
1335 2652 1426 2693 capio
1439 2652 1647 2687 Nasoniancm,

985 2700 1148 2743 scripserat
1164 2700 1335 2743 ille,jiaeisse
1344 2703 1413 2741 pize.
1431 2701 1473 2731 sic
1490 2701 1562 2731 alibi
1578 2714 1584 2731 :

1210 2751 1292 2781 Vobis
1309 2752 1487 2780 immunibus
1502 2751 1592 2789 hujus

1034 2799 1099 2830 Esse
1114 2801 1186 2829 mali
1203 2802 1335 2830 dabitur.
