1849 3198
601 258 944 300 HEROIDES.
978 259 1068 299 ΕΡ.
1093 258 1201 299 VII.

1537 260 1594 300 83

210 374 324 421 Non
349 382 515 422 tamen
536 374 742 428 AEnean,
771 373 996 436 quamvis
1022 374 1150 420 male
1175 374 1378 436 cogitat,
1405 374 1486 421 odi
1509 392 1518 422 :

278 452 379 499 Sed
405 467 582 515 queror
605 451 826 506 infidum,
854 458 1132 514 questaque
1156 453 1300 515 pejus
1327 468 1453 499 amo.

1526 455 1590 499 30

209 527 366 576 Parce
382 529 550 576 Venus
570 529 728 583 nurui,
750 529 1028 591 durumque
1054 530 1354 592 amplectere
1372 530 1587 585 fratrem,

274 606 444 653 Frater
467 605 646 652 Amor:
687 605 861 651 castris
886 605 1064 652 militet
1088 606 1167 652 ille
1193 606 1307 653 tuis.

208 682 308 729 Aut
327 700 434 745 ego,
453 699 602 746 quem
621 683 750 746 coepi
766 683 952 745 (neque
972 684 1103 730 enim
1122 684 1383 746 dedignor)
1400 701 1586 741 amare3

275 759 538 807 Materiam
563 776 692 806 curae
719 761 939 823 praebeat
962 761 1043 808 ille
1069 778 1208 809 meae.

208 836 395 893 Fallor3
436 845 486 884 et
509 838 604 884 ista
628 838 746 884 mihi
771 837 894 884 falso
913 839 1131 900 jactatur
1154 839 1333 902 imago.

1526 842 1589 886 35

275 914 451 962 Matris
477 916 539 962 ab
565 915 762 978 ingenio
787 916 996 963 dissidet
1019 917 1101 963 ille
1126 933 1243 963 suae.

206 991 276 1038 Te
301 992 442 1056 lapis,
470 1000 520 1040 et
543 1001 751 1049 montes,
780 994 1048 1056 innataque
1073 994 1277 1057 rupibus
1303 994 1413 1041 altis

274 1068 488 1125 Robora,
516 1077 565 1117 te
591 1086 732 1116 saevae
757 1086 1065 1133 progenuere
1089 1070 1232 1118 ferae:

206 1149 307 1197 Aut
331 1167 481 1206 mare,
503 1151 648 1213 quale
663 1150 799 1197 vides
827 1150 999 1212 agitari
1024 1166 1154 1196 nunc
1181 1165 1380 1212 quoque
1404 1148 1584 1195 ventis:

273 1227 417 1281 Quod
441 1235 607 1275 tamen
632 1228 849 1275 adversis
875 1227 1107 1274 fluctibus
1132 1228 1200 1273 ire
1226 1243 1386 1290 paras.

1523 1227 1588 1270 40

207 1304 317 1359 Quo
332 1305 489 1367 fugis?
515 1307 679 1352 obstat
694 1306 874 1353 hiems:
904 1305 1078 1351 hiemis
1099 1305 1216 1351 mihi
1239 1303 1396 1366 gratia
1415 1302 1584 1366 prosit.

271 1382 507 1445 Adspice,
534 1389 588 1428 ut
612 1398 807 1429 eversas
833 1382 1049 1429 concitet
1075 1381 1235 1428 Eurus
1261 1396 1433 1443 aquas.

247 1579 325 1609 Sunt
336 1581 434 1621 igitur
450 1580 553 1616 BIusae,
566 1592 657 1620 neque
669 1582 782 1610 amanti
794 1592 860 1611 sur-

289 1629 344 1658 dus
360 1629 474 1668 Apollo.

205 1677 267 1708 Ubi
289 1677 321 1708 in
336 1678 429 1708 MSS.
455 1688 531 1719 quos
550 1677 697 1708 Heinsius
719 1678 861 1714 contulit,

205 1728 321 1757 tardus.
359 1733 390 1757 et
418 1726 554 1768 praetulit
590 1727 801 1758 Broukhusius
831 1734 862 1758 et

203 1775 270 1806 alii.
295 1776 413 1806 Burin.

246 1825 298 1855 33.
345 1824 417 1858 Qua>
453 1824 555 1864 caph]
603 1824 862 1866 Interruptionem

204 1885 284 1915 pono
309 1873 414 1904 statim
438 1878 507 1914 post
534 1874 609 1903 Aut.
638 1879 672 1903 ut
696 1872 862 1914 intelligas,

204 1929 258 1953 aut
286 1922 338 1953 ille
368 1923 505 1964 praebeat
533 1922 704 1952 materiam.
742 1922 790 1952 vel
818 1929 864 1953 est

204 1973 409 2003 substractum
438 1982 515 2001 meae
541 1982 635 2006 curae,
663 1981 731 2001 meo
757 1971 862 2008 amori,

205 2031 306 2062 neque
330 2020 411 2050 enim
435 2030 502 2061 ego,
519 2031 587 2061 quae
603 2020 696 2061 coepi,
712 2020 863 2061 dedignor

204 2081 318 2101 amare.
369 2069 503 2100 AARox.
556 2070 638 2111 Lege
675 2080 711 2100 ex
752 2071 862 2101 veteris

204 2120 273 2150 libri
290 2119 349 2150 fide
364 2125 395 2150 et
410 2119 539 2154 ratione,
557 2130 639 2159 quem
654 2120 736 2158 cffpi.
767 2118 858 2149 Cror.

207 2169 298 2203 Quem
315 2170 386 2207 ccrpi
401 2168 552 2203 meliores,
568 2173 598 2198 et
614 2167 657 2198 ita
672 2167 861 2208 Naugerius.

206 2223 239 2248 ut
255 2217 350 2253 dicat,
367 2217 448 2258 quod
465 2216 538 2247 alibi
553 2229 559 2246 ε

249 2268 311 2297 Aut
327 2273 413 2302 amet,
430 2266 601 2308 aatfaciat
618 2277 674 2296 cur
689 2278 740 2307 ego
755 2277 864 2306 semper

290 2327 394 2346 ΠῙΠΕΠΙ.

205 2366 255 2396 Sic
270 2365 315 2395 iii.
332 2365 439 2394 Amor.
456 2363 511 2393 xii.
528 2364 558 2394 2.

252 2415 347 2449 Quam
363 2416 435 2453 capi
452 2415 530 2444 solus
545 2424 656 2444 amare.
702 2413 820 2444 mes.

208 2463 355 2494 Nondum
384 2469 488 2493 tamen
512 2462 602 2493 video
629 2473 763 2498 sensum,
792 2473 863 2493 cum

206 2522 356 2553 suspensa
379 2511 417 2541 sit
441 2511 548 2542 oratio.
593 2511 630 2541 In
653 2511 811 2542 Puteaneo
833 2519 863 2543 et

207 2560 328 2591 duobus
349 2560 418 2591 aliis
439 2565 515 2595 erat,
531 2567 558 2591 et
582 2571 644 2602 ego,
663 2560 695 2591 in
718 2559 790 2595 alio,
806 2562 863 2591 ait.

207 2608 238 2639 in
251 2609 399 2651 quinque,
407 2620 441 2639 en
455 2621 507 2651 ego
516 2621 588 2649 quae.
602 2609 634 2639 in
643 2609 773 2650 Argent.
786 2610 867 2640 haud

207 2669 271 2699 ego.
296 2658 327 2688 in
344 2658 601 2694 Francofurtensi,
623 2670 706 2698 quem
726 2660 798 2698 cepi,
815 2670 867 2689 nec

207 2709 285 2737 enim
300 2709 444 2750 dedignor
460 2719 566 2738 amore.
596 2707 776 2749 Legendum
790 2708 865 2739 forte

208 2756 284 2787 erit:

403 2805 515 2837 Castris
528 2807 635 2838 militet
650 2807 703 2836 ille
719 2808 796 2843 tuis‚·

973 1581 1069 1619 Atque
1089 1591 1151 1620 ego,
1168 1590 1228 1619 qua>
1250 1580 1337 1617 cffpi:
1363 1588 1414 1607 nec
1435 1578 1512 1606 enim
1534 1577 1585 1606 de-

1014 1631 1121 1670 dignor·
1136 1640 1247 1658 (tulare.

930 1678 988 1708 Ille
1004 1677 1126 1713 militet,
1143 1677 1195 1719 qui
1211 1677 1305 1707 durus
1320 1681 1377 1710 est.
1392 1681 1423 1706 et
1437 1685 1505 1715 ego,
1518 1685 1586 1716 quae

924 1727 991 1768 jam
1021 1727 1103 1769 coepi
1132 1737 1253 1757 amare:
1292 1736 1393 1766 neque
1422 1723 1505 1755 enim
1534 1723 1587 1754 de-

929 1782 1037 1811 trecto,
1064 1782 1097 1807 ut
1123 1776 1186 1812 ille,
1212 1774 1354 1805 militiam
1380 1779 1478 1804 tuam.
1508 1784 1572 1815 prae

929 1826 1003 1856 beat
1017 1825 1107 1856 modo
1122 1825 1175 1855 ille
1192 1830 1298 1855 mutuo
1310 1834 1413 1855 amore
1427 1823 1587 1854 materiem

930 1885 998 1905 meo
1014 1875 1122 1905 amori.
1167 1874 1283 1904 Bmm.

973 1925 1025 1955 35.
1064 1924 1104 1953 Et
1137 1926 1197 1962 ipsa
1234 1924 1306 1952 mihi
1332 1921 1418 1964 falso
1445 1923 1589 1961 jactatur

929 1973 1057 2015 imago]
1086 1972 1148 2003 Ista
1173 1975 1267 2014 imago
1279 1972 1458 2002 Puteaneus
1481 1976 1513 2001 et
1535 1969 1588 2000 alii

930 2033 967 2052 ex
984 2022 1242 2063 castigatioribus.
1268 2022 1383 2063 placet.
1398 2020 1486 2062 falsa
1512 2029 1588 2060 quo-

928 2082 989 2113 que
1024 2071 1107 2102 idem
1136 2071 1326 2102 Puteaneus.
1372 2070 1474 2105 Forte,
1512 2070 1589 2101 mihi

919 2121 1022 2162 falsa‘.
1069 2121 1188 2151 HmNs.

973 2171 1025 2200 40.
1050 2170 1115 2204 Quo
1130 2176 1228 2199 tamen
1244 2170 1372 2199 adversis
1380 2168 1529 2210 fluctibus
1544 2170 1588 2199 ire

927 2219 1047 2260 paras.]
1073 2219 1196 2254 Malim,
1214 2218 1280 2252 Qua
1296 2225 1395 2248 tamen
1416 2228 1487 2248 cum
1507 2217 1588 2248 Scri-

931 2268 1066 2303 veriano,
1083 2267 1132 2298 vel
1155 2267 1260 2303 etiam,
1286 2267 1372 2301 Quod
1396 2272 1491 2297 tamen
1518 2277 1588 2298 cum

929 2317 1056 2347 Strozzae
1073 2315 1191 2351 codice,
1207 2315 1282 2357 quia
1295 2315 1444 2356 sequitur,
1459 2315 1588 2357 anfa-

929 2367 996 2407 gis?
1030 2365 1083 2406 qui
1112 2364 1208 2403 durus
1241 2369 1288 2394 est
1315 2374 1492 2395 concussus.
1539 2365 1590 2396 Ire

929 2416 1025 2445 maria
1054 2413 1191 2444 obvium.
1237 2413 1298 2454 Ep.
1325 2412 1438 2448 Herm,
1469 2412 1586 2444 Helles-

927 2465 1093 2502 pontiacam
1110 2464 1208 2492 iturus
1222 2473 1327 2502 aquam
1344 2472 1382 2492 ex
1401 2461 1536 2503 antiquis
1551 2461 1588 2492 li-

930 2512 1004 2542 bris.
1048 2511 1120 2541 Art.
1147 2509 1222 2541 Am.
1253 2509 1289 2541 ii.
1314 2511 1368 2540 47.
1396 2520 1434 2541 ex
1461 2511 1590 2542 vetustis

933 2559 1161 2601 exemplaribus
1173 2571 1179 2588 :

978 2609 1081 2639 Restat
1109 2610 1167 2638 iter
1188 2609 1262 2645 eceli,
1285 2608 1387 2638 caelum
1414 2609 1588 2639 tentabimus

1019 2659 1074 2687 ire.

933 2707 1041 2738 Amor.
1057 2706 1091 2736 ii.
1108 2705 1160 2736 El.
1176 2705 1220 2736 xi.

976 2755 1166 2795 Fallacesque
1182 2756 1242 2784 vias
1256 2755 1300 2784 ire
1318 2753 1449 2784 Corinna
1464 2760 1562 2793 parat,

931 2805 970 2836 de
987 2804 1075 2835 mari.
1120 2803 1259 2846 Epistola
1269 2802 1436 2834 Ariadnes:

989 2857 1017 2887 G
1034 2858 1054 2887 2
