1849 3198
717 221 1010 263 AMORUM.
1065 221 1183 262 LIB.
1219 221 1255 262 I.
1286 221 1327 263 8.

1607 223 1692 264 323

297 338 400 386 Sed
426 354 697 402 numquam
717 337 914 385 dederis
941 337 1216 400 spatiosum
1237 344 1436 401 tempus
1462 338 1512 384 in
1538 338 1682 395 iram3

365 415 511 479 Saepe
537 416 814 462 simultates
840 414 912 461 ira
935 420 1127 460 morata
1150 413 1285 461 facit.

295 489 429 545 Quin
455 492 604 539 etiam
629 492 826 539 discant
849 491 979 538 oculi
1004 490 1262 538 lacrimare
1287 492 1475 539 coacti:

363 568 429 615 Et
452 568 636 616 faciant
660 569 784 615 udas
809 568 894 615 illa
916 568 993 614 vel
1018 567 1102 614 illa
1125 583 1296 629 genas.

297 645 422 702 Nec,
451 647 491 693 si
518 664 669 710 quem
694 646 851 702 falles,
874 653 926 692 tu
952 647 1205 710 perjurare
1229 645 1419 692 timeto.
1626 648 1687 692 85

365 723 665 771 Commodat
688 723 844 770 illusis
870 722 1074 768 numina
1099 722 1249 768 surda
1271 721 1460 768 Venus.

296 800 497 857 Servus,
525 809 575 848 et
600 802 661 849 ad
687 808 853 865 partes
881 800 1053 847 sollers
1081 799 1262 846 ancilla
1286 806 1549 862 parentur;

362 877 460 931 Qui
486 879 713 934 doceant,
741 886 856 942 apte
883 877 1004 940 quid
1028 876 1119 923 tibi
1144 875 1304 940 possit
1328 876 1441 922 emi.

296 953 361 1001 Et
385 955 478 1001 sibi
504 972 666 1019 pauca
689 963 891 1019 rogent:
931 955 1073 1001 multi
1100 954 1140 1000 si
1166 969 1329 1017 pauca
1354 954 1615 1015 rogabunt,

363 1031 634 1081 Postmodo
659 1034 721 1081 de
747 1034 932 1097 stipula
959 1032 1159 1095 grandis
1186 1048 1390 1078 acervus
1413 1031 1521 1078 erit.
1621 1034 1684 1078 90

295 1108 360 1156 Et
385 1127 536 1166 soror,
555 1118 605 1158 et
622 1118 795 1166 mater,
818 1110 983 1156 nutrix
1004 1125 1204 1172 quoque
1224 1115 1397 1172 carpat
1417 1115 1684 1156 amantem.

362 1187 440 1234 Fit
464 1188 562 1234 cito
588 1205 677 1251 per
701 1189 882 1235 multas
904 1188 1073 1251 praeda
1096 1187 1254 1251 petita
1277 1203 1470 1233 manus.

296 1263 426 1310 Cum
449 1272 498 1312 te
525 1266 759 1313 deficient
782 1266 1022 1329 poscendi
1048 1281 1255 1312 munera
1279 1281 1485 1319 caussae,

362 1341 594 1390 Natalem
618 1343 718 1390 libo
743 1343 1010 1390 testificare
1035 1349 1192 1388 tuum.

294 1418 373 1466 Ne
399 1436 603 1467 securus
629 1428 776 1477 amet,
804 1421 938 1467 nullo
963 1420 1130 1475 rivale,
1160 1426 1350 1466 caveto.
1625 1420 1686 1465 95

361 1496 475 1544 Non
500 1498 644 1554 bene,
673 1498 713 1545 si
738 1499 882 1545 tollas
909 1498 1098 1562 proelia,
1127 1498 1273 1544 durat
1298 1512 1451 1543 amor.

294 1574 384 1621 Ille
408 1575 496 1621 viri
521 1582 626 1623 toto
649 1576 815 1623 videat
839 1576 1051 1639 vestigia
1075 1577 1233 1632 lect03

360 1652 613 1716 Factaque
638 1654 835 1700 lascivis
860 1654 1010 1701 livida
1034 1654 1162 1701 colla
1188 1654 1335 1700 notis.

292 1729 506 1778 Munera
530 1732 780 1795 praecipue
805 1733 986 1789 videat,
1015 1748 1126 1795 quae
1152 1730 1343 1777 miserit
1368 1729 1506 1775 alter.

360 1808 414 1854 Si
438 1808 529 1855 tibi
554 1809 622 1855 nil
647 1810 855 1866 dederit,
886 1810 1041 1857 Sacra
1065 1808 1287 1871 roganda
1309 1806 1388 1853 via
1412 1812 1504 1852 est.

334 1931 385 1961 84.
410 1931 451 1960 Et
464 1930 592 1971 faciunt
608 1933 683 1962 udas
699 1933 752 1962 ille
768 1933 812 1962 vel
830 1934 880 1962 ille
901 1944 953 1974 ge-

290 1981 370 2021 mm]
412 1981 472 2010 Illa
509 1982 555 2011 rel
580 1982 635 2011 illa
669 1987 789 2023 septem
816 1981 951 2013 codices.

290 2030 371 2071 finge
397 2040 437 2060 ex
460 2030 621 2072 Zelotypia
646 2036 676 2060 te
702 2031 835 2071 plorare.
881 2031 953 2062 Huc

290 2080 424 2121 pertinet
441 2079 550 2120 Elegia
565 2079 619 2109 vii.
635 2079 691 2110 lib.
708 2079 743 2110 ii.
780 2080 953 2111 mesws.

290 2130 413 2160 Faciam
431 2131 565 2160 madidas
579 2140 660 2160 unus
670 2129 795 2160 Moreti.
832 2130 955 2161 Marius

289 2180 341 2209 ille
360 2180 402 2209 vel
419 2180 471 2209 ille
486 2178 524 2209 de
540 2184 676 2209 amatore
688 2178 793 2219 aliquo
809 2179 907 2220 capit.

333 2229 387 2259 85.
413 2228 673 2270 Siquemfallaa]
691 2228 791 2258 Fallcs
802 2228 953 2260 meliores.

288 2284 320 2308 et
336 2289 389 2320 pro
406 2281 611 2318 tupe1jurare
626 2278 713 2314 forte,
730 2279 811 2308 huic.
847 2279 951 2308 Hizm-

289 2338 370 2358 sms.
416 2328 583 2367 Petjurare
606 2327 733 2368 antique
758 2333 788 2357 et
806 2327 953 2357 Plautino

289 2377 379 2407 inodo
390 2387 444 2418 pro
456 2379 590 2416 pejerare
599 2376 718 2407 dictum
735 2377 852 2407 notavit
865 2377 953 2407 Dou-

289 2437 337 2457 za.
355 2425 418 2456 vid.
435 2425 577 2456 Lambin.
589 2426 628 2456 ad
645 2426 756 2456 Horat.
774 2426 807 2455 ii.
825 2427 891 2456 sat.
910 2426 953 2456 iii.

293 2476 364 2505 127.

332 2524 386 2554 87.
411 2524 519 2553 Seri-us
533 2530 560 2553 et
574 2526 613 2554 ιιιὶ
625 2530 725 2564 partes
739 2524 840 2553 sollers
854 2525 951 2552 ancil-

290 2575 320 2603 [ιι
334 2573 507 2612 parentum]
535 2574 581 2602 Ad
595 2580 705 2612 partes,
722 2583 786 2614 pro,
800 2572 838 2602 ad
855 2572 951 2601 socic-

289 2629 395 2657 tatem,
411 2621 489 2652 dixit
504 2634 509 2651 ε
534 2622 592 2652 hoc
609 2628 667 2657 est,
683 2622 737 2663 qui
759 2628 828 2652 tuas
850 2627 952 2662 partes

288 2675 383 2711 agant
398 2681 434 2701 ac
457 2675 614 2700 tueantur.
663 2669 797 2701 Perinde
818 2675 853 2699 ut
875 2669 951 2699 ‹lici-

289 2729 372 2749 mus:
398 2719 508 2749 Cicero
530 2725 654 2749 secutus
675 2725 721 2749 est
743 2725 844 2760 partes
864 2718 951 2747 l'oin-

290 2767 361 2808 peii,
385 2767 479 2798 Curio
502 2774 605 2810 partes
627 2767 770 2803 Caemris,
785 2775 842 2797 ὰς.
886 2767 951 2796 Μι-

1595 1807 1686 1851 100

1022 1941 1158 1962 CYLLUS.
1201 1929 1304 1960 Male.
1340 1938 1442 1969 neque
1472 1926 1583 1957 melius
1613 1927 1685 1957 Ma-

1022 1981 1096 2016 rius,
1109 1986 1144 2010 ut
1158 1978 1313 2020 quidquid
1329 1978 1368 2008 ab
1381 1976 1570 2007 amatoribus
1585 1981 1688 2007 extor-

1021 2029 1128 2065 serint,
1157 2034 1261 2059 tecum
1298 2027 1483 2068 partiantur.
1518 2027 1558 2055 ad
1588 2032 1690 2065 partes

1021 2080 1132 2115 sollers,
1158 2078 1189 2108 id
1213 2082 1260 2108 est
1286 2076 1339 2118 qui
1365 2082 1436 2117 apte
1460 2080 1562 2116 potest
1584 2081 1690 2117 partes

1021 2128 1092 2158 illas
1113 2138 1217 2169 agere,
1230 2132 1264 2157 ut
1277 2125 1395 2156 Histrio
1408 2124 1467 2155 sibi
1482 2124 1513 2154 in
1525 2135 1619 2155 scena
1633 2123 1689 2155 da-

1022 2183 1069 2208 tas
1084 2183 1187 2219 partes
1202 2176 1292 2206 docte
1306 2181 1336 2205 et
1351 2174 1491 2205 sollerter
1504 2174 1580 2214 agit.
1620 2173 1689 2204 Liv.

1022 2226 1067 2256 iii,
1102 2227 1152 2256 10.
1201 2225 1349 2255 Fabulam
1375 2224 1561 2262 compositam
1595 2222 1689 2252 Volsci

1023 2275 1102 2310 belli,
1120 2275 1267 2305 Hernicos
1278 2275 1316 2304 ad
1326 2279 1428 2312 partes
1439 2278 1570 2311 paratos.
1588 2276 1619 2301 et
1630 2270 1687 2301 hoc

1022 2323 1187 2366 Sequentia
1197 2323 1340 2358 suadent,
1354 2325 1403 2363 qui
1416 2323 1553 2352 doceant.
1567 2321 1687 2350 Bunm.

1066 2375 1120 2404 93.
1149 2373 1224 2403 Cum
1240 2371 1472 2413 tibideficient]
1496 2370 1535 2400 Te
1549 2370 1688 2410 dejicient

1023 2423 1117 2453 iidem
1134 2429 1230 2453 recte.
1256 2422 1299 2453 sic
1316 2421 1399 2452 enim
1420 2420 1535 2462 optimo
1560 2419 1614 2449 illo
1631 2429 1687 2449 sae-

1023 2473 1093 2503 culo
1109 2473 1327 2513 loquebantur.
1375 2470 1491 2500 mes.

1065 2523 1118 2552 94.
1157 2521 1325 2561 Testg'sicwe
1363 2519 1474 2559 litium]
1518 2518 1687 2558 Teslificarc

1019 2573 1095 2601 diem
1112 2569 1225 2600 Moreti
1251 2576 1281 2600 et
1299 2569 1461 2610 Neapolit.
1487 2567 1562 2597 forte
1589 2572 1685 2596 recte.

1021 2619 1091 2650 vide
1108 2619 1157 2649 hic
1175 2619 1324 2649 Marium.

1067 2669 1138 2698 100.
1165 2668 1255 2698 Sacra
1274 2667 1352 2707 rim]
1380 2666 1483 2707 Hujus
1496 2664 1553 2694 viae
1570 2661 1687 2693 mentio

1021 2724 1067 2747 est
1098 2717 1181 2758 apud
1208 2717 1371 2747 Horatium
1398 2716 1454 2745 lib.
1477 2714 1499 2744 i.
1527 2718 1558 2743 et
1580 2713 1684 2753 Satyr.

1022 2767 1064 2796 ix.
1092 2766 1173 2807 apud
1191 2766 1372 2796 Ciceronem
1395 2764 1432 2794 ad
1462 2762 1556 2793 Attio.
1582 2762 1640 2802 Ep.
1657 2766 1688 2791 et

1156 2819 1219 2849 Y2
