1849 3198
208 172 295 214 406
597 172 649 214 P÷
683 170 897 214 OVIDII
930 169 1213 213 NASONIS

213 286 372 334 Nobis
399 286 589 334 fatifero
616 286 816 333 Mavors
842 286 1121 349 adcingitur
1145 299 1287 333 ense:

281 362 387 409 Nos
413 363 539 428 petit
563 363 746 411 invicta
776 362 995 409 Palladis
1020 363 1164 409 hasta
1187 377 1354 409 manu,

212 439 373 487 Nobis
398 440 645 487 flexibiles
671 447 936 488 curvantur
959 439 1206 502 Apollinis
1232 455 1399 485 arcus:

277 515 337 561 In
363 532 452 562 nos
478 517 578 563 alta
601 516 630 562 J
636 517 739 563 ovis
765 517 974 563 dextera
997 515 1184 562 fulmen
1210 516 1376 562 habet.
1537 516 1602 560 30

211 591 474 639 Formosas
503 593 681 657 Superi
705 600 934 640 metuunt
958 593 1208 640 offendere
1231 592 1361 638 laesi:

275 667 444 731 Atque
470 669 615 724 ultro,
644 685 755 731 quae
783 685 836 716 se
862 685 960 715 non
984 669 1210 724 timuere,
1237 669 1432 716 timent.

211 742 277 791 Et
302 745 570 808 quisquam
595 746 678 809 pia
701 753 813 792 tura
836 745 961 792 focis
987 745 1241 809 imponere
1266 744 1434 791 curet?

276 820 426 868 Certe
451 823 563 885 plus
589 822 739 868 animi
764 822 915 869 debet
939 822 1102 869 inesse
1126 822 1258 868 viris.

208 895 239 942 J
245 897 444 960 uppiter
468 899 582 960 igne
609 915 698 945 suo
725 899 862 945 lucos
882 899 1132 961 jaculatur
1157 905 1206 945 et
1231 914 1385 945 arces.
1537 898 1600 942 35

277 974 538 1038 Missaque
564 977 789 1039 perjuras
814 976 915 1022 tela
939 975 1081 1022 ferire
1105 982 1255 1022 vetat.

209 1050 306 1098 Tot
329 1067 553 1098 meruere
578 1052 699 1114 peti.
777 1052 974 1099 Semele
1003 1052 1296 1098 miserabilis
1322 1050 1465 1097 arsit:

278 1127 454 1174 Officio
481 1135 557 1175 est
581 1128 649 1174 illi
675 1144 824 1191 poena
850 1136 1048 1192 reperta
1072 1144 1178 1174 suo.

208 1203 277 1250 At
301 1204 341 1250 si
365 1211 571 1251 venturo
598 1220 650 1251 se
677 1204 1003 1251 subduxisset
1027 1204 1228 1258 amanti,

276 1280 391 1328 Non
416 1289 557 1345 pater
581 1282 631 1328 in
659 1281 863 1329 Baccho
889 1282 1060 1329 matris
1086 1283 1294 1328 haberet
1317 1297 1456 1327 onus.
1536 1281 1601 1325 40

210 1356 343 1412 Quid
370 1374 565 1421 queror,
594 1365 650 1405 et·
667 1359 756 1405 toti
783 1358 909 1405 facio
935 1358 1157 1405 convicia
1181 1357 1334 1404 coelo?
1373 1356 1598 1418 [habent.

277 1435 343 1481 Di
379 1452 580 1499 quoque
618 1436 806 1484 habent
840 1436 1032 1492 oculos3
1086 1435 1152 1481 Di
1188 1450 1388 1497 quoque
1424 1439 1602 1497 pectus

211 1511 264 1558 Si
292 1511 431 1559 Deus
457 1513 565 1576 ipse
591 1513 768 1569 forem;
810 1528 995 1559 numen
1021 1511 1126 1559 sine
1151 1511 1323 1558 fraude
1348 1510 1519 1557 liceret

278 1588 484 1636 Femina
506 1590 735 1637 mendaci
760 1589 953 1636 falleret
978 1605 1060 1637 ore
1086 1604 1267 1635 meum.

211 1664 328 1728 Ipse
353 1681 445 1727 ego
464 1667 685 1728 jurarem
710 1682 880 1713 verum
900 1666 1068 1728 jurare
1094 1664 1309 1728 puellas3
1538 1665 1601 1709 45

279 1741 345 1788 Et
369 1758 466 1788 non
491 1743 553 1789 de
578 1742 766 1790 tetricis
792 1742 982 1789 dicerer
1007 1757 1117 1788 esse
1145 1741 1300 1787 Deus.

210 1817 285 1864 Tu
310 1824 477 1865 tamen
502 1819 699 1865 illorum
724 1819 1025 1866 moderatius
1053 1825 1193 1864 utere
1218 1818 1371 1864 dono:

278 1894 381 1942 Aut
405 1896 560 1943 oculis
586 1904 720 1944 certe
746 1913 911 1960 parce,
938 1896 1120 1960 puella,
1148 1895 1288 1942 meiS.

254 2071 306 2100 33.
333 2071 467 2112 Curam]
502 2073 575 2103 Non
598 2072 793 2104 incommode
817 2074 875 2105 for·
987 2073 1107 2103 Swnma
1122 2079 1229 2113 petunt
1246 2072 1351 2103 dextr&
1363 2072 1505 2114 fulmina
1521 2075 1606 2104 missa

211 2124 294 2149 tasse
309 2119 341 2149 in
356 2120 552 2161 subjunctivo
575 2121 741 2161 legeretur,
762 2123 876 2153 Curet?
1028 2122 1123 2152 Jovis.

212 2173 246 2197 ut
267 2174 313 2198 est
337 2168 368 2198 in
394 2170 535 2211 exemplo
563 2169 738 2211 Virgiliano
761 2171 815 2201 lib.
844 2171 876 2202 ii.
944 2171 981 2201 Id
997 2177 1043 2202 est
1057 2171 1181 2201 feriunt.
1196 2169 1228 2200 in
1245 2168 1401 2200 nonnullis
1424 2176 1527 2202 tamen
1552 2182 1605 2202 ex·

212 2217 265 2246 48.
944 2220 1134 2262 templaribus
1155 2219 1281 2260 legitur,
1306 2219 1397 2249 Pati.-
1422 2230 1491 2260 quae
1513 2221 1606 2252 lectio

258 2265 298 2295 Et
313 2267 464 2305 quisquam
480 2278 591 2297 numen
605 2267 736 2297 Junonz’s
748 2270 863 2299 adon-ec.
944 2269 1035 2299 valde
1063 2268 1178 2309 placet.
1205 2268 1357 2298 Munus.
1388 2267 1537 2309 Elliptica
1560 2270 1605 2300 lo-

212 2314 273 2344 Sed
298 2315 417 2344 nullum
443 2326 481 2345 ex
507 2315 614 2346 multis
637 2316 877 2357 exemplaribus,
945 2317 1028 2348 cutio
1045 2322 1109 2347 est:
1135 2328 1201 2358 pro,
1227 2317 1307 2347 Cum
1330 2322 1374 2346 tot
1397 2316 1465 2347 aliae
1485 2328 1604 2349 merue-

213 2373 283 2404 quae
307 2362 381 2392 mihi
405 2370 487 2399 sunt,
504 2363 616 2400 habeo,
634 2364 722 2406 cujus
745 2367 877 2396 auctori-
945 2367 1005 2396 rint
1020 2365 1095 2408 pati,
1112 2367 1178 2396 sola
1194 2366 1315 2396 Semele
1338 2365 1467 2396 fulmine
1490 2368 1606 2398 confla-

212 2418 276 2443 tate
292 2411 383 2442 nitar.
430 2412 552 2443 Idcirco
568 2424 627 2444 non
643 2414 742 2444 ausim
763 2413 874 2444 inunu-
944 2415 1056 2455 gravit.
1100 2416 1179 2445 Sunt
1200 2421 1305 2445 tamen
1328 2415 1461 2451 codices,
1478 2415 1531 2456 qui
1552 2427 1606 2457 pro

214 2466 289 2497 tare,
307 2469 378 2490 cum
400 2461 569 2501 praesertim
593 2461 637 2491 sic
661 2472 786 2503 quoque
809 2473 877 2493 sen-
949 2464 1020 2494 Pali
1044 2464 1190 2500 habeant,
1218 2464 1296 2500 Peli,
1320 2463 1401 2505 quod
1425 2464 1464 2494 ad
1488 2464 1606 2495 fulmen

214 2521 266 2541 sus
291 2509 407 2552 optime
433 2510 590 2551 procedat.
636 2511 776 2541 Damnat
796 2511 877 2542 enim
946 2513 1065 2554 proprie
1080 2513 1295 2543 referendum:
1321 2519 1355 2543 ut
1374 2513 1398 2543 si
1419 2513 1517 2549 dicas,
1536 2514 1601 2545 Me—

216 2560 302 2590 Naso
323 2565 471 2599 tanquam
497 2559 674 2590 dementem
699 2559 798 2596 illum,
824 2560 877 2602 qui
946 2563 1181 2603 ruerefulmine
1193 2565 1268 2602 peti.
1300 2563 1489 2593 chx'LLvs.
1521 2563 1602 2599 Iino,

214 2608 274 2638 diis
288 2607 461 2639 sacrificare
478 2614 575 2637 curat.
601 2608 749 2639 MAnius.
943 2613 1015 2650 peti.
1031 2611 1159 2642 fulmine
1175 2611 1331 2642 nimirum.
1353 2617 1447 2653 atque
1470 2611 1513 2643 ita
1536 2612 1606 2643 libri

259 2658 313 2688 37.
333 2657 384 2687 Tot
410 2668 541 2686 meruere
563 2658 654 2697 pech]
690 2658 725 2687 ld
744 2664 800 2694 est,
818 2659 874 2689 ful-
945 2661 1185 2702 praestantiores.
1214 2662 1333 2692 Hssms.

216 2706 349 2737 minibus
365 2706 454 2737 feriri.
486 2707 568 2737 Nam
581 2706 611 2736 in
628 2707 761 2738 Remed.
778 2709 852 2738 370.
