1849 3198
203 225 287 267 126

589 223 639 263 P.
673 222 887 265 OVIDII
919 222 1199 264 NASONIS

204 340 382 390 Nullus
408 344 537 386 erat:
577 338 833 402 referoque
857 354 1047 394 manus,
1073 339 1353 401 iterumque
1377 345 1584 395 retento,

268 417 468 479 Perque
491 421 651 462 torum
676 432 849 463 moveo
872 416 1101 464 brachia:
1141 416 1303 463 nullus
1329 423 1449 463 erat.

204 495 485 543 Excussere
509 501 670 541 metus
697 510 941 541 somnum.
980 493 1247 541 conterrita
1272 508 1448 555 surgo:

269 572 599 634 Membraque
619 579 733 619 sunt
756 572 903 618 viduo
927 570 1237 635 praecipitata
1259 576 1382 617 toro.

202 650 434 697 Protinus
460 649 687 696 adductis
713 655 983 696 sonuerunt
1006 654 1210 712 pectora
1232 646 1437 711 palmis:

1524 648 1581 692 15

268 726 439 790 thue
464 733 568 773 erat
593 742 622 773 a
646 743 816 774 somno
840 726 1053 781 turbida,
1080 732 1221 789 rapta
1244 740 1387 772 coma
1410 729 1501 770 est.

202 803 341 850 Luna
362 803 480 851 fuit:
521 810 707 867 specto,
736 804 775 850 si
802 804 939 867 quid,
966 804 1059 850 nisi
1083 804 1241 858 litora,
1269 817 1482 849 cernam.

267 879 412 934 Quod
436 880 635 927 Videant
657 881 802 936 oculi,
829 881 912 936 nil,
939 880 1032 927 nisi
1056 880 1189 935 litus,
1216 879 1418 926 habent.

201 957 349 1004 Nunc
365 957 478 1013 huc,
496 973 624 1004 nunc
640 957 770 1013 illuc,
784 964 834 1005 et
847 965 1071 1021 utroque,
1090 958 1194 1005 sine
1210 957 1395 1012 ordine,
1413 970 1578 1002 curro:

263 1033 380 1081 Alta
403 1034 645 1097 puellares
670 1035 833 1082 tardat
857 1051 1005 1083 arena
1027 1035 1198 1098 pedes.

198 1234 381 1265 Scribebant
395 1235 497 1273 supina
511 1245 565 1276 pro
575 1237 695 1274 supina.
712 1235 785 1266 hinc
801 1246 857 1266 na-

198 1290 247 1314 tus
269 1294 362 1313 error.
386 1282 430 1313 sic
452 1283 531 1313 libro
546 1283 568 1313 i.
592 1284 662 1315 Art.
688 1285 762 1315 Ain.
780 1287 855 1316 489.

197 1332 228 1362 in
245 1331 406 1362 veterrimo
418 1331 524 1362 codiee
537 1332 707 1364 oxoniensi
721 1346 727 1363 ε

327 1380 393 1410 Sive
410 1381 463 1410 illa
482 1386 543 1410 toro
556 1383 834 1424 resopinaferatnr.

198 1430 235 1460 In
252 1429 421 1460 Catalectis
436 1429 584 1471 Scaligeri
598 1442 603 1460 z

243 1480 283 1509 Et
302 1480 412 1521 flectat
443 1481 562 1509 niveum
598 1482 776 1519 semisupina
811 1482 855 1510 la-

287 1536 347 1559 tus.

198 1578 266 1608 Hoc
282 1584 387 1608 tamen
403 1578 536 1609 Nasonis
551 1579 619 1609 loco
634 1589 742 1620 parum
757 1580 854 1616 abest,

198 1627 272 1668 quin
284 1637 428 1657 censeam
435 1627 541 1668 reponi
550 1628 661 1658 debere
673 1629 853 1667 semisopora,

197 1675 351 1717 quomodo
369 1676 451 1717 apud
472 1677 577 1707 Sidon.
593 1676 731 1718 Apollin.
747 1677 852 1709 Carm-

197 1737 248 1756 xv.

240 1774 418 1813 Semisopora
457 1775 513 1804 levi
548 1776 694 1814 scalpebat
739 1778 853 1807 lumina

280 1833 392 1861 penna.
693 1824 810 1856 HfflNs.

197 1870 278 1900 Mihi
307 1873 482 1911 semisupina
509 1883 632 1913 quoque
655 1873 771 1914 placet.
797 1875 852 1906 sed

196 1930 249 1960 pro
263 1931 423 1959 prensuras
438 1920 564 1951 mallem
580 1932 651 1951 cum
666 1922 772 1963 primis
786 1923 851 1954 edi-

197 1967 341 2004 tionibus,
370 1974 401 1999 et
426 1968 535 2009 viginti
570 1975 689 2011 septem
721 1971 853 2013 scriptis,

194 2028 356 2055 pressuras,
381 2018 463 2059 quod
486 2018 597 2049 melius
621 2019 730 2055 amori,
752 2026 783 2050 et
805 2032 852 2051 ar-

197 2066 263 2096 dori
278 2066 432 2097 Ariadnes
447 2068 612 2098 convenire
628 2068 767 2106 videtur3
784 2080 852 2110 qnae

197 2126 256 2145 non
272 2116 502 2156 apprehendere
517 2117 616 2151 modo,
633 2117 687 2147 sed
703 2118 853 2149 artissimo

198 2164 344 2205 amplexu
381 2164 527 2195 invadere
561 2166 665 2196 statim
694 2177 712 2197 a
748 2178 853 2198 somno

196 2212 315 2242 Thesea
331 2224 419 2242 suum
436 2214 572 2244 volebat.
602 2214 646 2245 ita
662 2215 772 2246 millies
786 2228 853 2255 pre-

196 2273 273 2291 mere
288 2262 370 2303 apud
393 2263 515 2293 l'oetas.
540 2263 596 2293 lib.
614 2263 656 2294 vi.
681 2266 762 2295 Met.
781 2266 853 2296 640.

198 2322 235 2341 ex
252 2310 375 2352 optimis
395 2312 596 2342 membranis:

242 2360 311 2399 lja,
341 2367 368 2390 et
387 2363 468 2401 jam,
499 2368 592 2391 mater
624 2362 800 2393 clamantem
826 2371 853 2394 et

281 2410 358 2438 collas
372 2416 548 2448 prementem

242 2456 405 2498 Enseferit
422 2458 548 2489 Procne.

196 2506 363 2546 Eleganter
378 2517 448 2538 vero
464 2506 519 2537 hos
529 2518 623 2538 vanos
638 2518 656 2538 a
671 2518 776 2538 somno
788 2518 852 2538 am-

196 2555 306 2598 plexus
331 2555 478 2586 describit
503 2556 685 2599 Lycophron
708 2557 740 2587 in
756 2556 851 2588 Alex-

198 2604 304 2639 andra,
321 2614 399 2634 vers.
421 2606 492 2636 113.

238 2653 378 2694 Ψυχρὸν
401 2653 660 2696 παραγκάλισμα
676 2654 702 2686 κ’
717 2655 750 2690 ἐξ
772 2656 852 2687 ὀνει-

279 2700 391 2743 ράτων

240 2752 362 2789 Κεναῖς
377 2750 534 2792 ἀφάσσων
550 2751 701 2784 ὠλέναισι
717 2752 842 2795 δέμνια.

1517 1035 1581 1078 20

927 1235 1080 1266 Prensara
1104 1240 1207 1265 tamen
1227 1233 1352 1264 defendi
1373 1238 1476 1275 posset
1496 1243 1534 1262 ex
1550 1243 1582 1263 v.

924 1286 948 1315 F
951 1292 1010 1316 ast.
1028 1286 1103 1315 476.

968 1334 1099 1364 Lubrica
1133 1339 1305 1374 prensantes
1341 1332 1449 1374 effugit
1477 1332 1583 1361 umbra

1010 1394 1126 1412 manus.
1420 1381 1538 1411 BURM.

969 1432 1018 1462 11.
1044 1431 1200 1471 Retenta]
1227 1430 1308 1461 Satis
1324 1436 1430 1472 aptum
1443 1430 1582 1460 verbum.

923 1486 957 1510 ut
974 1487 1099 1517 tentare,
1114 1487 1284 1520 pertentare
1299 1480 1330 1510 in
1352 1479 1444 1509 simili
1467 1489 1510 1509 re.
1535 1490 1582 1510 re-

923 1536 1003 1560 tento
1026 1536 1082 1566 est,
1099 1530 1211 1560 iterum
1234 1529 1408 1570 iterumque
1423 1533 1509 1559 tactu
1525 1539 1579 1558 ex—

921 1579 1017 1620 ploro,
1034 1590 1073 1610 an
1097 1579 1127 1609 in
1152 1584 1238 1621 parte
1262 1578 1318 1609 tori
1333 1578 1471 1608 Theseus
1494 1587 1582 1607 meus

922 1635 1014 1659 esset.
1052 1639 1123 1659 mox
1160 1640 1215 1670 pro
1251 1639 1345 1658 moveo
1374 1627 1580 1657 Farnesianus

911 1679 999 1716 jacto
1012 1679 1143 1713 brachia,
1160 1677 1242 1718 quod
1259 1688 1319 1707 non
1334 1675 1490 1717 displicet,
1507 1675 1582 1717 quia.

921 1732 1129 1766 praecesserat‚
1145 1728 1220 1756 movi
1235 1737 1351 1756 manns.
1377 1726 1494 1755 Bunm.

968 1776 1017 1805 16.
1051 1776 1178 1816 Rapta]
1213 1776 1317 1815 Rupta
1349 1785 1455 1815 margo
1490 1774 1582 1804 Bers-

920 1825 1044 1855 manni:
1070 1825 1195 1855 rectius.
1213 1824 1314 1866 Epist.
1331 1823 1378 1854 iii.
1398 1825 1448 1854 15.

963 1875 1004 1904 At
1020 1875 1167 1914 lacrymas
1189 1877 1251 1905 sine
1266 1876 1335 1914 fine
1356 1874 1435 1908 dedi,
1456 1874 1582 1912 rupique

1005 1926 1137 1963 capillus.
1417 1922 1537 1953 Hmsvs.

920 1972 1040 2003 Eadem
1057 1972 1220 2003 diversitas
1235 1977 1281 2002 est
1295 1970 1353 2002 inf.
1369 1971 1392 2001 i.
1406 1971 1514 2002 Amor.
1528 1970 1581 2002 vii.

921 2022 974 2052 49.
992 2025 1097 2062 raptis,
1114 2023 1162 2053 vel
1179 2023 1275 2061 wptis
1298 2033 1316 2051 a
1329 2021 1437 2063 ji‘onte
1452 2022 1580 2061 capillis.

921 2077 952 2101 et
974 2082 1066 2113 supra
1089 2071 1189 2113 Epist.
1206 2071 1247 2101 vi.
1260 2071 1314 2101 27.
1338 2071 1408 2101 vide
1431 2080 1500 2111 quae
1526 2081 1581 2101 nos

921 2120 1096 2151 notavimus
1121 2120 1195 2150 olim
1220 2120 1259 2150 ad
1275 2120 1402 2150 Petron.
1427 2130 1498 2161 cap.
1515 2119 1579 2151 cxi.

921 2174 951 2199 et
967 2176 1041 2210 puto
1057 2168 1277 2210 distinguenda
1300 2179 1420 2210 semper
1436 2168 1502 2199 haec
1519 2169 1580 2200 duo

920 2219 1015 2247 verba
1027 2228 1109 2248 esse:
1129 2224 1313 2256 rumpuntur
1323 2216 1422 2247 crines
1437 2216 1469 2247 in
1481 2217 1579 2254 luctu,

920 2266 1048 2307 planctu
1082 2272 1114 2297 et
1149 2265 1312 2302 similibus,
1342 2268 1518 2305 rapiuntur,
1547 2266 1580 2297 in

917 2314 1029 2356 jurgiO,
1047 2315 1095 2346 vel
1120 2326 1190 2346 eum
1215 2320 1307 2346 aetate
1333 2315 1494 2346 deficiunt.
1512 2315 1578 2347 vid.

920 2363 966 2394 iii.
992 2364 1062 2394 Art.
1086 2364 1161 2394 Am.
1192 2365 1263 2394 161.
1292 2370 1322 2395 et
1347 2365 1423 2395 570.
1457 2366 1580 2396 turbida

920 2423 992 2443 vero
1010 2413 1060 2444 hic
1085 2419 1132 2444 est
1155 2413 1290 2443 turbata.
1314 2419 1349 2443 ut
1370 2419 1453 2444 recte
1469 2414 1580 2445 Douza.

920 2461 1014 2492 etiam
1035 2462 1127 2504 cepit.
1150 2462 1194 2493 sic
1220 2462 1294 2492 alibi
1318 2463 1374 2493 lib.
1397 2462 1443 2493 iii.
1468 2462 1577 2494 Amor.

920 2511 984 2541 xiv.
1001 2512 1056 2541 33.

966 2560 1030 2589 Cur
1051 2561 1119 2600 plus
1136 2571 1223 2600 quam
1246 2572 1342 2591 somno
1366 2562 1498 2590 turbatos
1521 2571 1578 2591 esse

1005 2610 1139 2648 capillos.
1418 2610 1534 2640 BunM.

967 2658 1018 2688 18.
1057 2658 1146 2687 Litas
1181 2657 1317 2699 habena]
1355 2658 1502 2689 Similiter
1538 2658 1576 2690 de

922 2706 1060 2738 Ariadne
1076 2707 1229 2743 Catullus,
1244 2707 1276 2738 in
1292 2707 1415 2749 egregio
1435 2707 1489 2738 illo
1509 2718 1577 2739 car-

921 2755 1003 2787 mine
1019 2757 1054 2786 de
1064 2762 1152 2795 nupt.
1168 2755 1252 2787 Thet.
1265 2762 1292 2787 et
1308 2746 1376 2788 Pel.
1390 2756 1442 2788 60.
1456 2756 1575 2788 Ama.
