1849 3198
851 211 999 250 VITA.
1583 215 1635 252 vii

290 321 433 363 Natus
454 329 520 364 est
540 327 682 362 autem
710 319 855 362 Hirtio
883 327 926 361 et
952 320 1094 361 Pansa
1122 320 1242 362 Coss
1267 322 1340 376 qui
1361 320 1475 363 bello
1496 322 1635 364 Anto-

232 391 358 431 niano
380 390 497 445 apud
519 389 732 431 Mutinam
756 389 938 444 peremti
965 395 1077 438 sunt,
1100 395 1148 429 ut
1168 389 1259 443 ipse
1282 389 1324 430 in
1344 389 1397 430 iv.
1422 390 1477 432 de
1499 388 1632 432 Trist.

233 457 358 513 Eleg.
383 473 434 499 x:

338 593 482 631 Editus
500 594 590 632 hinc
609 607 678 644 ego
697 607 796 638 sum,
816 606 888 631 nec
906 606 994 637 non,
1014 599 1059 631 ut
1078 600 1251 643 tempora
1270 593 1383 637 noris,

390 656 489 694 Cum
509 656 647 694 cecidit
666 657 746 694 fato
765 656 895 695 consul
914 663 1076 707 uterque
1094 656 1189 706 pari.

292 797 401 838 Cum
431 803 573 838 autem
604 796 757 838 Romae
788 811 873 837 una
904 811 999 837 cum
1035 796 1166 839 fratre
1203 797 1283 837 sub
1318 796 1556 838 clarissimis
1592 805 1635 838 et

233 865 517 919 grammaticis
545 870 588 905 et
615 863 862 905 rhetoribus
888 862 1116 918 plurimum
1141 864 1417 918 p1·0fecisset;
1450 864 1633 919 legibus,

234 939 414 986 cogente
436 939 573 986 patre,
596 932 669 985 qui
690 930 965 971 humanitatis
988 931 1128 971 studia
1157 930 1320 971 inutilia
1347 946 1440 972 esse
1461 939 1635 973 conten-

234 1001 380 1050 debat,
403 1000 536 1055 coepit
555 1000 816 1048 incumbere,
839 1006 883 1040 et
911 999 1094 1053 profecit
1122 998 1304 1053 legibus,
1328 1006 1371 1040 et
1397 998 1634 1040 honoribus

233 1067 403 1109 functus
426 1074 502 1108 est.
557 1067 645 1108 Sed
662 1081 758 1108 cum
780 1066 919 1107 sorum
941 1065 1202 1121 displiceret,
1226 1066 1344 1120 quod
1365 1073 1478 1108 esset
1498 1068 1634 1120 majus

234 1150 341 1176 onus
371 1136 463 1190 ejus
494 1135 668 1184 viribus,
699 1134 849 1175 relicta
875 1134 993 1175 curia
1020 1140 1063 1174 et
1088 1133 1163 1174 lati
1190 1132 1297 1174 clavi
1327 1135 1547 1184 servitute,
1579 1135 1634 1175 ad

234 1203 540 1244 mansuetiores
556 1218 696 1244 musas
713 1203 859 1252 rediit3
873 1202 1123 1256 poetasque
1141 1216 1286 1242 omnes
1303 1201 1414 1243 illius
1430 1203 1635 1257 temporis

234 1278 338 1312 natu
358 1271 540 1326 majores
562 1270 731 1312 assidue
761 1269 906 1320 coluit,
929 1277 1058 1324 atque
1087 1285 1112 1310 a
1138 1270 1373 1311 minoribus
1400 1285 1524 1325 aeque
1549 1269 1637 1312 cul-

234 1345 302 1380 tus
333 1340 424 1394 ipse
455 1345 532 1380 est.
596 1338 708 1386 Quae
739 1339 879 1379 omnia
909 1339 952 1379 in
981 1339 1035 1378 iv.
1060 1338 1114 1379 de
1146 1337 1279 1379 Trist.
1315 1337 1441 1393 Eleg.
1476 1350 1518 1379 x.
1552 1337 1636 1380 ele-

235 1406 479 1461 gantissime
504 1406 662 1447 scribit.

293 1474 515 1528 Benignus
535 1474 663 1514 etiam
683 1473 792 1514 adeo
816 1473 910 1523 fuit,
933 1480 981 1514 ut
1001 1472 1141 1514 nullus
1161 1488 1350 1527 unquam
1371 1487 1495 1528 opus,
1518 1474 1635 1528 quod

234 1542 326 1596 ipse
357 1548 669 1596 composuerat,
702 1541 922 1595 carpserit.
987 1540 1120 1588 Quod
1152 1541 1211 1582 sic
1250 1542 1341 1596 ipse
1381 1548 1562 1583 testatur
1592 1542 1635 1582 in

234 1610 288 1650 iv.
314 1610 368 1651 de
390 1609 523 1650 Trist.
549 1608 674 1663 Eleg.
699 1623 753 1649 x:

340 1744 438 1788 Nec,
458 1745 523 1795 qui
543 1744 732 1782 detrectat
750 1745 965 1796 praesentia,
985 1745 1080 1783 livor
1099 1745 1230 1796 iniquo

391 1807 526 1844 Ullum
547 1807 593 1846 de
613 1808 750 1846 nostris
769 1808 886 1846 dente
904 1808 1106 1846 momordit
1125 1821 1230 1859 opus.

292 1948 392 1990 Fuit
412 1956 456 1990 et
476 1949 664 1992 moribus
687 1950 976 1991 ornatissimus
993 1966 1002 1991 :
1035 1965 1133 1991 nam
1150 1957 1192 1991 et
1208 1950 1351 1991 vinum
1372 1950 1504 1992 multa
1524 1953 1636 2006 aqua

235 2014 416 2057 dilutum
437 2017 628 2067 bibebat,
652 2024 694 2058 et
718 2033 743 2058 a
770 2018 1026 2059 detestando
1053 2033 1286 2073 puerorum
1310 2019 1541 2060 concubitu
1562 2020 1636 2061 ab-

235 2083 454 2134 horrebat,
481 2091 658 2138 eratque
686 2100 818 2140 purus
849 2087 983 2128 omnis
1011 2085 1194 2128 sceleris.
1259 2086 1330 2128 Sic
1356 2087 1467 2128 enim
1488 2088 1581 2143 ipse
1606 2089 1632 2129 i.

234 2151 289 2193 de
311 2151 467 2201 Ponto,
491 2150 617 2206 Eleg.
642 2166 696 2192 x:

338 2261 485 2299 Parvus
504 2263 544 2299 in
563 2262 681 2301 exiles
700 2276 833 2301 succus
852 2264 946 2301 mihi
965 2265 1141 2314 pervenit
1161 2273 1281 2310 artus,

390 2324 644 2375 Membraque
663 2332 754 2362 sunt
772 2325 858 2363 cera
876 2326 1078 2376 pallidiora
1095 2328 1205 2365 nova.

338 2386 429 2424 Non
449 2387 528 2424 haec
547 2387 746 2426 immodico
764 2389 935 2426 contraxi
954 2389 1093 2427 damna
1112 2390 1248 2440 Lyaeo:

390 2450 473 2488 Scis
491 2451 585 2487 mihi
605 2465 718 2501 quam
738 2451 825 2489 solae
844 2466 952 2503 paene
971 2453 1154 2490 bibantur
1173 2467 1292 2503 aquae.

337 2512 428 2549 Non
448 2513 571 2563 epulis
589 2527 744 2551 oneror:
774 2528 936 2564 quarum
956 2515 987 2552 si
1007 2522 1142 2565 tangar
1161 2529 1301 2559 amore,

393 2575 465 2612 Est
485 2582 614 2612 tamen
634 2576 673 2612 in
695 2576 842 2614 Geticis
861 2577 968 2627 copia
987 2577 1094 2614 nulla
1113 2577 1214 2614 locis.

337 2638 377 2674 N
381 2651 423 2675 ec
442 2638 539 2675 vires
559 2638 691 2676 adimit
712 2638 875 2676 Veneris
895 2639 1073 2676 damnosa
1092 2639 1268 2689 voluptas
1284 2655 1291 2676 :

388 2700 475 2737 Non
498 2700 591 2737 solet
612 2701 650 2737 in
672 2709 825 2739 moestos
846 2702 911 2739 illa
932 2703 1062 2739 venire
1081 2709 1190 2738 toros.
