1849 3198
202 179 289 221 ⁴246

595 176 647 217 P.
681 174 894 217 OVIDII
928 174 1208 216 NASONIS

213 294 362 342 Unda
386 308 691 357 repercussae
718 291 945 339 radiabat
968 291 1182 354 imagine
1209 290 1377 348 Lunae,

279 372 344 419 Et
369 371 498 417 nitor
521 370 570 416 in
594 369 748 417 tacita
775 376 920 416 nocte
944 368 1148 415 diurnus
1173 375 1279 415 erat
1300 385 1309 416 ε

213 449 466 512 Nullaque
490 464 586 495 vox
619 454 829 503 nostras,
858 446 1047 493 nullum
1072 446 1320 502 veniebat,
1347 446 1409 493 ad
1435 462 1595 502 aures,

275 525 464 573 Praeter
487 526 688 572 dimotae
714 540 937 587 corpore,
965 538 1201 579 murmur,
1229 538 1389 586 aquae.

1535 527 1599 571 80

210 604 462 667 Alcyones
488 603 622 659 solae,
650 616 894 649 memores
922 600 1105 664 Ceycis
1133 601 1301 657 amati,

279 681 462 728 Nescio
485 680 606 743 quid
630 680 748 727 visae
775 686 891 726 sunt
914 678 1035 725 mihi
1060 679 1206 727 dulce
1233 678 1389 742 queri.

209 758 425 821 Jamque
450 758 667 820 fatigatis
693 757 899 804 humero
926 757 1018 803 sub
1044 763 1258 821 utroque
1282 757 1496 813 lacertis,

280 836 490 883 Fortiter
516 836 564 881 in
590 851 812 882 summas
839 835 1000 898 erigor
1025 835 1154 883 altus
1181 851 1354 899 aquas.

214 913 284 960 Ut
308 915 480 977 procul
505 914 714 976 adspexi
740 914 924 970 lumen,
953 913 1102 961 Meus
1131 914 1259 977 ignis
1286 914 1335 960 in
1361 913 1444 961 illo
1469 920 1573 971 est3

279 990 371 1037 Illa
396 1007 578 1046 meum,
605 991 727 1047 dixi,
754 991 899 1039 litora
922 1008 1106 1039 numen
1131 992 1332 1039 habent.

1538 993 1600 1039 86

213 1066 279 1114 Et
303 1068 467 1115 subito
492 1068 636 1114 lassis
660 1068 788 1115 vires
814 1069 1004 1116 rediere
1028 1069 1228 1116 lacertis
1248 1086 1257 1116 ε

277 1144 514 1208 Visaque,
543 1160 693 1207 quam
719 1144 893 1200 fuerat,
921 1146 1114 1192 mollior
1138 1145 1272 1192 unda
1296 1145 1432 1192 mihi.

212 1222 416 1284 Frigora
440 1238 501 1268 ne
526 1222 712 1285 possim
737 1222 887 1285 gelidi
914 1224 1096 1270 sentire
1121 1222 1368 1286 profundi,

280 1298 377 1353 Qui
403 1299 532 1346 calet
557 1299 606 1345 in
630 1299 812 1362 cupido
838 1307 1057 1363 pectore,
1086 1307 1289 1364 praestat
1314 1315 1465 1347 amor.

1538 1303 1602 1347 90

213 1376 324 1430 Quo
350 1376 508 1438 magis
534 1376 736 1432 accedO,
764 1377 1096 1440 propioraque
1121 1377 1265 1425 litora
1288 1377 1427 1433 fiunt,

280 1453 494 1517 Quoque
521 1455 684 1500 minus
711 1461 893 1512 restat3
934 1454 1046 1518 plus
1072 1454 1195 1502 libet
1219 1455 1288 1502 ire
1313 1454 1450 1501 mihi.

215 1533 345 1579 Cum
370 1549 484 1579 vero
511 1549 715 1596 possum
744 1533 878 1580 cerni
905 1548 1140 1596 quoque3
1181 1531 1403 1596 protinus
1430 1532 1571 1579 addis

283 1610 570 1674 Spectatrix
596 1611 806 1667 animos,
835 1618 889 1657 ut
913 1611 1206 1673 valeamque
1231 1609 1370 1656 facis.

216 1688 362 1735 Nunc
390 1689 539 1735 etiam
565 1690 729 1736 nando
755 1689 969 1736 dominae
996 1687 1245 1752 placuisse
1271 1687 1458 1742 laboro,

1542 1689 1605 1733 95

281 1766 449 1828 Atque
475 1766 631 1813 oculis
652 1768 790 1829 jacto
816 1765 1019 1813 brachia
1046 1771 1216 1811 nostra
1240 1764 1353 1811 tuis.

256 1890 309 1919 82.
326 1889 424 1919 Dulce
439 1890 550 1929 quem]
572 1889 768 1931 Conjiciebat
780 1889 873 1920 Fran-

212 1939 291 1974 cius,
311 1940 394 1968 zriste
405 1941 506 1979 queri:
531 1939 574 1969 nil
589 1949 679 1981 opus.
697 1938 760 1968 vid.
777 1939 875 1980 Epist.

214 1999 264 2018 xv.
284 1989 354 2018 152.
381 1988 479 2019 Dulce
494 1989 574 2028 loqui
586 1987 727 2018 nonnulli
743 1987 876 2019 codices.

257 2038 310 2068 84.
350 2036 508 2077 Fortiter]
550 2037 623 2068 Duo
653 2036 723 2067 libri
749 2037 877 2078 fiirtior.

215 2086 277 2117 vid.
304 2086 403 2128 Epist.
432 2086 494 2117 xvi.
522 2087 597 2117 267.
620 2086 674 2117 sed
700 2086 774 2127 quia
797 2088 878 2116 altus

214 2136 365 2177 sequitur,
382 2136 458 2166 nihil
474 2136 659 2167 mutandum
674 2141 730 2166 est.

258 2185 311 2215 86.
345 2184 461 2215 Lumen
490 2185 627 2225 hubent]
668 2184 818 2214 Meliores
848 2190 880 2215 et

214 2233 352 2276 plurimi,
376 2246 504 2271 nummi,-
530 2245 568 2265 ne
593 2234 641 2265 bis
665 2233 748 2264 idem
774 2234 876 2264 dicat:

214 2285 294 2325 ignis
308 2282 390 2314 enim
407 2283 574 2325 praecessit.
590 2290 621 2314 et
636 2294 655 2314 a
670 2282 796 2314 numine
812 2295 877 2315 rec—

215 2332 277 2363 tius
292 2331 372 2362 vires
386 2331 514 2362 rediisse
530 2332 687 2363 dicuntur.
703 2337 735 2362 et
747 2331 792 2362 ita
808 2332 877 2363 duae

216 2382 367 2414 editiones
383 2393 505 2423 quoque
523 2382 666 2413 Venetae.
713 2382 829 2413 Burin.

260 2432 312 2462 89.
338 2431 468 2472 Frigora
480 2442 516 2461 oze
536 2433 638 2470 possim
661 2431 755 2472 gelidi
770 2433 878 2462 sentire

214 2480 373 2522 prqf'undi,
395 2479 471 2519 &C.]
498 2479 548 2509 Sic
573 2490 697 2521 quoque
723 2480 876 2515 Leander,

216 2529 299 2571 apud
318 2530 484 2561 Musaeum,
501 2530 581 2559 245:

260 2577 491 2619 Δεινὸς”Ερως,
504 2579 554 2608 καὶ
571 2577 693 2614 πόντος
705 2577 878 2619 ἀμείλιχος

303 2627 392 2658 ἀλλὰ
404 2626 571 2665 Θαλάσσης

261 2677 371 2708 ’Em-iv
386 2675 480 2717 ὕδωρ,
497 2677 533 2707 τὸ
549 2675 573 2707 δ’
584 2675 725 2718 ”Eoum-013
740 2676 789 2716 ἐμὲ
806 2675 877 2717 φλέ-

304 2738 349 2766 γει
365 2725 544 2766 ἐνδόμυχον
558 2727 636 2766 πῦρ.
719 2726 833 2756 Amn.

984 1890 1035 1919 95.
1062 1888 1145 1918 Tunc
1172 1887 1288 1927 etium]
1318 1887 1410 1917 Nunc
1433 1888 1520 1917 etium
1544 1886 1606 1917 Pu-

944 1944 1082 1968 teaneus.
1117 1937 1290 1967 mesrus.
1336 1936 1386 1967 Ita
1411 1942 1442 1967 et
1468 1936 1529 1967 duo
1554 1937 1607 1967 alii

944 1986 1077 2016 codices.
1093 1985 1158 2016 vid.
1173 1985 1275 2028 Epist.
1289 1985 1343 2018 xii.
1355 1987 1407 2017 53.
1422 1987 1510 2017 etita
1524 1997 1605 2029 saepe

944 2041 1119 2077 peccatum,
1135 2036 1209 2077 quia
1233 2035 1363 2071 librarii,
1380 2046 1441 2066 non
1464 2046 1553 2078 aeque
1573 2042 1608 2067 ut

946 2084 1062 2120 Poetae,
1078 2090 1202 2126 tempus
1217 2084 1421 2126 praeteritum,
1445 2085 1502 2116 sibi
1526 2096 1606 2127 prae—

945 2144 1016 2164 sens
1041 2133 1156 2175 fingere
1184 2140 1362 2175 potuerunt.
1397 2134 1441 2165 sic
1472 2135 1607 2166 Remed.

946 2183 1052 2214 Amor.
1069 2184 1142 2215 605.

990 2232 1119 2268 Sillzoni,
1139 2244 1218 2263 nunc
1240 2240 1319 2264 certe
1342 2234 1445 2263 vellem
1466 2244 1523 2263 non
1546 2235 1607 2264 sola

1022 2282 1146 2322 sitisses.
1448 2282 1564 2313 Bumu.

992 2330 1102 2360 Nande
1137 2332 1259 2361 dominre
1294 2331 1441 2370 placuisse
1478 2332 1604 2372 laborm]

948 2380 1018 2416 Quo
1034 2379 1154 2420 longius
1175 2379 1206 2409 in
1223 2379 1411 2411 recensenda
1434 2379 1492 2410 hac
1514 2380 1604 2422 Epis-

947 2429 1010 2460 tola
1025 2429 1168 2470 procedo,
1183 2440 1219 2460 eo
1235 2430 1333 2471 magis
1351 2429 1480 2460 Barthio
1495 2429 1606 2460 adsen-

948 2478 1015 2513 tior,
1032 2478 1085 2520 qui
1100 2478 1186 2509 illam
1202 2478 1253 2509 vix
1266 2478 1346 2509 ausit
1362 2478 1476 2509 Ovidio
1491 2478 1606 2509 adscri-

947 2528 1032 2558 bere.
1080 2528 1231 2564 Quamvis
1248 2527 1330 2558 enim
1346 2538 1414 2558 raro
1430 2528 1543 2558 Noster
1563 2528 1607 2558 vi—

945 2576 1021 2607 tium
1039 2576 1167 2618 effugiat
1178 2576 1363 2608 luxuriantis
1378 2587 1469 2618 supra
1481 2576 1607 2607 modurn

946 2625 1073 2667 ingenii,
1090 2636 1259 2667 numquam
1276 2631 1380 2656 tamen
1404 2636 1440 2656 eo
1463 2625 1547 2655 venit
1570 2625 1606 2655 li-

946 2674 1068 2711 centiae,
1093 2680 1127 2705 ut
1153 2674 1283 2706 totidem
1299 2667 1442 2706 'facetias
1465 2680 1496 2705 et
1519 2673 1606 2705 istius

946 2725 1028 2755 modi
1057 2725 1272 2756 cavillationes
1302 2724 1333 2755 in
1363 2735 1393 2754 re
1421 2723 1550 2755 solemni
1576 2730 1605 2755 et
