1849 3198
189 176 274 219 ‘260
572 176 621 217 P.
657 175 871 219 OVIDII
906 176 1186 219 NASONIS

194 291 306 348 Hic,
331 299 468 356 puto,
481 293 757 356 deprensus
778 293 860 349 nil,
880 294 1015 356 quod
1032 294 1324 357 querereris,
1345 295 1578 351 haberes;

260 369 449 433 Meque
473 370 563 418 tibi
591 371 825 435 amplexo
852 373 987 420 nulla
1010 379 1213 419 noceret
1236 372 1412 419 hiems.
1521 375 1583 418 So

193 448 343 495 Certe
369 464 462 510 ego
487 455 594 495 tum
617 456 790 496 ventos
817 450 1039 497 audirem
1065 450 1199 497 lenta
1222 456 1470 505 tonantes,

259 524 325 572 Et
349 542 621 589 numquam
650 526 872 590 placidas
898 543 1008 574 esse
1035 543 1264 590 precarer
1289 543 1462 589 aquas.

192 603 324 658 Quid
349 610 516 652 tamen
542 605 722 660 evenit,
751 622 838 652 cur
863 605 929 651 sis
956 605 1254 659 metuentior
1278 605 1460 651 undae?

259 681 685 745 Contemtumque
712 683 864 746 prius,
894 698 1024 728 nunc
1049 697 1266 737 vereare,
1294 681 1508 729 fretum?

192 758 323 806 Nam
344 760 562 816 memini,
581 776 694 807 cuin
714 768 763 808 te
780 777 964 807 saevum
984 760 1212 807 veniente
1230 760 1500 823 minaxque
1522 763 1583 806 85

259 836 373 883 Non
400 838 580 893 minus,
609 846 694 885 aut
718 839 875 886 multo
902 856 999 886 non
1024 839 1204 894 minus,
1233 855 1402 901 aequor
1427 844 1548 885 erat.

193 914 322 960 Cum
349 915 439 961 tibi
465 916 761 973 clamabam,
793 917 876 964 Sic
902 925 956 964 tu
982 917 1273 965 temerarius
1299 924 1423 972 esto,

258 991 336 1038 Ne
362 993 553 1041 miserae
579 994 733 1041 virtus
759 994 823 1041 sit
847 1002 934 1042 tua
958 995 1124 1042 fienda
1148 994 1284 1041 mihi.

192 1069 339 1117 Unde
366 1087 520 1118 novus
545 1073 692 1119 timor
717 1072 830 1120 hic?
865 1089 1067 1137 quoque
1093 1073 1176 1120 illa
1200 1072 1409 1119 audacia
1424 1071 1582 1134 fugit?

258 1147 475 1210 Magnus
502 1150 587 1196 ubi
614 1157 691 1197 est
716 1151 896 1214 spretis
923 1151 1004 1199 ille
1030 1157 1224 1198 natator
1248 1150 1426 1214 aquis?
1519 1152 1583 1196 90

193 1224 273 1271 Sis
298 1231 466 1273 tamen
492 1226 588 1274 hoc
615 1227 798 1291 potius,
826 1244 978 1291 quam
999 1229 1133 1292 quod
1160 1228 1295 1292 prius
1321 1243 1431 1275 esse
1457 1227 1584 1274 sole-

260 1301 325 1348 Et
349 1302 501 1350 facias
527 1305 781 1368 placidum
807 1323 895 1370 per
920 1323 1055 1355 mare
1079 1314 1215 1354 tutus
1236 1306 1345 1354 iter.
1446 1305 1582 1367 [basz

194 1379 326 1425 Dum
347 1382 496 1428 modo
515 1382 582 1428 sis
602 1383 733 1430 idem
754 1401 763 1431 ε
804 1384 924 1431 dum
946 1385 1032 1440 sic,
1050 1391 1104 1431 ut
1123 1384 1314 1439 scribis,
1337 1398 1581 1430 amemur:

260 1457 586 1524 Flammaque
612 1478 710 1508 non
736 1462 823 1509 fiat
846 1463 1052 1526 frigidus
1078 1462 1162 1509 illa
1185 1461 1326 1508 cinis.

233 1609 284 1638 81.
312 1608 417 1639 Ventus
438 1612 571 1640 audirem
597 1612 662 1641 Ioeta
686 1613 849 1653 sonantem]

188 1657 368 1691 Puteaneus
389 1665 420 1690 et
436 1659 608 1696 Leidensis,
637 1662 729 1691 lenta.
754 1668 851 1693 recte.

189 1706 361 1738 HmNsms.
407 1708 490 1739 Vide
504 1709 554 1740 Cl.
571 1710 732 1742 Drakenh,
744 1711 783 1742 ad
795 1711 852 1743 Sil.

188 1755 241 1785 xii.
257 1757 330 1787 567.

232 1806 405 1847 Sanmites]
442 1808 583 1839 Scriverii
608 1809 717 1846 codex,
748 1817 853 1842 tonan-

188 1862 249 1886 tes:
288 1857 371 1898 quod
406 1868 513 1888 verum
547 1865 632 1900 puto.
670 1870 740 1890 mox
776 1862 853 1892 mal-

187 1904 260 1939 lem.
273 1907 409 1945 placidas
426 1909 469 1937 ire
486 1919 629 1947 precarer
652 1921 755 1948 aquas.
804 1909 854 1941 Ire

186 1953 269 1984 enim
286 1955 408 1996 proprie
423 1966 522 1997 aquas
534 1956 596 1987 dici
608 1956 713 1988 docuit
730 1959 854 2000 egregie

187 2004 402 2036 Broukhusius
417 2012 519 2037 noster
535 2007 574 2037 ad
595 2006 699 2038 Tibul.
722 2007 741 2039 i.
761 2009 852 2050 Eleg.

187 2064 218 2083 11.
248 2055 302 2084 38.
341 2054 392 2086 ubi
418 2056 518 2086 simile
545 2057 693 2087 mendum
717 2059 853 2089 sustulit.

187 2102 268 2133 adde
283 2108 314 2133 et
329 2115 398 2145 quae
415 2105 564 2136 Barthius
580 2105 620 2136 ad
635 2106 727 2137 Statii
741 2107 795 2138 lib.
810 2107 852 2138 iv.

187 2151 288 2183 Theb.
307 2153 382 2183 778.
402 2153 574 2185 adnotavit.
622 2156 852 2188 annmxxwss.

188 2201 298 2232 Minus
313 2207 396 2232 recte
417 2210 452 2234 ut
466 2203 589 2244 opinor:
615 2215 687 2235 nam
703 2206 786 2246 quod
812 2209 854 2237 ire

188 2252 310 2292 proprie
327 2251 389 2282 dici
405 2264 497 2292 aquas
518 2254 625 2284 scribit
639 2255 789 2286 Burman.
808 2256 853 2286 id-

188 2309 250 2339 que
275 2301 398 2341 egregie
423 2301 564 2332 docuisse
588 2303 726 2334 Broukh.
749 2304 853 2334 1111Τί-

188 2349 268 2379 bull.
286 2360 393 2380 verum
418 2356 465 2381 est
487 2351 614 2393 quidem
630 2352 668 2383 de
693 2354 781 2394 aquis
798 2355 853 2385 flu-

189 2397 321 2435 minum,
339 2400 378 2430 ab
394 2400 486 2431 editis
502 2400 578 2432 locis
594 2412 700 2433 versus
713 2402 856 2435 inferiora

189 2458 311 2490 semper
333 2448 587 2489 decurrentibus3
612 2457 643 2482 at
665 2463 725 2483 non
749 2464 856 2484 verum

190 2503 236 2528 est
251 2497 290 2529 de
306 2499 395 2540 aquis
411 2500 503 2530 modo
518 2500 578 2531 11110
596 2502 686 2532 modo
701 2502 775 2533 illuc
790 2504 855 2543 agi-

190 2547 245 2577 tati
261 2549 367 2578 maris.
414 2550 563 2580 LENNEP.
815 2541 823 2544 Δ

235 2597 287 2627 83.
314 2597 377 2627 Cur
402 2601 438 2627 sis
462 2600 671 2639 mmmmm-‚J
703 2601 748 2630 lta
763 2601 853 2631 Taci-

192 2652 241 2677 tus
256 2647 323 2678 xiii.
340 2647 423 2679 Aun.
437 2650 489 2680 25.
538 2650 618 2680 Nero
635 2653 810 2681 1110111011ίίοΓ
824 2654 853 2681 in

190 2702 358 2734 postarurn;
384 2698 467 2739 qnod
490 2699 590 2729 curin
613 2706 691 2728 mem
715 2701 857 2730 intentior

194 2747 377 2777 mutandum
404 2754 550 2779 censeant
576 2748 630 2779 viri
656 2749 779 2782 eruditi.
800 2750 855 2791 ipsi

922 1612 1068 1643 viderint.
1093 1611 1158 1653 ipse
1172 1611 1305 1642 Ovidius
1318 1611 1341 1640 i.
1357 1611 1491 1641 Metam.
1509 1611 1585 1641 323.

966 1663 1029 1691 Aut
1059 1662 1114 1691 illd,
1142 1662 1320 1691 metuentior
1349 1661 1415 1690 ulla
1442 1660 1587 1691 Deorum.

1426 1709 1544 1740 mes.

922 1759 1041 1790 Eodem
1057 1759 1119 1790 fere
1135 1770 1226 1790 sensu
1240 1760 1364 1790 Terent.
1375 1758 1499 1789 Phor-m.
1514 1758 1547 1789 ii.
1567 1759 1587 1789 i.

927 1809 1033 1839 Vereor
1056 1820 1093 1839 ne
1115 1810 1213 1839 isthac
1226 1808 1385 1850 fortitudo
1408 1809 1440 1838 in
1463 1819 1587 1838 nervum

922 1865 1073 1898 eriwzpat.
1098 1859 1310 1901 ubinrtitndo
1321 1857 1414 1889 etiam
1431 1858 1462 1887 in
1472 1857 1587 1889 malam

922 1914 1052 1950 partem,
1076 1920 1130 1951 pro
1158 1908 1355 1944 confidentia,
1385 1907 1528 1944 audacia,
1556 1914 1589 1939 ut

922 1957 972 1988 hic
988 1960 1097 1989 virtus.
1122 1958 1241 1988 Bmm.

969 2009 1019 2039 89.
1049 2009 1135 2039 Unde
1150 2020 1241 2039 novus
1257 2009 1344 2038 timor
1359 2006 1433 2047 hicn]
1453 2006 1490 2036 In
1506 2007 1587 2037 Scri-

925 2058 998 2088 verii
1025 2058 1131 2088 codice
1156 2063 1233 2093 erat,
1262 2057 1349 2087 Unde
1369 2058 1456 2086 timor
1481 2057 1588 2087 nothus

925 2109 987 2138 hic.-
1012 2118 1081 2148 quae
1103 2106 1207 2143 lectio,
1223 2107 1247 2137 si
1264 2116 1348 2142 vera,
1366 2116 1420 2147 pro
1439 2104 1587 2146 degeneri

922 2157 1074 2188 sumenda
1103 2163 1161 2188 est.
1196 2167 1232 2187 eo
1260 2156 1353 2187 verbo
1376 2160 1408 2186 et
1432 2155 1530 2186 utitur
1555 2155 1587 2187 in

922 2205 1063 2248 Epistola
1076 2205 1120 2236 iv.
1141 2207 1213 2236 122.

966 2256 1087 2286 Scilicet
1102 2263 1137 2286 ἰιι
1153 2266 1270 2295 caperes
1283 2266 1378 2296 regna
1390 2260 1519 2294 paterna
1534 2266 1585 2284 no-

1050 2307 1129 2336 thus.
1425 2304 1543 2334 Hrzms.

923 2355 969 2384 Ex
984 2353 1117 2396 Virgilio
1132 2360 1235 2396 posset
1258 2353 1418 2389 illustrari,
1435 2353 1488 2395 qui
1506 2353 1586 2385 libro

924 2403 966 2433 iv.
984 2405 1034 2434 13.

968 2453 1135 2495 Degeneres
1150 2456 1261 2483 animos
1277 2454 1363 2483 timor
1379 2455 1494 2495 arguit.

923 2501 985 2531 Sed
1011 2513 1071 2533 non
1096 2508 1171 2543 puto
1197 2501 1347 2532 Ovidium
1374 2504 1506 2533 timorem
1532 2515 1585 2533 710-

925 2552 1018 2587 zhum,
1034 2551 1161 2586 dixisse,
1181 2549 1322 2592 quamvis
1344 2551 1466 2581 nothum.
1487 2552 1588 2582 lumen

927 2600 1020 2630 Lame
1037 2600 1180 2631 Catullus
1196 2605 1225 2630 et
1250 2599 1411 2631 Lucretius
1436 2601 1584 2632 tribuant.

923 2651 1041 2680 13111111.
1290 2671 1294 2678 .

966 2701 1019 2730 90.
1046 2700 1158 2739 Spretis
1183 2700 1292 2740 aquis]
1319 2700 1396 2735 Quae
1422 2700 1451 2731 vi
1480 2705 1584 2732 vento-

924 2760 990 2780 rum
1007 2754 1167 2780 commota>
1185 2755 1284 2780 erant.
1310 2749 1403 2779 Cior.
