1849 3198
611 192 823 225 BENTLEII
848 192 1218 224 EMENDATIONES.

764 290 944 329 EPIST.
976 290 1050 328 IV.

248 389 268 420 6
291 389 388 420 Fasve
403 393 511 431 putem

247 444 265 473 7
289 442 374 474 Ante
389 452 475 474 meos
489 441 597 473 oculos
611 444 710 472 adstat
727 446 781 472 tua
796 451 920 483 semper
935 441 1040 482 imago
1056 440 1178 481 (deleto
1193 453 1239 482 τῳ
1257 440 1332 480 est.)

229 498 266 528 17
614 496 694 528 liber
709 501 790 528 esset
804 497 913 532 amica,

225 552 267 583 22
291 553 438 590 Quantus
452 550 485 582 'm
502 552 630 581 AEacz'de
648 550 863 590 Nestorideque
879 548 951 580 fuit.

774 669 954 708 EPIST.
985 669 1038 707 V.

224 767 264 798 67
292 767 440 808 Delphica
455 779 515 798 *non
531 778 609 808 oeqne
624 773 748 809 gustata
765 771 812 797 est
826 766 934 797 laurea
951 765 1040 797 nobis
1055 777 1063 804 3

225 822 267 853 75
290 821 512 864 Succedatque
527 823 588 853 suis
602 821 687 852 orbis
701 822 872 852 moderatus
887 819 1019 851 habenis
1033 833 1038 850 ;

768 938 949 977 EPIST.
982 938 1058 977 V1.

293 1035 527 1079 Abjudicentur
543 1048 594 1068 vv.
611 1037 664 1073 23,
679 1037 734 1067 24.

753 1152 934 1192 EPIST.
966 1152 1063 1191 VII.

250 1253 269 1283 5
575 1258 659 1282 tenor
674 1251 740 1294 ipse
757 1250 909 1282 malorum

752 1368 932 1406 EPIST.
962 1368 1083 1406 VIII.

231 1466 273 1497 60
295 1467 382 1504 Quos
399 1465 487 1497 dedit
502 1476 550 1497 ars
567 1467 680 1502 vultus,

769 1582 951 1621 EPIST.
981 1582 1056 1620 IX.

228 1681 269 1712 27
293 1681 326 1712 Si
341 1691 452 1724 pacem
469 1680 590 1712 nullam
603 1687 729 1724 pontus(
743 1679 827 1721 (πρὸ
845 1691 883 1711 τε
900 1678 1049 1719 Pontus.)

230 1736 272 1766 34
295 1736 373 1768 Tam
386 1736 467 1768 bene
481 1737 558 1777 quod
573 1734 682 1777 patriae

778 1851 961 1892 EPIST.
989 1852 1040 1890 X.

233 1955 274 1985 25
579 1954 686 1984 olentis
701 1958 814 1994 stagna
829 1950 943 1988 Palici,

233 2009 275 2039 50
570 2010 678 2047 jussus
693 2007 733 2038 ab
750 2007 826 2038 urbe
842 2005 940 2037 venis.

510 2252 597 2293 EX
631 2251 854 2293 PONTO
888 2251 1065 2293 LIBRI
1097 2250 1323 2293 TERTH

795 2376 974 2415 EPIST.
1005 2377 1037 2414 Ι,

218 2482 278 2518 1121
303 2481 402 2511 Morte
419 2480 495 2511 nihil
512 2481 566 2511 tibi
580 2491 662 2519 opus,
678 2478 732 2516 nil,
749 2486 810 2510 etc.

783 2598 962 2636 EPIST.
995 2598 1048 2635 II.

241 2707 279 2737 19
305 2706 349 2737 Ut
366 2708 452 2737 nimis
468 2705 551 2737 cauti

239 2761 281 2791 *23
620 2762 799 2800 jurantque
814 2757 922 2789 lieebnt
