1849 3198
229 230 312 272 110

616 228 665 268 Ρ.
701 227 912 269 OVIDII
946 227 1226 271 NASONIS

231 345 299 392 At
323 346 450 393 bene
470 350 626 408 nupta
643 343 793 399 feror3
834 344 951 406 quia
975 345 1196 392 nominer
1216 343 1446 391 Herculis
1466 351 1615 394 u‘“xor:

300 422 476 484 Sitque
502 437 656 477 socer,
685 420 868 484 rapidis
894 421 979 483 qui
1006 428 1145 468 tonat
1169 422 1296 468 altus
1323 422 1483 484 equis.

231 499 393 553 Quam
419 499 546 545 male
573 498 842 560 inaequales
867 498 1066 544 veniant
1091 499 1153 545 ad
1179 505 1339 545 aratra
1357 499 1574 561 juvenci,

296 576 420 623 Tam
445 575 683 639 premitur
708 591 886 636 magno
913 576 1124 637 conjuge
1150 584 1306 639 nupta
1328 577 1502 623 minor.
1554 580 1618 624 30

230 652 346 700 Non
366 654 520 700 honor
539 660 630 708 est,
649 653 737 699 sed
755 668 879 698 onus
899 669 907 698 :
949 652 1142 714 species
1168 653 1346 700 laesura
1361 653 1616 701 ferentem.

298 731 351 778 Si
378 747 477 794 qua
499 731 633 778 voles
661 737 776 793 apte
801 730 1002 784 nubere,
1032 730 1162 777 nube
1188 730 1310 793 pari.

229 807 316 855 Vir
340 808 459 854 mihi
485 823 681 870 semper
706 807 874 863 abest3
915 812 966 852 et
990 807 1202 869 conjuge
1228 807 1387 853 notior
1413 807 1596 870 hospes

297 885 638 947 Monstraque,
666 884 909 931 terribiles
934 884 1349 947 persequiturque
1376 883 1519 930 feras.

230 962 349 1026 Ipsa
373 964 518 1009 domo
542 962 703 1016 vidua,
730 961 855 1007 votis
882 966 1087 1024 operata
1111 960 1320 1024 pudicis,
1554 964 1616 1007 35

295 1040 565 1103 Torqueor,
593 1039 769 1086 infesto
795 1054 857 1085 ne
881 1038 952 1084 vir
976 1039 1038 1084 ab
1064 1038 1206 1085 hoste
1232 1038 1393 1084 cadat.

229 1117 366 1164 Inter
391 1122 663 1180 serpentes,
692 1130 955 1178 aprosque,
983 1115 1254 1178 avidosque
1279 1115 1447 1162 leones

293 1194 323 1241 J
329 1201 479 1250 actor,
507 1201 557 1241 et
581 1210 751 1241 esuros
776 1200 916 1239 terna
939 1208 1028 1255 per
1052 1208 1136 1239 ora
1161 1208 1326 1239 canes.

229 1271 316 1319 Me
341 1272 589 1335 pecudum
613 1270 766 1326 fibrae,
795 1270 1156 1333 simulacraque
1182 1270 1347 1317 inania
1372 1270 1546 1326 somni,

296 1349 578 1412 Ominaque
603 1348 781 1396 arcane
805 1354 949 1394 nocte
975 1348 1132 1411 petita
1156 1354 1369 1394 movent.
1552 1349 1616 1394 40

204 1507 205 1510 ,
268 1482 323 1512 29.
352 1481 512 1521 Veniunt]
545 1480 670 1511 Veniant
694 1480 886 1510 Puteaneus.

226 1531 328 1561 IDEM.

269 1581 324 1610 31.
351 1579 419 1609 Non
435 1580 525 1609 honor
539 1585 590 1615 est,
607 1579 656 1608 sed
681 1577 786 1618 orius]
815 1580 885 1608 Πα-

226 1629 431 1672 ρωνομασία.
460 1629 499 1659 Ρ.
528 1627 682 1659 Rutilius:
722 1628 771 1657 Ad
799 1628 888 1666 liujus

225 1680 441 1709 sceleratissimi
455 1689 542 1717 opera
557 1679 606 1717 qui
620 1676 692 1718 fuit
717 1677 815 1706 locus?
838 1687 885 1706 re-

226 1729 444 1769 ligiosissimus:
476 1728 619 1757 nimirem.
646 1728 715 1766 quia
742 1727 885 1756 traditam

224 1779 280 1807 sibi
313 1778 502 1816 publicorum
535 1776 699 1805 custodiam
735 1786 885 1805 sacrorum

225 1838 285 1857 non.
308 1828 420 1862 honori,
441 1827 489 1856 sed
513 1827 595 1855 oneri
619 1835 674 1855 esse
697 1826 885 1855 eaistz'manit.

227 1875 320 1906 C1or.

269 1926 320 1955 35.
335 1924 412 1953 Votis
425 1929 542 1962 operata
556 1921 697 1962 pudicis]
711 1922 794 1952 Vota
802 1921 885 1952 enim

226 1973 431 2015 concipiebat,
457 1983 495 2002 ne
524 1972 570 2002 vir
589 1971 716 2001 caderet
742 1970 821 2001 inter
841 1976 887 2001 tot

225 2022 324 2053 Athla
335 2027 366 2052 et
381 2021 529 2063 pericula,
542 2026 572 2051 et
587 2019 744 2050 sacrificiis
759 2018 886 2049 deorum

226 2082 335 2113 pacem
348 2071 527 2112 expetebat.
545 2080 605 2100 non
618 2069 682 2109 agit
694 2068 744 2098 hie
757 2068 796 2098 de
807 2068 886 2099 lani-

225 2121 295 2151 ficio
310 2127 362 2150 aut
378 2119 446 2150 aliis
470 2119 654 2160 pudicarum
677 2123 886 2148 matronarum

225 2170 345 2206 studiis,
359 2169 413 2200 sed
429 2169 467 2199 de
482 2168 559 2199 votis
574 2174 605 2198 et
620 2167 778 2209 precibus,
792 2178 829 2197 ne
842 2167 887 2198 vir

225 2219 330 2250 cadat.
377 2219 494 2248 Burin.

269 2270 322 2299 38.
342 2268 381 2298 Et
397 2269 522 2297 hoesuros
533 2276 619 2297 cerno
629 2276 682 2305 per
695 2277 752 2295 ossa
765 2266 881 2306 canes]

227 2317 337 2348 Esar-os
354 2323 400 2347 est
424 2316 456 2347 in
478 2315 584 2346 multis
605 2314 775 2345 codicibus.
822 2315 884 2345 Pu-

225 2372 354 2397 teaneus
369 2367 492 2396 laesuros
509 2371 594 2395 terna
607 2375 660 2403 pei·
679 2375 752 2393 assa.
777 2362 807 2393 in
824 2375 885 2395 uno

225 2415 380 2446 Vaticano
395 2426 492 2445 esurus
506 2425 593 2444 cerno
604 2424 657 2452 per
673 2424 737 2442 ora.
767 2413 883 2449 Scribe,

225 2476 322 2495 esuros
337 2471 421 2494 terna
436 2475 488 2503 per
502 2475 552 2492 01'11
572 2474 669 2493 canes.
716 2462 884 2492 Cerberum

224 2513 382 2554 intelligit.
407 2512 501 2554 Apud
516 2512 641 2542 (jraecos
653 2511 765 2541 Poetas
775 2511 882 2552 τρικά-

225 2576 326 2605 ρηνος
356 2563 520 2593 Cerberus.
570 2561 743 2591 IIfflNsws.
796 2561 883 2591 Nihil

223 2611 337 2643 certius
362 2611 419 2642 hac
443 2610 644 2641 correctione.
674 2609 717 2640 sic
740 2616 771 2640 et
800 2611 883 2652 apud

223 2662 336 2692 Senec.
350 2660 445 2691 Herc.
463 2660 535 2690 Fur.
553 2660 626 2690 784.

269 2709 331 2744 Qui
359 2710 441 2739 trina
478 2715 557 2738 msto
586 2709 685 2747 capita
714 2709 883 2738 concutiens

310 2768 377 2788 sono

1000 1480 1139 1520 Regnum
1157 1485 1272 1509 tuetur.

956 1529 1019 1560 Ubi
1033 1528 1085 1559 aiii
1099 1528 1221 1559 codices
1237 1535 1336 1559 terna.
1361 1527 1416 1559 sed
1431 1527 1509 1558 nihil
1526 1539 1616 1570 opus.

954 1577 1037 1608 idem
1053 1576 1136 1607 enim
1153 1577 1182 1607 in
1193 1577 1328 1618 Thyeste
1345 1577 1420 1607 676.

1141 1626 1219 1666 Saepe
1237 1627 1354 1656 latratu.
1371 1636 1472 1656 rnemus

1001 1676 1092 1706 ΤΓΞΠΟ
1106 1677 1249 1716 'I'Clllllgise

956 1725 1018 1756 Ubi
1043 1725 1133 1756 etad
1157 1724 1284 1756 Cerberi
1311 1724 1457 1755 latratum
1482 1723 1617 1764 respicit,

953 1774 996 1805 sic
1014 1776 1097 1805 trina
1117 1780 1148 1804 et
1170 1781 1256 1804 terna
1280 1773 1318 1803 de
1344 1773 1391 1803 his
1416 1772 1526 1803 iisdem
1541 1772 1616 1802 Cer·

953 1823 1019 1854 beri
1050 1823 1206 1866 capitibus
1234 1823 1468 1853 confunduntur
1496 1822 1552 1852 lib.
1584 1833 1617 1852 x.

953 1874 1088 1903 Metam.
1105 1874 1159 1903 22.
1184 1873 1252 1903 loco
1265 1873 1304 1902 ab
1320 1871 1449 1902 Heinsio
1465 1870 1616 1902 adducto.

955 1929 986 1953 et
1010 1922 1115 1953 Schol.
1133 1921 1223 1952 Statii
1250 1921 1289 1952 ad
1311 1921 1367 1951 lib.
1385 1920 1418 1950 ii.
1434 1920 1535 1951 Theb.
1560 1921 1614 1951 32.

953 1971 1029 2002 dicit
1053 1973 1135 2001 trina
1159 1972 1275 2001 ἰιιιηὶιια
1302 1972 1392 2000 trium
1419 1971 1562 2009 capilum,
1577 1968 1617 2000 de

954 2021 1098 2056 Cerbero,
1116 2020 1169 2062 qui
1195 2020 1301 2062 paullo
1325 2025 1393 2061 post
1419 2029 1436 2049 a
1452 2019 1549 2049 Po'e'ta
1564 2029 1616 2049 vo-

954 2077 1042 2101 catur
1057 2081 1120 2100 ver.
1136 2071 1190 2100 53.
1239 2069 1396 2110 Triformis
1410 2070 1533 2108 janitor
1550 2069 1615 2098 leti.

953 2120 1036 2150 unde
1063 2119 1191 2160 vulgata
1220 2118 1303 2159 apud
1331 2118 1489 2148 Avienum
1514 2123 1617 2159 posset

954 2167 1093 2198 defendi.
1124 2167 1190 2198 vid.
1221 2166 1261 2197 ad
1298 2166 1341 2197 iv.
1375 2167 1508 2196 Metam.
1538 2166 1614 2197 449.

953 2218 1071 2247 Bunm.

997 2267 1050 2296 40.
1087 2264 1226 2304 Graiam]
1263 2263 1300 2293 Id
1330 2270 1376 2294 est
1404 2273 1550 2304 responsa
1578 2274 1614 2294 ac

953 2314 1111 2349 vaticinia,
1142 2324 1210 2354 quae
1241 2319 1334 2343 noctu
1362 2318 1487 2354 captare
1517 2313 1613 2344 soleo.

953 2371 999 2394 est
1014 2364 1096 2394 enim
1112 2374 1170 2393 nox
1189 2362 1309 2393 arcanis
1329 2361 1504 2404 hujusmodi
1520 2362 1615 2392 sacris

951 2412 1085 2443 maxime
1102 2411 1230 2442 idonea:
1256 2411 1338 2442 unde
1354 2417 1385 2441 et
1399 2422 1540 2441 arcanam
1556 2421 1610 2441 vo-

952 2467 1016 2492 cat.
1040 2461 1083 2492 sic
1100 2466 1130 2491 et
1145 2461 1227 2502 apud
1241 2460 1407 2501 Virgilium
1421 2459 1505 2490 Dido
1520 2465 1614 2490 noctu

952 2510 1046 2541 sacris
1062 2515 1163 2545 vacat,
1187 2509 1261 2540 dum
1285 2519 1347 2539 una
1373 2518 1475 2539 amore
1500 2509 1611 2538 AEneae

951 2559 1083 2589 laborat.
1111 2559 1300 2588 MrchLus.
1350 2557 1524 2597 Ominaque.
1545 2557 1612 2598 jam

952 2613 1137 2638 monuerunt
1153 2607 1216 2638 alii.
1248 2608 1314 2647 Ego
1331 2606 1456 2637 mallem
1471 2605 1612 2646 quidem,

950 2659 1115 2697 sonmiaque
1130 2668 1243 2687 arcana
1266 2663 1349 2686 'tmere
1364 2657 1456 2696 petita
1482 2661 1609 2685 movent.

950 2706 1024 2748 quia
1039 2706 1152 2737 rectius
1167 2707 1277 2736 somnia
1299 2711 1407 2744 petere,
1425 2714 1517 2745 quam
1535 2705 1607 2734 omi—

951 2768 989 2786 na
1005 2755 1065 2786 dici
1080 2760 1168 2796 puto.
1194 2754 1308 2795 virgil.
1326 2753 1380 2785 vii.
1398 2752 1528 2784 AEneid.
1547 2753 1599 2783 89.
