1849 3198
612 205 958 249 HEROIDES.
990 206 1084 248 ΕΡ.
1118 205 1309 248 XVIII.
1568 207 1653 248 249

268 321 366 371 Hei
391 322 532 370 mihi!
560 339 648 370 cur
671 323 834 371 animo
847 321 1009 385 juncti
1031 322 1335 369 secernimur
1359 321 1535 368 undis?
1561 324 1651 368 125

338 401 554 464 Unaque
579 417 735 456 mens,
764 401 912 447 tellus
937 415 1035 446 non
1061 399 1213 445 habet
1235 415 1334 446 una
1358 399 1512 446 duos?

269 477 363 525 Vel
387 485 474 524 tua
498 494 578 524 me
606 478 795 532 SestOS,
822 477 899 524 vel
923 483 973 523 te
998 491 1112 522 mea
1136 483 1300 522 sumat
1325 476 1532 540 Abydos
1552 493 1561 523 :

338 554 461 601 Tam
486 561 576 601 tua
598 561 730 601 terra
754 554 889 609 mihi,
919 569 1070 616 quam
1095 552 1185 599 tibi
1211 560 1380 600 nostra
1406 555 1586 616 placet.

272 630 377 677 Cur
402 647 494 693 ego
520 630 809 686 confundor,
838 630 1035 694 quoties
1061 629 1378 676 confunditur
1403 632 1601 693 aequor?

340 707 443 754 Cur
466 708 586 754 mihi
612 724 792 755 caussa
816 709 953 763 levis,
980 714 1173 762 ventus,
1203 708 1382 755 obesse
1407 709 1600 771 potest?

270 784 299 831 J
305 801 384 832 am
410 792 603 832 nostros
629 786 762 832 curvi
789 792 969 832 norunt
993 784 1255 847 delphines
1283 800 1498 833 amores:
1567 789 1652 832 131

338 862 571 925 Ignotum
595 879 688 910 nec
714 879 794 910 me
818 862 1039 926 piscibus
1066 878 1176 910 esse
1201 878 1326 909 reor.

270 938 300 986 J
305 955 384 986 am
409 947 548 1004 patet
571 940 767 988 attritus
794 940 1049 987 solitarum
1073 940 1214 987 limes
1241 956 1504 1003 aquarum3

339 1017 455 1064 Non
480 1017 635 1074 aliter,
662 1018 819 1065 multa
844 1034 994 1081 quam
1018 1018 1098 1065 via
1121 1034 1295 1082 pressa
1313 1019 1439 1075 rota,

273 1094 420 1149 Quod
440 1096 559 1142 mihi
577 1111 675 1143 non
691 1102 839 1152 esset,
857 1096 950 1143 nisi
968 1096 1038 1142 sic
1054 1096 1248 1151 iterare,
1267 1096 1533 1159 querebar:
1568 1099 1658 1143 135

338 1171 407 1219 At
429 1189 561 1220 nunc
585 1189 674 1237 per
697 1180 869 1221 ventos
895 1175 990 1221 hoc
1017 1190 1219 1237 quoque
1245 1175 1420 1221 deesse
1441 1191 1635 1237 queror.

272 1248 530 1297 Fluctibus
546 1250 823 1298 immodicis
843 1250 1225 1298 Athamantidos
1246 1267 1449 1314 aequora
1462 1258 1658 1307 canent,

339 1326 539 1390 Vixque
563 1335 730 1375 manet
754 1336 899 1392 portu
923 1335 1032 1376 tuta
1055 1329 1221 1376 carina
1241 1345 1347 1376 suo.

275 1401 385 1450 Hoc
406 1420 558 1460 mare,
579 1406 922 1469 cumprimum
947 1406 1009 1453 de
1030 1405 1236 1468 Virgine
1256 1406 1457 1453 nomina
1475 1408 1659 1462 mersa,

342 1480 467 1534 Quae
492 1489 645 1538 tenet,
673 1490 750 1530 est
774 1491 991 1540 nactum,
1019 1484 1117 1531 tale
1142 1484 1294 1531 fuisse
1319 1491 1458 1548 puto.
1570 1488 1662 1531 140

276 1556 343 1604 Et
366 1559 485 1605 satis
512 1559 695 1607 amissa
722 1560 861 1607 locus
887 1560 966 1606 hic
993 1560 1187 1608 infamis
1213 1561 1274 1607 ab
1302 1560 1449 1608 Helle
1474 1568 1578 1609 est:

343 1634 515 1698 thue
540 1637 659 1683 mihi
684 1644 871 1701 parcat,
900 1637 1104 1684 crimine
1130 1653 1311 1684 nomen
1336 1638 1503 1685 habet.

275 1710 467 1760 Invidio
493 1712 724 1778 Phryxo3
754 1730 905 1777 quem
931 1731 1019 1779 per
1044 1715 1170 1763 freta
1192 1716 1354 1763 tristia
1376 1722 1540 1763 tutum

340 1788 507 1837 Aurea
528 1790 748 1853 lanigero
772 1792 953 1839 vellere
971 1792 1108 1839 vexit
1132 1791 1253 1839 ovis.

278 1865 386 1913 Nec
412 1873 579 1914 tamen
605 1868 818 1914 officium
845 1869 1039 1932 pecoris
1065 1869 1266 1916 navisve
1292 1869 1513 1933 requiro:
1572 1872 1663 1917 145

344 1942 644 2001 Dummodo,
673 1961 797 2008 quas
816 1945 1001 1993 findam
1027 1962 1250 2010 corpore,
1274 1947 1452 1994 dentur
1478 1963 1639 2011 aquae.

323 2105 392 2135 126.
421 2104 545 2146 Unaque
560 2106 669 2147 mensu]
696 2108 831 2150 Elegans
846 2109 933 2140 locu·
1049 2110 1156 2144 Quoere
1171 2121 1269 2140 novem
1285 2120 1340 2140 cur
1355 2121 1417 2140 una
1433 2111 1508 2140 vices
1524 2111 1581 2140 iter
1597 2112 1663 2147 irit,

275 2153 328 2190 tio,
353 2154 407 2185 ubi
432 2155 649 2197 compendioso
664 2167 802 2188 sermone
824 2157 935 2189 defun·
1089 2166 1117 2190 et
1130 2161 1216 2190 audi.

275 2209 401 2245 guntur,
420 2215 473 2245 pro
489 2215 551 2235 una
566 2215 653 2235 mens
665 2205 759 2237 habet
772 2207 865 2245 du0s3
880 2208 935 2238 sed
1003 2208 1035 2238 Si
1051 2218 1128 2239 sana
1146 2208 1201 2239 illa
1224 2207 1385 2250 scriptura.
1410 2207 1480 2239 vide
1503 2208 1603 2239 Notas
1625 2208 1665 2239 ad

276 2263 338 2282 non
354 2263 417 2283 una
433 2252 525 2284 tellus
546 2253 651 2284 habet.
674 2254 745 2285 vide
760 2256 883 2297 egregie
900 2257 933 2287 J.
1003 2258 1062 2298 Ep.
1086 2258 1138 2288 vii.
1163 2268 1243 2288 vers.
1267 2257 1318 2287 40.
1352 2257 1524 2288 ΗειΝειυε.
1580 2258 1664 2289 Illud

277 2302 326 2332 Fr.
343 2302 478 2332 Gronov.
494 2302 535 2332 iv.
551 2303 628 2333 Obs.
644 2305 674 2334 2.
720 2305 837 2334 Bmm.
1003 2312 1108 2338 tamen
1122 2309 1243 2343 iterare,
1260 2306 1344 2348 quod
1363 2306 1394 2337 in
1410 2306 1534 2348 optimis
1549 2307 1664 2337 codici-

324 2350 394 2381 135.
420 2351 506 2385 Quod
530 2353 602 2382 mihi
623 2364 682 2382 non
705 2360 786 2389 esset,
809 2355 867 2383 uisi
883 2355 935 2390 sic,
1003 2357 1061 2387 bus
1076 2362 1188 2392 exstat,
1204 2356 1255 2386 vix
1274 2356 1373 2386 ausim
1390 2355 1526 2397 rejicere,
1542 2362 1666 2398 propter

278 2402 387 2430 iterare
415 2402 585 2442 querebam]
626 2401 707 2432 Item
736 2409 824 2433 vetus
860 2403 938 2434 liber
1003 2405 1081 2436 illud
1105 2405 1226 2437 Horatii
1250 2404 1271 2435 i.
1298 2405 1363 2436 Od.
1389 2406 1420 2435 7.
1461 2406 1535 2435 Cras
1562 2407 1665 2447 ingens

278 2450 468 2485 Puteaneus,
493 2450 621 2491 reliquis
643 2451 710 2493 ejus
733 2452 817 2483 verbi
840 2453 937 2483 literis
1005 2456 1176 2485 iterabimus
1190 2466 1297 2495 (equor.
1342 2455 1458 2485 Burin.

278 2499 400 2535 deletis,
415 2505 445 2529 ct
464 2499 625 2530 recentiori
640 2512 735 2532 manu
750 2501 938 2544 superscrip-
1050 2503 1124 2533 141.
1151 2503 1204 2533 Est
1224 2504 1295 2533 satis
1310 2503 1447 2543 amissa]
1476 2503 1515 2532 At
1535 2504 1606 2533 sutis
1631 2502 1663 2532 in

278 2553 356 2584 tum,
370 2560 412 2579 re.
427 2550 484 2578 iter·
499 2555 569 2579 ante
583 2549 667 2590 prius
684 2550 776 2581 fuisse
791 2551 937 2592 suspicor.
1006 2563 1066 2582 uno
1081 2552 1240 2583 Mediceo.
1263 2557 1297 2582 ut
1313 2552 1371 2593 Ep.
1385 2552 1448 2582 xiv.
1466 2553 1517 2582 87.
1542 2552 1664 2582 videtur

279 2596 435 2638 quomodo
451 2597 549 2627 codex
573 2598 698 2629 Moreti.
722 2599 815 2641 idque
831 2610 936 2630 verum
1005 2606 1108 2631 autem
1126 2601 1278 2643 respicere
1304 2600 1343 2631 ad
1370 2600 1466 2642 τάφος
1486 2600 1662 2638 ”Ελληνυς,

278 2657 344 2677 esse
361 2646 512 2677 existimo.
559 2647 666 2679 Posset
678 2654 709 2679 et
724 2649 798 2691 legi,
815 2651 872 2679 iter
883 2651 937 2680 ire.
1005 2654 1039 2679 ut
1061 2649 1163 2680 (lictus
1179 2649 1237 2680 fuit
1260 2649 1495 2690 Hellespontus.
1522 2648 1584 2679 vid.
1600 2649 1665 2679 He-

281 2702 316 2727 ut
331 2696 398 2727 Art.
414 2695 519 2727 Amat.
534 2695 580 2727 iii.
598 2698 648 2727 37.
1005 2699 1103 2730 rodot.
1117 2699 1169 2730 vii.
1182 2700 1233 2730 58.
1280 2700 1396 2730 Burm-
