1849 3198
627 228 972 272 HEROIDES.
1005 228 1098 270 ΕΡ.
1130 227 1168 268 Ι.

207 346 315 395 Hac
341 347 445 395 ibat
471 345 669 402 Simois,
696 344 775 392 hic
801 350 879 392 est
899 343 1067 406 Sigeia
1089 342 1252 398 tellus,

272 424 368 473 Hic
394 430 598 472 steterat
622 422 807 471 Priami
830 421 966 485 regia
988 421 1124 469 celsa
1147 419 1295 467 senis.

205 501 313 549 Illic
339 500 688 556 AEacideS‚illic
711 500 951 547 tendebat
976 497 1180 545 Ulixes:

1529 496 1595 542 35

270 578 366 627 Hic
390 579 521 626 lacer
545 577 788 625 admissos
810 575 985 624 terruit
1007 573 1197 622 Hector
1220 587 1392 636 equOS.

207 772 258 810 Et,
273 770 342 802 Non
354 771 434 802 oculi
446 777 566 803 tacuere
581 772 637 808 tui,
647 772 869 812 conscriptaque

333 832 402 852 υιηο

294 869 410 907 Mensa,
425 881 478 900 nec
497 870 528 900 in
544 870 650 912 digitis
664 870 765 900 littera
780 870 868 900 nulla

324 919 408 961 fuit.

208 970 259 1006 Et,
273 969 502 1010 Blanditiasque
525 970 599 1000 leves
625 971 710 1000 tenui
730 970 867 1008 praescri·

336 1019 401 1049 bere
416 1021 494 1055 vino,

300 1067 342 1098 Ut
355 1070 503 1099 dominam
517 1070 550 1100 in
565 1079 663 1099 mensa
677 1079 705 1099 se
721 1068 800 1110 legat
813 1068 869 1098 illa

340 1124 434 1150 tuam.

209 1164 353 1197 Tibullus
368 1167 470 1209 elegia
483 1166 540 1198 ult.
552 1166 608 1198 lib.
622 1167 650 1198 l.

258 1215 288 1245 U
288 1222 300 1246 t
310 1217 383 1246 mihi
394 1218 511 1256 potanti
521 1218 609 1256 possit
618 1227 671 1247 sua
683 1217 780 1246 dicere
778 1215 871 1257 facta

297 1265 396 1302 Miles,
412 1272 439 1296 et
457 1267 489 1296 in
509 1276 609 1295 mensa
627 1266 752 1307 pingere
773 1271 872 1296 castra

336 1326 425 1346 mero.
470 1315 613 1346 CiorAN.

254 1364 306 1394 31.
317 1364 439 1405 Atque]
457 1364 589 1395 Codices
605 1362 732 1405 quidam
748 1369 778 1393 et
795 1362 871 1394 Edi-

212 1412 255 1443 tio
271 1413 396 1455 Micylli
411 1420 442 1444 et
454 1413 584 1444 aliorum
598 1413 736 1453 Jamque.
763 1412 852 1443 Male
865 1424 874 1451 3

212 1462 314 1504 Epist.
330 1463 364 1493 ii.
376 1464 428 1494 83.

257 1513 353 1553 Atque
377 1514 486 1553 aliquis
507 1513 606 1543 doctas
621 1513 690 1551 jam
713 1522 795 1541 nunc
814 1518 873 1547 eut,

211 1563 322 1602 inquit,
339 1563 480 1593 Athenas.
496 1562 668 1592 Hsmsrus.
707 1560 813 1590 Potest
828 1568 874 1591 ta-

213 1622 285 1642 men
309 1612 433 1643 retineri
448 1614 585 1652 jamque.
629 1611 716 1641 Dum
738 1616 771 1640 tu
790 1610 875 1646 abes,

210 1662 277 1703 jam
293 1661 345 1693 alii
361 1662 490 1693 reduces
501 1666 626 1692 narrant
640 1672 687 1691 res
703 1659 743 1691 ad
754 1659 876 1702 'frojam

214 1717 330 1753 gestas-

259 1761 384 1792 Frustra
397 1760 526 1802 quidam
537 1758 669 1794 codices,
682 1757 762 1788 Illuc
773 1759 875 1788 AEaci-

215 1812 275 1847 des,
300 1811 376 1841 illuc
400 1812 537 1841 tendebat
564 1809 673 1839 Ulises.
710 1808 878 1849 Ignorabat

215 1859 336 1891 scilicet
355 1859 498 1890 librarius
520 1858 584 1893 ille,
602 1859 720 1888 tendere
741 1868 794 1899 pro
810 1862 877 1887 ten-

217 1909 296 1941 toria
320 1920 433 1951 ponere
456 1907 557 1945 sumi3
579 1907 633 1937 ille
655 1917 726 1937 vero
748 1917 802 1948 pro
823 1906 877 1942 ire,

218 1959 368 2002 proficisci
390 1958 484 2000 cepit.
530 1956 591 1988 Sed
612 1957 670 1987 hoc
692 1957 758 1998 jam
776 1955 879 1998 pueris

219 2014 336 2040 notum.
379 2009 495 2038 Burni.

262 2059 317 2089 34.
342 2057 425 2088 Senis
451 2055 594 2095 Priami]
630 2054 698 2085 Hoc
724 2053 881 2096 epitheton

218 2106 333 2150 passim
357 2107 420 2137 sere
447 2107 485 2137 ab
505 2104 681 2136 auctoribus
706 2103 797 2134 datur
815 2103 882 2134 Pri-

220 2168 303 2188 amo.
343 2156 473 2192 Ennius,
489 2155 564 2186 citat
580 2154 757 2184 Priscianus
769 2153 825 2183 lib.
839 2153 882 2183 iii.

244 2207 309 2238 Cur
324 2212 403 2237 veter
418 2206 555 2236 occubuit
567 2205 707 2234 Priamus
722 2204 774 2233 sub
791 2209 884 2232 marte

289 2257 414 2298 Pelasgo
426 2258 438 2286 ?

221 2305 402 2338 M.Tullius
424 2315 478 2347 pro
498 2304 591 2334 Sexto
607 2301 721 2333 Roscio
735 2301 884 2332 Amerino

222 2366 294 2387 cum
310 2355 405 2386 vellet
426 2352 599 2388 ostendere,
616 2350 785 2382 Antistium
802 2361 883 2381 sum-

222 2416 275 2436 ma
299 2415 365 2435 esse
391 2408 551 2434 senectute
574 2400 740 2436 hominem,
765 2399 886 2430 vocavit

223 2465 294 2486 eum
312 2454 478 2484 Priamum.
502 2451 578 2493 Ejus
590 2451 683 2481 verba
695 2455 785 2479 sunt:
814 2449 884 2478 Pos-

224 2511 316 2535 tremo
344 2503 499 2532 Priamum
528 2502 634 2539 ipsum,
663 2509 757 2529 senem
782 2499 884 2528 Antis-

224 2556 318 2585 tium:
344 2563 426 2592 quem
447 2562 506 2581 ‘non
527 2551 608 2579 modo
630 2555 710 2584 (etas,
724 2548 773 2578 sed
794 2549 882 2578 etiam

224 2604 300 2645 leges
325 2610 463 2641 pugnare
484 2600 685 2639 prohibebant.
734 2596 807 2626 Alia
830 2607 882 2627 cx-

224 2657 329 2700 empla
341 2657 397 2688 lib.
412 2655 478 2687 xiii.
490 2655 522 2686 in
537 2654 614 2685 meis
629 2653 660 2684 in
672 2652 882 2694 Metamorph.

224 2705 500 2740 observationibus.
538 2703 680 2734 Cmms.

269 2756 324 2787 36.
349 2752 519 2793 Admissus]
547 2752 626 2789 Quis
646 2762 706 2782 non
723 2749 808 2780 videt
832 2750 884 2779 ad-

226 2807 321 2837 missos
349 2814 444 2845 equos
474 2801 616 2833 Hectoris
652 2799 746 2831 laceri
781 2798 884 2839 legen-

935 768 1031 801 dum'!
1053 779 1125 800 cum
1139 777 1178 800 ea
1187 777 1246 799 vox
1261 766 1383 797 celerem
1394 763 1519 801 Ovidio,
1530 763 1595 795 Va-

935 819 1010 850 lerio
1031 824 1063 850 et
1084 817 1212 859 reliquis
1233 815 1396 857 significet,
1412 824 1524 855 magno
1544 823 1596 844 eo-

934 879 1004 900 rum
1024 878 1134 904 errore,
1151 866 1205 909 qui
1226 867 1342 897 amissos
1360 864 1480 906 legunt.
1519 862 1596 894 Ovi-

936 918 1005 950 dius
1020 923 1102 950 certe
1118 917 1182 959 ipse
1198 916 1230 946 in
1245 915 1345 946 Fastis
1357 938 1364 944 .

959 968 1000 998 Et
1015 968 1092 998 celer
1103 967 1235 997 admissis
1251 966 1362 996 labitur
1373 974 1471 994 annus
1485 963 1576 1003 equis.

935 1018 977 1048 Et
990 1017 1065 1048 item
1077 1029 1083 1046 :

982 1066 1072 1097 Hanc
1087 1065 1233 1105 quondam
1247 1062 1393 1103 Cytherea
1405 1062 1481 1092 diem
1493 1070 1597 1100 prope-

1022 1117 1142 1146 rantius
1156 1116 1202 1144 ire

981 1165 1004 1195 J
1007 1166 1088 1201 ussit,
1103 1170 1131 1195 et
1145 1164 1282 1194 admissos
1294 1160 1494 1201 praecipitavit
1504 1168 1599 1198 equos.

939 1215 979 1246 Et
994 1215 1026 1246 in
1041 1213 1181 1257 Epistola
1193 1211 1336 1253 sequenti
1350 1222 1357 1240 t

970 1265 1010 1295 Et
1022 1275 1103 1295 sacer
1115 1265 1253 1294 admissas
1265 1261 1357 1302 exigit
1366 1258 1483 1289 Hebrus
1498 1266 1599 1297 aquas.

983 1315 1134 1345 Lacerum
1154 1318 1258 1343 autem
1273 1311 1439 1340 Hectorem
1458 1305 1601 1337 terruisse

940 1374 1036 1406 equos
1051 1362 1180 1404 accipio,
1197 1371 1258 1391 non
1280 1357 1403 1401 quando
1428 1366 1524 1397 equos
1543 1355 1598 1385 im-

940 1413 1031 1456 pulit,
1053 1419 1084 1444 et
1108 1412 1141 1442 in
1165 1410 1308 1454 praelium
1336 1407 1515 1438 exhortatus
1542 1410 1600 1440 est,

942 1463 1031 1505 cujus
1045 1462 1089 1493 rei
1101 1460 1216 1492 mentio
1227 1459 1262 1489 fit
1272 1456 1388 1488 Iliados
1400 1460 1509 1486 octavo
1523 1465 1529 1483 :
1547 1459 1601 1484 aut

940 1513 1045 1548 etiam,
1061 1510 1146 1553 quod
1166 1509 1235 1540 aliis
1254 1508 1368 1551 placet,
1383 1503 1507 1547 quando
1528 1505 1601 1544 equi

941 1560 1076 1593 Achillis
1104 1559 1266 1590 interfecto
1300 1554 1442 1588 Patroclo
1478 1552 1601 1584 attoniti

942 1617 1075 1649 stetere3
1100 1620 1200 1651 neque
1222 1607 1336 1648 aurigae
1358 1604 1405 1636 sui
1420 1613 1528 1634 vocem
1547 1612 1602 1632 au-

942 1660 1072 1696 dientes,
1097 1669 1199 1700 neque
1213 1657 1272 1688 viae
1293 1664 1454 1689 memores,
1475 1652 1514 1682 de
1539 1661 1603 1693 qua

944 1720 977 1741 re
1002 1708 1117 1740 Iliados
1138 1706 1213 1738 xvii.
1244 1704 1376 1736 dicitur:
1401 1702 1455 1733 sed
1480 1707 1601 1742 postea-

945 1769 1039 1800 quam
1054 1759 1093 1788 ab
1105 1756 1229 1787 Achille
1241 1756 1307 1797 jam
1322 1752 1441 1784 occisus
1456 1750 1526 1781 suit.
1552 1750 1603 1780 Ibi

945 1808 1027 1838 enim
1054 1806 1178 1847 singuli,
1212 1804 1265 1846 qui
1294 1809 1360 1834 tum
1392 1801 1532 1836 aderant,
1553 1800 1602 1842 ja-

945 1857 1028 1888 centi
1044 1857 1172 1888 vulnera
1189 1854 1378 1888 inflixerunt,
1401 1850 1602 1892 quemadmo-

945 1907 1020 1937 dum
1045 1907 1198 1937 Homerus
1223 1908 1309 1934 autor
1331 1907 1377 1932 est
1396 1900 1478 1931 Iliad
1493 1899 1602 1930 XXII.

946 1967 1011 1987 ver.
1025 1957 1100 1986 371.
1113 1954 1165 1985 ubi
1181 1950 1307 1989 ait,oz'15’
1318 1951 1383 1993 ἄρα
1398 1949 1428 1980 οἶ
1446 1961 1492 1986 τις
1506 1948 1605 1980 ἀνου-

949 2005 1022 2044 τητί
1044 2016 1079 2046 γε
1102 2001 1261 2045 παρέστη.
1297 1999 1327 2031 Α
1342 2010 1404 2041 quo
1423 2004 1454 2029 et
1473 1999 1606 2028 lacerum

949 2054 999 2086 hic
1015 2055 1107 2096 po'eta
1121 2058 1222 2083 vocat.
1267 2051 1309 2081 Et
1322 2060 1392 2079 mox
1406 2047 1547 2079 Achilles
1567 2047 1606 2079 de

949 2115 1051 2139 curru,
1073 2102 1204 2145 pedibus
1224 2100 1288 2131 loro
1312 2098 1457 2140 trajectis,
1478 2108 1606 2139 suspen-

950 2164 1017 2184 sum
1047 2152 1129 2183 circa
1156 2160 1257 2181 muros
1280 2148 1388 2191 patriae
1413 2147 1517 2183 traxit,
1536 2157 1606 2177 sau-

950 2204 1033 2234 cium
1057 2212 1092 2233 ac
1114 2199 1384 2241 sanguinolentum
1405 2196 1494 2232 adeO,
1510 2201 1544 2227 ut
1559 2206 1607 2226 as-

950 2258 1043 2294 pectu
1065 2262 1119 2282 suo
1140 2261 1200 2281 non
1221 2247 1372 2279 immerito
1386 2257 1481 2287 equos
1496 2251 1607 2276 terrere

950 2301 1093 2343 potuerit,
1106 2305 1159 2330 aut
1173 2298 1267 2329 etiam
1279 2296 1362 2328 visus
1375 2295 1467 2326 fuerit
1483 2300 1607 2325 terrere.

951 2351 1035 2382 Nam
1056 2350 1157 2392 reipsa
1178 2347 1331 2383 terruisse,
1348 2345 1405 2375 nisi
1425 2355 1463 2375 ex
1477 2343 1608 2385 Tragico

951 2401 1055 2442 aliquo
1080 2397 1234 2441 acceperit
1257 2397 1360 2438 poeta,
1386 2394 1469 2436 apud
1493 2394 1608 2423 Home-

951 2460 1019 2481 rum
1043 2454 1126 2479 certe
1150 2458 1210 2478 non
1230 2445 1355 2487 legitur.
1400 2443 1506 2484 Atque
1528 2442 1608 2473 hanc

952 2498 1172 2541 expositionem
1187 2495 1365 2537 comprobat
1378 2493 1463 2523 locus
1471 2491 1608 2534 ejusdem

949 2550 1048 2592 poeta:
1079 2547 1117 2578 ad
1147 2546 1277 2581 Liviam,
1298 2543 1350 2575 ubi
1376 2542 1486 2573 iisdem
1514 2542 1608 2572 ferme

950 2598 1051 2630 verbis
1065 2595 1164 2638 inquit
1179 2607 1185 2625 ε

996 2647 1061 2677 Hoc
1072 2645 1142 2688 fuit
1157 2642 1373 2679 Andromache,
1388 2652 1455 2671 cum
1469 2641 1516 2670 vir
1538 2639 1608 2669 reli-

1037 2701 1126 2737 gatus
1140 2695 1180 2724 ad
1194 2703 1260 2723 aies

998 2744 1119 2776 Terruit
1144 2744 1279 2773 admi-sos
1307 2739 1552 2781 sanguinolentus
1581 2747 1610 2766 e-

1039 2805 1118 2833 quos,
1133 2793 1184 2832 ὄςσ.

1000 2844 1061 2874 133
