1849 3198
585 184 870 226 AMORUM
903 183 1023 224 LIB.
1061 184 1148 225 [II.
1180 187 1221 225 5.

1526 189 1610 230 409

217 297 271 344 Si
297 298 448 361 sapis,
476 299 677 361 indulge
703 299 940 355 dominae3
981 300 1249 362 vultusque
1276 317 1474 349 severos

280 373 478 423 Exsue:
519 391 610 422 nec
637 375 779 437 rigidi
799 376 913 437 jura
936 383 1075 422 tuere
1100 376 1205 423 viri.

215 450 280 497 Et
304 451 428 506 cole,
456 468 583 514 quos
609 452 802 499 dederit
827 452 1031 513 (multos
1058 452 1219 513 dabit)
1246 470 1370 501 uxor
1398 455 1604 502 amicos

280 526 454 574 Gratia
474 528 545 574 sic
572 528 773 574 minimo
799 544 980 590 magna
1002 529 1172 575 labore
1199 530 1349 577 venit.
1542 534 1604 577 46

215 602 299 649 Sic
326 604 512 666 poteris
532 605 772 667 juvenum
798 604 1023 650 convivia
1047 620 1244 667 semper
1270 606 1415 653 inire:

280 680 360 737 Et,
389 698 500 743 quae
527 698 625 728 non
649 681 864 736 dederis,
894 681 1050 728 multa
1073 682 1239 729 videre
1264 683 1414 730 domi.

705 951 1007 999 ELEGIA
1051 953 1112 999 V.

212 1071 328 1118 Nox
353 1080 482 1120 erat:
521 1081 570 1120 et
595 1090 799 1122 somnus
825 1076 983 1122 lassos
1010 1075 1242 1122 submisit
1266 1076 1468 1123 ocellos.

274 1149 577 1197 Terruerunt
601 1152 820 1198 animum
845 1152 963 1198 talia
986 1152 1092 1198 visa
1115 1167 1300 1198 meum.

209 1226 352 1273 Colle
377 1228 470 1273 sub
495 1228 664 1291 aprico
690 1228 1042 1275 celeberrimus
1069 1228 1181 1275 ilice
1207 1229 1349 1274 lucus

276 1303 476 1361 Stabat3
517 1312 568 1351 et
592 1305 641 1350 in
666 1305 815 1351 ramis
842 1305 998 1351 multa
1021 1305 1212 1351 latebat
1236 1304 1355 1350 avis.

206 1378 338 1427 Area
362 1373 615 1443 gramineo
641 1383 843 1429 suberat
867 1382 1166 1429 viridissima
1189 1388 1348 1446 prato,
1574 1386 1602 1428 5

276 1457 439 1505 Uvida
462 1459 524 1505 de
550 1459 703 1521 guttis
730 1460 840 1506 lene
866 1459 1088 1505 sonantis
1116 1475 1276 1521 aquae.

207 1533 323 1597 lpse
349 1536 442 1582 sub
469 1536 685 1582 arboreis
709 1536 926 1582 vitabam
952 1535 1211 1582 frondibus
1233 1542 1433 1589 aestum;

272 1612 467 1660 Fronde
493 1614 585 1660 sub
611 1613 816 1660 arborea
842 1614 930 1660 sed
956 1621 1123 1660 tamen
1150 1619 1300 1659 aestus
1327 1619 1449 1658 erat.

206 1689 356 1745 Ecce,
383 1698 559 1754 petens
585 1691 731 1738 variis
757 1691 1010 1737 immixtas
1036 1691 1240 1737 floribus
1269 1690 1465 1743 herbas,

273 1767 512 1815 Constitit
536 1775 650 1815 ante
675 1768 843 1815 oculos
870 1767 1084 1814 candida
1108 1782 1261 1813 vacca
1284 1782 1438 1812 meos.
1541 1768 1599 1811 lo

206 1844 477 1892 Candidior
501 1846 714 1901 nivibus,
742 1853 859 1892 tunc
885 1860 999 1891 cuin
1025 1844 1252 1891 cecidere
1278 1849 1532 1895 recentes;

273 1922 331 1969 In
357 1923 570 1985 liquidas
597 1923 816 1969 nondum
842 1938 967 1986 quas
993 1937 1131 1968 mora
1156 1920 1301 1967 vertit
1326 1935 1500 1981 aquas.

205 1999 493 2056 Candidior,
522 2001 656 2063 quod
683 2000 845 2046 adhuc
872 1999 1061 2063 spumis
1089 1997 1413 2045 stridentibus
1445 1996 1595 2050 albet,

271 2076 337 2123 Et
360 2078 508 2124 modo
534 2077 787 2132 siccatam,
816 2078 961 2131 lacte,
990 2075 1227 2139 relinquit
1251 2090 1409 2121 ovem.

200 2220 255 2250 det
270 2230 394 2250 uxorem
411 2220 586 2250 ducendam
603 2231 668 2251 esse
682 2233 687 2250 :
713 2221 745 2251 Si
764 2222 863 2251 defor-

202 2280 283 2299 mem
312 2269 448 2305 duxeris,
477 2280 606 2310 poenam
643 2269 791 2301 habebis:
832 2270 864 2300 Si

201 2318 374 2359 pulchram,
391 2318 563 2349 communis
577 2317 646 2348 erit.
676 2319 828 2349 meirs.

249 2418 275 2447 l.
294 2417 359 2446 Nor
375 2423 450 2452 erat,
467 2424 494 2447 et
506 2427 621 2446 somnus
636 2417 721 2447 Iassos
744 2418 864 2446 summi-

198 2468 236 2495 sit
265 2466 396 2506 ocellos]
441 2467 518 2497 llaee
556 2465 678 2506 Elegia,
709 2476 779 2507 quae
806 2466 863 2495 sul)

201 2516 292 2546 finem
308 2525 434 2557 operum
453 2514 677 2545 Ovidianorum
699 2513 863 2555 fragmenti

202 2564 324 2595 nomine
340 2575 500 2606 perperam
523 2565 673 2594 hactenus
691 2564 862 2602 legebatur,

202 2614 261 2644 huc
279 2614 453 2644 revocanda
467 2620 514 2644 est
531 2625 568 2644 cx
594 2613 653 2644 fide
677 2613 860 2654 optimorum

201 2672 236 2692 ac
254 2662 483 2692 veterrimorum
502 2663 657 2693 codicum.
683 2661 726 2692 uti
751 2672 861 2703 parens

201 2722 288 2742 meus
308 2711 494 2753 jampridem
523 2711 650 2742 monuit.
686 2711 858 2741 llummrs.

934 2219 1092 2262 Gryphius
1107 2226 1138 2249 et
1153 2220 1376 2252 Bersmannus,
1396 2223 1429 2247 ut
1446 2217 1598 2257 fragmen-

934 2275 997 2299 tum
1013 2280 1051 2299 ex
1068 2266 1318 2309 Epigram1natis,
1335 2266 1373 2296 ad
1393 2265 1510 2296 calcem
1536 2266 1597 2307 pri-

932 2319 974 2349 mi
990 2317 1063 2348 tomi
1079 2317 1263 2358 rejecerunt.
1283 2316 1313 2346 in
1338 2315 1438 2357 prima
1461 2315 1597 2345 editione

931 2373 978 2397 est
991 2373 1080 2398 sexta
1094 2366 1164 2396 libri
1179 2365 1319 2401 secundi,
1335 2365 1366 2395 in
1384 2364 1522 2395 Juniano
1546 2376 1595 2394 co-

932 2416 1001 2447 dice
1024 2415 1136 2456 legitur
1161 2421 1229 2457 post
1258 2414 1399 2455 Elegiam
1424 2413 1462 2444 de
1494 2414 1595 2447 Nuce,

932 2465 985 2495 ubi
1012 2471 1044 2495 et
1067 2464 1169 2495 Aldus
1193 2463 1369 2494 collocavit.
1396 2462 1426 2492 in
1445 2461 1513 2492 aliis
1529 2468 1596 2502 post

932 2514 1073 2555 Elegiam
1091 2513 1120 2543 in
1141 2519 1269 2543 mortem
1292 2511 1420 2547 Tibulli,
1446 2511 1475 2541 iu
1502 2511 1594 2540 Frau-

930 2563 989 2593 cof.
1005 2568 1072 2604 post
1089 2561 1171 2592 Ibin.
1200 2563 1316 2591 Brun.

978 2613 1024 2641 Η.
1050 2612 1226 2651 Sir-calum]
1267 2610 1348 2641 Vide
1372 2609 1409 2640 ad
1436 2607 1590 2646 Quinctil.

931 2661 1024 2691 Decl.
1041 2672 1071 2690 x.
1089 2662 1119 2690 3.
