1849 3198
674 204 970 246 AMORUM.
1016 204 1136 246 LIB.
1170 206 1206 247 I.
1238 209 1280 249 7.

1587 210 1676 252 315

281 317 510 366 Pessima
534 318 754 381 Tydides
780 319 1024 366 scelerum
1049 329 1371 370 monumenta
1395 323 1611 387 reliquit.

347 394 438 443 Ille
465 395 625 443 Deam
649 397 836 460 primus
862 397 1074 460 perculit
1089 415 1100 455 ;
1141 399 1264 461 alter
1289 415 1398 462 ego.

281 471 383 519 Sed
398 473 560 520 minus
577 474 659 521 ille
674 490 876 521 nocens.
898 474 1034 529 mihi,
1049 490 1198 536 quam
1214 475 1482 538 profitebar
1497 478 1668 534 amari,

346 548 489 596 Laesa
512 558 637 598 est:
626 536 876 614 Tydides
903 566 1063 597 saevus
1089 551 1139 597 in
1164 551 1306 598 hoste
1330 550 1436 600 fuit.

278 623 301 670 I
327 641 474 682 nunc,
501 609 791 688 magnificos
815 627 971 673 victor
996 627 1167 674 molire
1195 627 1501 691 triumphos3
1604 634 1669 678 35

344 702 505 765 Cinge
530 719 724 751 comam
748 705 908 761 lauro;
948 711 1164 767 votaque
1190 705 1342 752 redde
1367 704 1397 751 J
1402 722 1507 753 011

277 777 504 842 Quaeque
529 787 639 827 tuos
665 797 854 835 currus,
883 781 1100 828 comitat
1098 797 1164 836 is,
1190 782 1337 829 turba
1361 791 1614 845 sequetur,

343 855 589 915 Clamet3
589 850 668 903 ’Ῑὸ
691 856 803 903 forti
827 856 958 903 victa
981 858 1147 920 puella
1169 858 1298 904 viro!

273 931 406 980 Ante
431 940 512 980 eat
535 933 692 981 effuso
715 934 869 981 tristis
895 934 1093 997 03111113
1115 935 1312 998 capillo,

343 1009 397 1056 Si
423 1010 643 1058 sinerent
664 1011 811 1067 laesae,
839 1012 1052 1059 candida
1075 1019 1194 1068 tota,
1223 1028 1381 1075 genae
1603 1018 1668 1061 40

272 1086 454 1150 Aptius
480 1088 734 1152 impressis
760 1096 866 1136 erat
889 1105 944 1136 os
970 1090 1119 1137 livere
1144 1090 1355 1146 labellis,

340 1163 407 1211 Et
431 1165 557 1212 00110
582 1165 753 1213 blandi
778 1167 940 1214 dentis
966 1167 1149 1214 habere
1175 1174 1360 1214 notam.

273 1240 523 1304 Denique,
551 1242 591 1288 si
615 1242 793 1290 tumidi
818 1243 913 1290 ritu
939 1244 1168 1290 torrentis
1195 1245 1395 1306 agebar,

340 1318 591 1382 Caecaque
616 1335 696 1367 me
721 1320 941 1383 praedam
966 1319 1153 1367 fecerat
1176 1320 1248 1367 ira
1272 1337 1441 1377 suam3

272 1393 453 1443 Nonne
478 1397 598 1443 satis
623 1396 786 1444 fuerat
808 1397 993 1444 timidae
1020 1397 1316 1445 inclamasse
1341 1399 1537 1461 puellae,
1599 1403 1663 1449 45

337 1471 446 1520 Nec
473 1473 677 1519 nimium
703 1473 887 1536 rigidas
912 1474 1189 1521 intonuisse
1215 1475 1408 1521 minas?

311 1662 411 1692 Ausus
422 1661 457 1691 cle
472 1662 567 1691 media
580 1661 663 1700 plebe
676 1663 775 1692 sedere
791 1662 887 1693 Deus.

771 1711 890 1742 mes.

267 1758 461 1791 Verosimilis
476 1758 599 1790 Heinsii
619 1759 810 1802 conjectura,
835 1767 866 1792 et
887 1761 932 1792 ita

266 1809 375 1841 citavit
398 1809 482 1839 hunc
512 1819 635 1840 versum
661 1809 737 1840 olim
761 1810 932 1842 Salmasius

266 1859 388 1889 observ.
403 1858 442 1888 ad
458 1858 478 1888 J
481 1868 517 1888 us
531 1857 673 1889 Atticum
688 1869 760 1900 pag.
775 1859 851 1889 267.
877 1860 929 1889 ubi

266 1908 306 1939 de
320 1908 378 1938 hac
392 1906 514 1949 injuria,
531 1918 601 1948 quae
624 1918 678 1949 per
694 1908 823 1938 verbera
838 1907 931 1938 infer-

265 1962 326 1994 tur,
342 1963 373 1988 et
388 1956 508 1987 Graecis
531 1956 619 1987 αἰκία
641 1956 765 1992 dicitur,
781 1956 930 1998 disputat.

265 2017 322 2048 ego
337 2012 443 2037 tamen
458 2005 536 2036 nihil
550 2011 666 2036 temere
682 2011 789 2036 contra
808 2005 931 2037 codices

265 2056 451 2087 mutandum
479 2065 546 2085 esse
569 2060 657 2096 puto,
685 2056 720 2085 de
741 2056 825 2094 plebe
847 2055 930 2085 enim

263 2104 446 2146 simpliciter
461 2104 555 2134 etiam
582 2109 667 2134 notat
690 2103 845 2144 abjectam
866 2115 929 2134 sor-

263 2160 337 2185 tem.
375 2153 541 2183 Pulsassem
556 2163 627 2183 vero
640 2153 762 2194 proprio
776 2153 807 2183 in
823 2153 880 2184 hac
896 2164 928 2184 re

265 2205 358 2236 verbo
373 2203 464 2238 dixit,
480 2207 516 2233 ut
529 2202 621 2233 Trist.
637 2213 666 2233 v.
681 2203 770 2243 Eleg.
786 2203 826 2233 vi.
842 2204 897 2233 27.

308 2253 373 2283 Nec
394 2252 501 2291 procul
516 2264 534 2281 (ι
551 2263 616 2282 vero
631 2258 683 2288 est,
698 2254 774 2292 quod
793 2253 835 2283 rel
857 2254 927 2292 pul-

347 2303 423 2332 ,ςάνίἰ
437 2303 579 2331 amicum.

263 2352 304 2382 Et
319 2356 392 2382 nota
405 2350 461 2380 illa
473 2349 598 2390 Virgilii
615 2348 654 2379 vi.
671 2349 797 2380 AEneid.
812 2350 885 2380 609.

437 2400 616 2429 Pulsatusve
627 2409 746 2437 parens.

266 2448 396 2479 Colerus
412 2458 483 2478 vero
498 2448 628 2489 Parerg.
652 2458 723 2489 cap.
741 2446 848 2477 xxxvi.
873 2447 927 2477 do-

262 2498 328 2529 cuit
343 2497 550 2527 differentiam
573 2497 653 2527 inter
674 2498 795 2535 pulsare
811 2502 841 2527 et
863 2508 927 2527 ver-

262 2549 376 2582 berare,
404 2556 534 2587 quorum
558 2545 615 2576 hoc
642 2545 778 2585 gravius,
804 2551 835 2575 et
857 2545 927 2576 ideo

264 2605 282 2626 a
293 2596 456 2629 Cicerone,
471 2594 569 2623 Civem
586 2595 740 2623 verberare
754 2594 846 2624 scelus
859 2603 925 2624 esse

262 2643 358 2682 dicit3
392 2641 475 2684 quod
506 2642 621 2673 Noster
649 2641 689 2672 ad
718 2641 925 2683 pulsationem

263 2703 317 2733 per
348 2691 619 2733 exaggerationem
658 2691 825 2725 transtulit,
855 2701 926 2721 cum

263 2752 373 2773 manus
389 2751 472 2777 suas,
489 2743 574 2772 cerdis
587 2742 759 2781 scelerisque
775 2742 926 2770 ministras

1001 1668 1101 1693 vocet.
1112 1662 1262 1693 ubic-cedes
1271 1661 1309 1692 de
1319 1662 1533 1694 verberatione
1544 1669 1665 1696 tanturn

999 1712 1080 1742 sumi
1106 1711 1238 1743 videtur.
1268 1711 1339 1742 vide
1366 1722 1435 1753 quae
1461 1718 1602 1745 notamus
1626 1716 1666 1746 ad

1003 1761 1130 1791 Phaedr.
1147 1760 1202 1791 lib.
1218 1760 1252 1791 ii.
1277 1761 1354 1791 Fab.
1377 1762 1408 1791 8.
1430 1767 1461 1791 et
1486 1761 1528 1792 ita
1550 1764 1665 1804 passim

999 1812 1072 1840 credi
1083 1816 1114 1840 et
1126 1811 1274 1840 verberari
1289 1810 1382 1852 virgis
1396 1810 1589 1844 dicebantur.
1602 1814 1665 1846 vid.

1000 1858 1103 1889 Cicer.
1119 1870 1148 1889 v.
1163 1859 1254 1889 Verr.
1269 1859 1321 1890 62.
1366 1860 1486 1890 chr.

1041 1909 1094 1938 46.
1119 1908 1287 1939 Intonuz'sse
1301 1909 1423 1949 minas]
1450 1910 1564 1941 Manus
1578 1912 1664 1944 Nea-

998 1956 1155 1997 politanus
1178 1963 1209 1988 et
1230 1958 1396 1988 Junianus.
1419 1958 1474 1989 sed
1496 1959 1574 1991 nihil
1596 1972 1663 1994 mu·

998 2005 1147 2044 tandum;
1172 2006 1228 2037 nisi
1244 2007 1349 2048 reponi
1364 2007 1521 2049 placeret:

1043 2054 1106 2085 Nec
1122 2057 1286 2092 minimmn,
1302 2058 1416 2097 rigidas
1431 2059 1592 2089 intonuisse
1607 2062 1662 2091 mi-

1084 2115 1148 2134 71HS.

998 2152 1062 2182 Nec
1104 2155 1272 2189 mininmm,
1311 2153 1512 2195 subintellige
1535 2156 1661 2197 ficerat.

996 2200 1090 2231 Silius
1104 2201 1182 2231 libro
1198 2213 1225 2232 v.
1242 2203 1318 2233 275.

1040 2250 1204 2281 Intonuere
1229 2254 1325 2288 ηιίιιιε,
1342 2253 1530 2293 violentaque
1545 2255 1661 2285 Ιιιιιιὶιια

1071 2301 1150 2340 flam
1155 2312 1179 2330 m
1185 2303 1208 2331 is

1043 2349 1185 2380 Emrsere
1198 2351 1289 2381 noris.

998 2397 1050 2428 Ad
1076 2398 1243 2429 Claudiani
1269 2398 1364 2429 Cons.
1386 2398 1509 2440 Olybrii
1532 2412 1562 2430 v.
1587 2402 1661 2432 208.

997 2451 1147 2487 tanquam
1161 2457 1198 2477 ex
1216 2447 1329 2477 Ovidio
1344 2446 1454 2478 laudat
1462 2448 1507 2478 vir
1523 2448 1661 2486 illustris,

997 2502 1100 2526 latiare
1115 2497 1221 2527 minas.
1243 2496 1299 2527 sed
1314 2499 1452 2527 intonare
1466 2497 1517 2528 hic
1529 2498 1659 2538 legitur:

995 2550 1027 2575 et
1042 2551 1138 2580 recte,
1156 2544 1232 2576 licet
1257 2545 1351 2576 rarior
1366 2545 1406 2576 sit
1430 2545 1557 2582 locutio,
1574 2546 1658 2577 Into-

995 2605 1069 2624 33νο
1083 2595 1191 2629 minas,
1208 2604 1262 2635 pro
1277 2593 1440 2624 minaciter
1463 2601 1494 2625 et
1510 2594 1659 2626 violenter

994 2642 1166 2682 increpare,
1181 2641 1244 2673 dici
1260 2648 1335 2684 puto
1348 2655 1356 2681 3
1380 2642 1434 2673 sed
1448 2645 1584 2673 intonare
1596 2656 1657 2674 ma-

994 2702 1050 2721 nus
1072 2690 1198 2721 minime
1213 2691 1323 2722 Latine
1343 2691 1404 2722 dici
1429 2702 1517 2732 posse
1533 2702 1657 2723 censeo.

993 2740 1037 2771 sic
1053 2745 1084 2771 et
1109 2742 1204 2771 minas
1219 2746 1249 2772 et
1265 2752 1370 2771 munus
1392 2740 1599 2772 confuderunt
1619 2741 1655 2773 li-

1495 2352 1616 2383 Hfflxs.
