1849 3198
602 170 881 213 AMORUM
921 171 1042 212 LIB.
1076 170 1168 213 111.
1200 172 1242 213 8.

1530 174 1617 215 423

225 286 339 341 Qua
356 287 503 350 periit
522 286 719 349 aliquis,
741 291 883 349 potes
903 285 1030 332 hanc
1051 286 1338 349 contingere
1356 286 1613 334 dextram?

293 362 429 410 Heu!
467 363 553 409 ubi
577 362 807 409 mollities
833 363 1049 425 pectoris
1075 362 1158 409 illa
1181 363 1287 410 tui?

226 439 390 487 Cerne
415 440 687 496 cicatriceS,
713 438 892 486 veteris
918 439 1126 501 vestigia
1148 455 1346 503 pugnae.

293 516 570 571 Quaesitum
595 523 672 564 est
695 515 764 563 illi
789 531 1012 579 corpore,
1039 516 1285 579 quidquid
1309 517 1476 564 habet.

1547 522 1613 564 20

228 593 453 640 Forsitan
478 600 543 650 et,
560 593 767 656 quoties
792 593 1043 640 hominem
1063 593 1378 655 jugulaverit,
1405 594 1486 641 ille

292 669 504 718 Indicet.
540 670 635 717 hoc
661 670 817 717 fassas
842 670 1023 732 tangis,
1051 686 1212 726 avara,
1239 671 1449 718 manus?

228 746 318 794 Ille
343 764 436 810 ego
464 746 723 794 Musarum
747 762 919 810 purus,
942 746 1224 810 Phoebique
1250 747 1482 793 sacerdos

294 823 375 870 Ad
399 824 582 886 rigidas
608 830 753 870 canto
778 839 978 870 carmen
1002 823 1147 869 ine-„ne
1171 822 1317 870 fores.

231 901 438 958 Discite,
466 901 551 964 qui
577 901 768 964 sapitis,
794 917 893 948 non
919 916 1030 963 quae
1055 916 1144 947 nos
1171 900 1355 946 scimus
1381 899 1580 956 inertes,

297 977 399 1025 Sed
423 978 640 1042 trepidas
666 976 814 1032 acieS‚
842 984 892 1024 et
913 976 1018 1024 fera
1041 984 1206 1024 castra
1230 976 1401 1039 sequi:

1551 980 1615 1023 26

228 1053 430 1117 Proque
455 1055 584 1102 bono
609 1070 753 1101 versu
777 1053 992 1117 primum
1017 1053 1249 1100 deducite
1275 1052 1446 1116 pilum.

296 1130 406 1178 Hoc
432 1131 537 1187 tibi,
565 1131 605 1177 si
631 1130 798 1186 velles,
822 1129 996 1193 possit,
1024 1128 1259 1185 Homere,
1286 1129 1408 1176 dari.

228 1207 257 1254 J
263 1209 460 1272 uppiter
485 1208 765 1255 admonitus
790 1207 910 1253 nihil
936 1223 1046 1254 esse
1072 1206 1323 1270 potentius
1351 1221 1484 1259 auro,

299 1285 560 1349 Corruptae
587 1285 800 1348 pretium
825 1284 1025 1346 virginis
1052 1284 1159 1347 ipse
1179 1283 1286 1330 fuit.
1557 1286 1620 1328 30

234 1362 366 1409 Dum
392 1380 582 1410 merces
608 1364 800 1420 aberat3
841 1363 994 1409 durus
1020 1369 1177 1425 pater,
1203 1362 1311 1424 ipsa
1336 1375 1522 1414 severa,

300 1440 454 1487 AErati
480 1447 664 1503 posteS,
691 1439 849 1487 ferrea
871 1440 1017 1486 turris
1044 1446 1175 1486 erat:

236 1517 337 1564 Sed
363 1523 630 1580 postquam
655 1516 853 1579 sapiens
879 1516 929 1562 in
954 1531 1159 1562 munera
1180 1514 1314 1561 venit
1337 1513 1552 1570 adulter;

301 1593 524 1640 Praebuit
547 1593 655 1658 ipsa
671 1593 815 1640 vsinus
835 1582 936 1654 :fet
959 1593 1077 1639 dare
1097 1593 1240 1655 jussa
1264 1590 1418 1647 dedit.

844 1639 854 1650 e

234 1670 302 1718 At
325 1687 439 1718 cum
464 1687 616 1733 regna
640 1687 793 1718 senex
819 1661 929 1717 coeli
958 1671 1201 1717 Saturnus
1226 1668 1460 1723 haberet3
1558 1668 1620 1712 35

302 1747 466 1794 Omne
489 1748 681 1794 lucrum
704 1747 923 1795 tenebris
948 1748 1048 1794 alta
1072 1745 1332 1810 premebat
1355 1745 1552 1791 humus.

236 1824 453 1888 AEraque
479 1832 529 1872 et
553 1832 827 1887 argentum,
855 1840 1071 1887 cumque
1099 1839 1216 1870 auro
1242 1821 1463 1885 pondera
1487 1819 1599 1866 ferri

305 1900 540 1948 Manibus
566 1902 816 1948 admerat:
856 1901 1093 1963 nullaque
1118 1914 1284 1945 massa
1307 1896 1414 1943 fuit.

286 2067 335 2097 17.
374 2067 441 2101 Qua
470 2069 561 2107 periit
590 2067 728 2107 aliquis]
768 2066 899 2107 Egregie

242 2116 399 2147 Lucianus
414 2122 487 2147 tom.
501 2116 533 2147 ii.
548 2127 620 2158 pag.
632 2118 704 2148 551.
720 2117 753 2147 in
766 2117 900 2157 Dialogo

240 2165 456 2201 Meretricum,
481 2166 642 2197 Leontichi
668 2171 700 2196 et
722 2165 901 2206 Hymnidis,

240 2214 386 2255 exprimit
410 2215 563 2245 horrorem
585 2215 709 2257 puellm,
734 2225 804 2255 quae
830 2224 901 2245 cum

240 2263 478 2303 sanguinolento
493 2263 591 2294 milite
615 2264 822 2294 concumbere
839 2263 899 2293 fas-

243 2311 385 2343 tidiebat.
401 2312 454 2342 ubi
468 2312 558 2354 plura
570 2312 649 2343 hanc
659 2311 800 2353 Elegiam
816 2312 902 2342 illus-

244 2360 358 2391 trantia
373 2360 502 2392 videbis.
547 2362 664 2392 Burni.

287 2409 339 2439 21.
374 2409 495 2443 Quoties
528 2410 668 2440 hominem
695 2410 904 2450 jugulaverit,

244 2458 296 2487 ille
311 2456 456 2498 ludicen]
486 2459 587 2494 Forte,
613 2461 676 2494 iste,
692 2468 746 2499 per
767 2463 903 2488 contem-

245 2512 321 2542 tum,
337 2512 372 2537 ut
395 2517 476 2548 saepe
494 2507 578 2548 apud
596 2508 744 2538 Nostrum
768 2512 798 2536 et
819 2506 904 2537 aJiOS.

247 2555 389 2585 hominem
405 2565 465 2586 non
483 2561 584 2586 muto:
610 2567 682 2587 nam
694 2557 800 2586 hostem
811 2556 905 2597 jugu-

246 2603 309 2634 lare
325 2603 410 2634 laudi
427 2603 513 2635 foret.
535 2604 591 2635 sed
616 2604 761 2645 ambigue
777 2605 906 2645 loquens

248 2651 342 2682 etiam
359 2652 569 2685 innocentium
585 2653 734 2694 sanguine
755 2652 905 2685 foedatum

968 2065 1105 2095 iudicare
1122 2068 1233 2105 potest.
1281 2063 1396 2091 Brun.

1011 2114 1063 2144 27.
1089 2113 1205 2152 Proque
1229 2113 1299 2141 bono
1314 2121 1411 2144 versu,
1435 2110 1562 2148 primum
1579 2109 1629 2138 de«

969 2164 1069 2194 ducite
1095 2160 1220 2200 pilum]
1262 2158 1352 2189 Nihil
1381 2156 1470 2189 vobis
1497 2156 1632 2198 proderit

970 2222 1087 2247 versus,
1100 2215 1131 2241 et
1146 2209 1280 2251 optimos
1294 2206 1432 2250 quidem,
1445 2204 1631 2243 condidisse,

967 2262 1138 2296 deduaisse5
1163 2257 1218 2289 sed
1236 2256 1384 2289 centuria:
1400 2254 1506 2296 primm
1523 2254 1630 2284 cohor-

969 2309 1008 2340 tis
1031 2308 1136 2350 primae
1152 2307 1323 2350 praefuisse,
1339 2311 1371 2335 et
1391 2304 1423 2334 in
1444 2303 1563 2334 hostem
1579 2305 1628 2333 de-

970 2359 1098 2388 duiisse.
1137 2357 1259 2386 Primus
1273 2360 1376 2385 autem
1394 2353 1482 2382 Pizus
1496 2352 1630 2382 vocaba-

972 2413 1021 2438 tur
1036 2407 1103 2437 haec
1119 2405 1276 2443 centuria3
1301 2410 1331 2434 et
1347 2401 1399 2444 qui
1416 2408 1546 2444 praeerat
1560 2402 1631 2430 Pri-

973 2457 1105 2496 mipilus,
1123 2455 1198 2496 quia
1222 2454 1280 2495 ipsi
1302 2453 1453 2494 parebant
1468 2449 1632 2490 sexaginta.

973 2504 1144 2540 Centuriae,
1156 2503 1188 2534 id
1202 2508 1260 2539 est,
1275 2507 1340 2533 tota
1355 2500 1462 2540 Legio.
1496 2499 1632 2528 l’raeerat

973 2554 1099 2596 aquilae,
1115 2559 1150 2584 ut
1169 2552 1260 2583 docet
1275 2552 1386 2592 Veget.
1402 2550 1434 2579 ii.
1451 2550 1482 2579 8.
1528 2548 1628 2577 Pilum

975 2608 1079 2635 autem
1093 2613 1111 2633 a
1124 2603 1275 2642 pereundo
1289 2600 1406 2631 dictum
1423 2597 1466 2629 ait
1480 2597 1577 2627 Varro
1589 2609 1596 2626 ;
1615 2608 1631 2626 ’.ι

977 2654 1109 2692 pellendo
1124 2651 1237 2688 hostes,
1253 2651 1372 2681 Festus.
1418 2647 1535 2677 Aiunt.

1063 2706 1119 2735 Ee
1137 2702 1155 2735 4
