1849 3198
431 480 535 528 CL.
575 480 882 528 RICARDI
924 480 1263 528 BENTLEII

213 666 290 713 IN
328 666 574 715 PUBLII
617 668 851 715 OVIDII
891 668 1205 716 NASONIS
1248 668 1489 716 OPERA

552 854 1148 911 EMENDATIONES‚

149 1037 265 1062 NUNC
290 1037 466 1062 PRIMUM
495 1038 651 1062 EDITAE.
706 1038 944 1063 DEGERPTAE
975 1039 1086 1064 SUNT
1115 1040 1141 1064 E
1172 1039 1373 1064 MARGINE
1405 1039 1550 1063 EXEM·

208 1099 333 1124 PLAR.
361 1100 629 1125 BENTLEIAN.
661 1101 808 1125 EDITT.
841 1102 1016 1126 HEINSII
1046 1102 1103 1126 ET
1129 1102 1390 1127 BURMANNI:
1422 1102 1552 1126 UTRo-

206 1162 290 1192 QUE
314 1163 361 1187 IN
381 1163 522 1188 MUSEO
541 1163 806 1188 BRITTANICO
825 1164 1030 1189 SERVATO.

720 1305 981 1338 *-

558 1444 876 1483 HEROIDUM
907 1446 1085 1484 EPIST.
1116 1446 1147 1482 1.

196 1566 217 1595 2
241 1564 297 1595 Nil
310 1564 388 1594 mihi
402 1564 554 1596 rescribas
571 1571 606 1595 tu
621 1570 737 1602 tamen,

196 1619 216 1647 4
237 1618 332 1660 Troja
341 1619 428 1660 jacet
443 1623 527 1649 certe
543 1620 631 1649 denos
645 1621 754 1650 obsessa
766 1631 821 1659 per
837 1632 929 1651 annos

195 1672 216 1702 6
239 1672 380 1703 Obrutus
397 1672 503 1714 OEgaeis
519 1672 586 1712 (vel
601 1672 746 1712 incanis.)

177 1725 215 1756 13
364 1726 542 1766 glomeratos
556 1725 654 1756 Troas

175 1779 216 1809 15
412 1778 559 1809 narrabat
573 1790 591 1808 a
606 1779 731 1809 vulnere
747 1778 864 1809 vietum
877 1791 884 1816 3

176 1831 216 1862 16
238 1830 428 1862 Antilochus
442 1831 538 1862 nostri
554 1842 645 1862 causa
657 1832 767 1862 doloris
782 1837 864 1862 erat:

174 1886 215 1916 27
239 1886 340 1917 Grata
355 1885 457 1916 ferunt
471 1891 572 1925 nuptae
592 1884 659 1925 [vel
673 1896 782 1925 sponsae
796 1886 870 1916 MS.
883 1885 944 1925 D.]

173 1939 215 1969 28
237 1938 301 1975 Illi,
317 1940 436 1979 quisque
451 1937 526 1974 suis,
531 1938 635 1979 fortia
641 1938 736 1979 facta
752 1943 880 1969 canunt.

175 1993 216 2023 40
496 1992 637 2033 proditus
650 1992 704 2022 ille
721 1999 814 2022 metu.

176 2046 217 2075 47
415 2046 520 2075 Graiis
535 2045 668 2087 disjecta
682 2045 809 2076 lacertis
835 2045 947 2086 [Rem.
962 2044 1032 2084 66.]

177 2100 217 2129 48
371 2109 477 2129 murus
493 2099 550 2138 qud
567 2100 648 2129 stetit
664 2104 750 2134 ante,
772 2098 883 2138 [Trist.
894 2097 938 2128 iii.
957 2099 1006 2128 ll.
1020 2096 1088 2136 23.]

175 2155 217 2184 52
241 2154 351 2184 Accola
366 2153 491 2194 captivo

175 2207 216 2238 65
454 2207 564 2247 Sparte
579 2216 704 2247 quoque
721 2206 828 2236 nescia
843 2206 942 2236 vestri.
970 2204 1081 2244 [Trist.
1095 2202 1139 2233 iii.
1156 2204 1186 2234 3.
1203 2204 1272 2243 26.]

173 2260 215 2291 66
238 2261 327 2297 Quas
342 2260 452 2289 habites
465 2264 575 2295 terras,
592 2265 646 2290 aut
659 2259 712 2290 ubi
728 2259 833 2290 lentus
844 2260 938 2301 agas?

176 2314 218 2344 82
242 2313 347 2354 Cogit,
365 2317 397 2343 et
411 2313 521 2342 invisas
540 2311 621 2352 [xix.
637 2311 728 2351 210.]

177 2367 217 2397 83
413 2371 468 2396 tua
482 2367 547 2401 sim,
562 2370 618 2395 tua
632 2364 722 2395 dicar

173 2420 212 2451 91
497 2418 713 2460 Medontaque
728 2420 824 2453 dium,
843 2417 910 2458 (vel
925 2416 1143 2457 Medontaque
1159 2414 1275 2454 dicam)

158 2473 218 2503 100
242 2473 329 2503 Dum
345 2477 445 2514 parat,
461 2473 578 2513 ignaris
591 2471 745 2508 omnibus,

156 2527 216 2557 103
242 2526 313 2557 Huc
328 2525 447 2556 faciunt

158 2580 218 2610 105
521 2578 575 2619 qui
591 2579 630 2609 sit
644 2578 763 2610 inutilis
779 2581 876 2610 annis.

158 2633 218 2663 107
241 2633 420 2672 Transpone
442 2632 511 2667 107,
534 2632 606 2668 108,
621 2637 653 2662 et
671 2633 742 2668 109,
764 2633 834 2663 110.

159 2687 219 2717 110
241 2687 291 2717 Tu
307 2688 383 2717 citus
398 2688 550 2717 advenias.
599 2686 676 2727 [Ep.
692 2697 721 2716 v.
737 2686 804 2725 57.]

242 2740 298 2779 Spe
313 2738 405 2770 citius
417 2739 536 2770 venias.
555 2738 659 2779 [Fast.
675 2738 732 2778 iv.]
