1849 3198
237 159 277 190 38
641 152 851 185 BENTLEII
875 151 1246 183 EMENDATIONES.

237 246 301 276 204
561 242 684 283 alioque
700 240 757 271 sub
773 239 889 271 aethere
907 238 977 270 fixis

239 300 303 330 278
607 294 754 336 siccaque
769 293 918 335 itafauce
933 293 1041 324 locuta
1056 299 1104 324 est
1120 306 1125 323 :

240 353 304 384 293
566 360 629 380 mea
645 359 699 379 nec
715 355 742 378 te
757 347 860 389 gratia
875 347 997 389 tangit3

239 406 303 438 313
564 414 650 434 saevos
665 403 857 444 compescuit
872 401 999 444 ignibus
1013 401 1115 443 ignes.

242 461 306 491 424
610 463 682 488 sunt
698 467 728 493 ο,
743 464 816 488 sunt
828 458 945 499 gaudia
962 455 1063 487 tanti?

241 515 305 546 436
564 510 620 541 sed
637 522 720 552 quem
736 520 882 553 superare
899 509 1018 552 puella,

239 569 303 599 655
326 566 482 597 Restabat
498 567 586 596 dictis
601 564 740 606 aliquid:
771 564 817 605 [Ι.
835 565 911 595 700.
929 564 988 606 Ep.
1005 562 1046 594 vi.
1064 562 1135 603 37.]

241 623 304 654 780
328 620 389 652 Sed
406 619 491 652 videt
506 621 650 661 ingratis,

242 677 305 708 790
330 676 463 705 Lumina
478 673 666 714 cingebant;

242 731 305 761 802
326 730 416 761 Neve
431 728 506 759 mali
522 738 630 759 caussae
645 726 782 768 spatium

243 786 305 816 855
329 784 455 817 Cornua
471 794 544 813 vara
560 780 697 823 quidem,

713 897 892 935 LIBER
920 895 1185 934 TERTIUS.

262 1001 303 1030 5ss
607 993 758 1025 fidissima
772 1000 904 1034 pectora,
920 992 1040 1029 mortis,

262 1053 305 1084 90
566 1047 743 1090 conjectum
759 1047 792 1078 in
807 1053 939 1089 guttura
955 1046 1069 1078 ferrum

244 1106 306 1137 144
329 1105 464 1146 Jamque
481 1101 549 1133 dies
564 1112 666 1133 rerum
681 1103 795 1132 medius

246 1160 307 1192 152
331 1158 438 1190 Distat
452 1157 535 1188 idem
550 1162 640 1192 meta,

241 1214 317 1250 269,
329 1214 393 1243 270
568 1209 652 1251 quod
667 1209 718 1240 vix
735 1207 811 1238 mihi
827 1207 969 1249 contigit,
984 1219 1046 1239 uuo
1062 1207 1109 1238 De
1124 1207 1210 1243 Jove,
1228 1212 1289 1237 etc.

218 1261 221 1263 ’
245 1269 308 1300 283
333 1268 403 1298 Nec
419 1272 526 1297 tamen
540 1274 609 1296 esse
622 1263 692 1294 Jove·

242 1324 306 1354 345
329 1320 500 1355 Infantem,
521 1318 670 1359 Nymphe‚
690 1316 802 1358 [456.]

242 1377 305 1408 354
566 1377 630 1402 tam
646 1373 725 1402 dura
740 1369 888 1412 superbia
902 1369 1000 1400 forma
1012 1381 1021 1407 3

243 1431 306 1461 362
566 1436 629 1466 quae
646 1436 682 1456 ne
697 1423 890 1466 deprendere
906 1428 1012 1464 posset

243 1486 306 1516 598
567 1481 708 1511 advertor
720 1477 812 1509 litora
826 1476 937 1513 remis;

243 1539 306 1570 669
329 1536 554 1576 Pietarumque
571 1534 697 1564 ululant
717 1531 777 1573 [iv.
793 1531 889 1572 404.]

243 1592 307 1623 716
654 1587 826 1627 thyrsisque
841 1589 1015 1626 sequuntur

332 1642 542 1686 Abjudicetur
558 1651 663 1673 versus
676 1640 751 1671 230.

697 1757 875 1795 LIBER
904 1754 1188 1803 QUARTUS.

266 1860 307 1890 74
567 1862 626 1886 toto
641 1865 692 1885 *nos
706 1863 833 1895 corpore
843 1851 934 1894 jungi
949 1853 960 1881 7.

243 1915 307 1945 260
332 1913 510 1944 Nimborum
523 1911 641 1950 patiens
652 1921 663 1947 ,-
688 1914 720 1939 et
735 1908 791 1938 sub
806 1908 900 1944 Jove,

245 1970 310 2000 280
613 1962 705 1994 modo
720 1961 849 1998 femina,
866 1961 992 2002 Sython.

246 2024 310 2054 285
571 2019 654 2058 qnasi
669 2016 750 2048 male
767 2015 897 2047 fortibus
912 2013 1006 2047 undis

245 2077 305 2107 331
612 2069 821 2112 pendentibus
837 2069 946 2100 arbore
961 2070 1059 2105 malis,

245 2131 308 2161 352
611 2124 763 2166 applauso
777 2130 893 2163 pectore
909 2122 1033 2165 palmis,

245 2183 308 2215 358
334 2182 590 2223 Pugnantemque
606 2183 710 2216 tenet3

245 2238 308 2268 487
612 2230 757 2262 monstris
771 2238 813 2261 est
829 2233 936 2261 territa
951 2231 1078 2272 conjux,

246 2291 309 2322 505
614 2287 709 2327 ¹vergit
725 2285 836 2317 furiale
852 2295 1007 2316 venenum

247 2345 310 2376 518
335 2340 475 2373 Discutit
489 2351 541 2370 ora
557 2339 659 2370 ferox:

246 2398 310 2429 536
333 2396 365 2427 Si
380 2401 484 2426 tamen
500 2394 584 2424 Ionio
602 2393 669 2434 (vel
689 2394 811 2434 Cyprio,
827 2393 877 2424 vel
892 2393 924 2424 in
939 2393 1061 2432 medio.)

245 2451 309 2482 662
569 2452 659 2476 cerato
675 2457 799 2477 carcere
816 2452 946 2486 vent085

249 2505 311 2535 717
336 2502 387 2533 Sic
404 2499 497 2532 celeri
513 2502 615 2531 missus

249 2558 311 2588 724
335 2558 469 2596 Quaque
483 2560 577 2593 patet,

248 2612 312 2642 726
335 2607 462 2641 Desinit
475 2607 507 2638 in
522 2609 653 2647 pristem,

249 2666 307 2697 801
570 2663 734 2692 admonitos
748 2661 911 2693 formidine
928 2666 1041 2693 terreat
1056 2659 1173 2696 hostes,

336 2718 410 2748 Post
426 2727 454 2746 v.
472 2716 534 2746 445
550 2715 638 2757 plura
653 2714 760 2746 deesse
777 2714 930 2747 videntur·
