1849 3198
573 246 916 289 HEROIDES.
960 246 1053 289 ΕΡ.
1086 247 1178 290 ΙΧ.

1484 252 1568 294 117

187 362 385 426 Quique
403 363 529 410 inter
546 362 824 424 laevumque
844 361 988 417 latus,
1010 362 1288 427 laevumque
1306 364 1561 423 lacertum,

252 440 514 503 Praegrave
538 454 824 503 compressa
847 437 988 486 fauce
1013 440 1252 502 pependit
1275 444 1434 490 onus?

187 515 253 564 Et
276 518 403 564 male
428 516 668 563 confisum
692 514 904 578 pedibus
928 513 1186 578 formaque
1208 517 1470 566 bimembri

251 593 460 641 Pulsum
484 593 784 640 Thessalicis
810 607 987 654 agmen
1013 599 1246 655 equestre
1264 595 1433 657 jugis?
1475 598 1567 644 100

186 669 309 717 Haec
334 678 388 718 tu
415 670 618 717 Sidonio
642 677 786 733 potes
810 669 1072 732 insignitus
1097 670 1281 718 amictu

253 748 467 796 Dicere?
503 764 601 795 non
625 748 762 794 cultu
785 747 955 810 lingua
979 753 1171 795 retenta
1194 747 1338 795 silet?

188 825 253 872 Se
279 841 479 888 quoque
506 824 745 889 Nympha
767 824 865 872 tuis
891 824 1079 872 ornavit
1103 824 1329 873 Iardanis
1355 826 1519 882 armis,

252 900 318 948 Et
340 902 453 949 tulit
476 919 503 949 e
528 909 674 966 capto
699 908 816 949 nota
839 908 1027 966 tropaea
1048 902 1167 950 viro.

187 976 208 1024 Ι
236 995 382 1035 nunc,
408 979 526 1027 tolle
552 979 758 1035 animos,
786 985 837 1026 et
853 978 997 1026 fortia
1020 978 1151 1026 facta
1174 994 1376 1027 recense
1397 995 1407 1027 ε

1476 982 1566 1027 105

253 1054 399 1110 Quod
423 1063 476 1104 tu
501 1073 601 1104 non
624 1072 760 1104 esses
781 1057 907 1119 jure,
933 1056 1004 1103 vir
1027 1056 1111 1104 illa
1126 1056 1233 1104 fuit.

185 1212 242 1243 teri
262 1212 482 1254 praestantioris
505 1218 597 1249 notae,
619 1214 735 1243 damnis
762 1214 842 1242 dives

185 1264 221 1293 ab
236 1264 297 1302 ipsa
311 1264 384 1292 suis.
405 1263 514 1304 probe.
558 1261 700 1304 Epistola
714 1261 769 1292 xii.
789 1263 840 1292 18.

234 1311 275 1341 Ut
288 1313 407 1342 cuderet
422 1312 509 1341 cultu
523 1312 622 1341 cultor
637 1311 673 1341 ab
691 1312 748 1350 ipse
762 1322 826 1341 suo.

680 1360 799 1392 Hfflxs.

228 1408 284 1439 97.
311 1409 427 1449 Quique
454 1410 533 1439 inter·
563 1409 722 1449 hecztmque
752 1410 841 1446 latus,

187 1458 347 1497 laevumque
363 1458 536 1498 lacertum]
565 1456 615 1488 Sic
631 1464 720 1488 vetus
734 1457 840 1490 lectio.

187 1506 293 1548 Atque
315 1506 347 1537 in
364 1506 412 1537 his
427 1507 566 1538 versibus
586 1506 691 1537 Antaei
709 1513 741 1537 et
761 1508 840 1538 Her-

186 1555 265 1586 culis
278 1555 364 1586 lucta
388 1556 427 1586 ab
453 1555 566 1586 Ovidio
588 1555 782 1586 describitur.
807 1565 842 1588 ut

185 1605 342 1635 sublatum
357 1604 435 1636 laevo
450 1604 577 1635 brachio
592 1604 738 1635 Antaeum
761 1605 840 1636 Iler-

185 1653 272 1684 cules
297 1653 459 1689 sustineat,
479 1665 517 1684 ne
541 1659 640 1684 mater
663 1652 744 1684 vires
768 1655 840 1684 sub-

186 1701 354 1741 ministret3
378 1702 489 1734 dextra
503 1708 608 1733 autem
623 1712 716 1733 manu
737 1703 842 1734 fauces

186 1751 391 1793 comprimens
406 1762 477 1782 eum
491 1757 593 1782 necet.
616 1750 706 1782 aliter
719 1751 751 1781 id
766 1763 841 1782 com-

184 1811 283 1839 pressa
295 1800 394 1842 fauce
417 1800 537 1831 nullam
563 1800 603 1831 ad
631 1811 696 1830 rem
721 1811 841 1831 accom—

188 1849 306 1880 modari
336 1849 461 1890 poterit.
491 1854 563 1880 sunt
589 1854 695 1880 tamen
722 1849 776 1890 qui
803 1849 842 1880 de

187 1897 337 1928 Nemeaeo
365 1898 454 1928 leone
482 1897 533 1928 hic
563 1898 613 1938 agi
642 1897 782 1934 credant,
806 1908 842 1929 ac

186 1948 379 1987 desti-umque
395 1948 539 1977 lacertum
552 1946 671 1987 legant.
704 1946 842 1978 Navoa-

188 2006 276 2027 Rws.
322 1996 440 2036 Quique
468 1998 548 2027 inter
572 1997 732 2035 laevumque
753 1997 842 2032 latus,

187 2046 347 2085 laevumque
369 2045 515 2075 lacertum
544 2050 648 2086 aperte
677 2044 789 2086 legitur
810 2044 844 2075 in

187 2093 245 2124 lib.
261 2093 362 2129 Statii,
378 2099 409 2124 et
430 2093 463 2124 in
484 2099 614 2135 utroque
630 2093 737 2124 Vatic.
761 2104 843 2125 vere.

189 2143 290 2184 Cogor
311 2148 416 2173 autem
440 2143 498 2173 hoc
522 2142 590 2174 loco
619 2142 779 2173 dissentire
804 2144 843 2173 ab

187 2191 393 2223 eruditissimo
407 2191 552 2232 Egnatio,
568 2191 621 2232 qui
636 2191 674 2222 de
698 2191 746 2222 his
763 2191 843 2234 epis-

189 2240 261 2272 tolis
285 2240 400 2282 optime
424 2239 552 2270 meritus
574 2246 634 2271 est.
664 2240 740 2281 legit
761 2240 843 2271 enim

188 2291 380 2330 dextrumque
394 2290 552 2320 lacertum.
589 2289 756 2330 Ignoscant
769 2289 845 2320 mihi

188 2339 267 2370 tanti
290 2338 421 2370 hominis
443 2348 560 2375 manes,
575 2339 628 2380 qui
650 2338 727 2379 quid
749 2337 844 2374 dicat,

190 2389 301 2420 nescit.
347 2389 461 2426 Quaero
476 2387 558 2419 enim
574 2387 626 2430 qui
650 2387 750 2430 potuit
764 2388 844 2419 Her-

191 2438 278 2470 cules
300 2438 447 2469 Antaeum
468 2438 576 2469 dextro
600 2438 717 2469 lacerto
743 2443 843 2469 sustu-

190 2487 274 2525 lisse,
288 2492 320 2518 et
334 2486 414 2517 inter
428 2486 541 2517 laevum
556 2486 637 2517 latus
652 2497 734 2523 euni,
749 2492 784 2517 ut
798 2492 844 2517 est

189 2537 222 2569 in
241 2537 382 2579 sequenti
397 2536 544 2573 carmine,
559 2535 745 2567 suffocasse?
780 2536 843 2567 Ita-

192 2597 254 2628 que
282 2586 459 2627 legendum,
488 2592 523 2617 ut
548 2585 632 2624 dixi3
655 2586 713 2617 hoc
741 2597 844 2623 sensu,

192 2628 337 2668 Antaeum
374 2636 452 2666 laevo
484 2635 610 2665 brachio
635 2635 790 2666 sublatum
813 2642 844 2667 et

192 2686 271 2717 inter
293 2685 406 2717 laevum
420 2685 502 2716 latus
517 2685 555 2716 ab
570 2684 706 2716 Hercule
721 2691 841 2716 susten-

193 2740 312 2766 tatum:
336 2735 464 2767 dextera
490 2740 593 2766 autem
622 2734 705 2765 illius
738 2734 844 2765 fauces

193 2795 380 2827 compressas
407 2785 512 2816 fuisse.
568 2783 696 2815 Viderat
725 2790 756 2815 et
786 2785 842 2815 hoc

909 1211 1101 1252 Paganinus,
1113 1212 1257 1253 quamvis
1269 1217 1377 1253 postea
1391 1212 1431 1244 de
1443 1218 1567 1243 senten-

908 1259 952 1291 tia
966 1260 1178 1292 demoveatur.
1221 1261 1242 1292 J
1244 1261 1384 1292 uvenalis
1397 1273 1405 1292 :

1203 1310 1373 1341 cervicibus
1387 1317 1483 1352 aequat

953 1358 1096 1391 Herculis
1122 1361 1260 1391 Antaeum
1284 1361 1392 1400 procul
1416 1371 1436 1390 α
1460 1361 1569 1391 tellure

995 1411 1133 1439 tenentis.
1429 1408 1524 1439 Cror.

908 1456 1125 1489 Herculaneus
1151 1457 1231 1489 liber
1254 1457 1350 1488 habet
1374 1460 1568 1497 dearumque

910 1505 990 1536 lutus
1005 1508 1200 1547 dextrumque
1221 1509 1378 1543 lacertum,
1393 1513 1425 1537 et
1443 1506 1486 1537 ita
1500 1506 1567 1537 An-

909 1558 1004 1585 taeum
1014 1565 1138 1597 quoque
1155 1556 1193 1586 ab
1208 1555 1345 1586 Hercule
1361 1565 1569 1597 compressum

908 1603 999 1634 docet
1028 1615 1182 1642 nummus,
1211 1615 1305 1647 quem
1334 1603 1508 1635 Gronovius
1536 1604 1570 1635 in

909 1652 1013 1684 Diatr.
1037 1654 1190 1685 Statiana.
1215 1664 1245 1685 c.
1262 1665 1336 1685 xxv.
1361 1653 1498 1690 exhibet,
1513 1654 1568 1684 ubi

908 1701 1024 1743 pendet
1036 1703 1167 1734 Antaeus
1178 1713 1369 1745 compressus
1382 1701 1492 1733 dextra
1502 1714 1568 1734 ma-

909 1762 951 1782 nu
967 1751 1006 1782 ad
1019 1752 1162 1783 dextrum
1177 1752 1259 1783 latus
1274 1750 1430 1782 Herculis.
1474 1752 1567 1783 Utra-

910 1810 970 1841 que
992 1812 1087 1832 manu
1103 1802 1315 1837 constrictum,
1330 1807 1436 1831 ventre
1452 1802 1569 1843 pectori

909 1850 1054 1881 Herculis
1069 1850 1204 1886 admoto,
1219 1851 1345 1881 exhibet
1359 1850 1399 1880 de
1414 1850 1520 1881 Wilde
1536 1850 1570 1882 in

909 1898 1011 1939 Signis
1026 1910 1100 1941 pag.
1115 1900 1170 1930 37.
1182 1898 1227 1930 ita
1238 1905 1273 1930 ut
1286 1900 1392 1930 Poetae
1403 1905 1434 1930 et
1446 1899 1568 1930 fictores

909 1947 1106 1979 variaverint.
1152 1949 1270 1979 Bonna.

956 1999 1028 2029 103.
1054 1998 1223 2039 liii-danis]
1250 1997 1489 2039 Patronymicffis
1500 1997 1566 2028 dic-

910 2052 976 2078 tum
1003 2047 1111 2089 accipe
1141 2048 1181 2078 ab
1211 2047 1344 2078 Idi-dano
1367 2051 1457 2088 patre
1487 2047 1565 2077 Om-

910 2096 1031 2138 phales.
1075 2096 1204 2127 Mrem..

956 2146 1029 2176 104.
1055 2144 1096 2175 Et
1120 2146 1193 2176 tulit
1216 2155 1231 2175 e
1253 2150 1337 2183 capto
1359 2149 1431 2174 nota
1459 2149 1568 2183 tropaea

909 2194 1001 2234 vim]
1029 2193 1111 2223 Bina
1133 2200 1243 2233 tropaea
1272 2203 1353 2224 unus
1382 2191 1567 2230 Vaticanus,

911 2249 942 2273 et
957 2242 1147 2274 Basileensis
1166 2248 1197 2273 et
1211 2241 1429 2274 Gronovianus
1444 2252 1500 2283 pro
1516 2242 1565 2272 di-

911 2303 999 2323 versa
1014 2292 1148 2323 lectione
1172 2291 1332 2327 exhibent,
1347 2291 1430 2333 quod
1453 2291 1569 2333 placet.

910 2341 1066 2383 quomodo
1090 2347 1121 2372 et
1143 2341 1338 2377 ffifurtanus,
1359 2346 1391 2371 et
1411 2341 1568 2383 Excerpta

911 2390 1028 2422 Vossii.
1073 2390 1218 2422 Alterum
1240 2390 1324 2421 enirn
1348 2395 1499 2431 tropaeum
1526 2390 1566 2421 de

911 2450 1015 2471 amore
1040 2440 1121 2482 ejus,
1134 2440 1267 2471 alterum
1294 2439 1332 2471 de
1356 2438 1464 2481 spoliis
1480 2439 1566 2471 hisce

911 2489 994 2521 tulit.
1019 2489 1120 2530 Epist.
1138 2488 1297 2519 Phaedrae:

956 2537 1090 2569 Thesides
1127 2538 1306 2579 Theseusque
1337 2538 1412 2568 duas
1441 2548 1568 2577 rapuere

1039 2599 1159 2618 sorores.

999 2637 1105 2668 Ponite
1115 2639 1150 2668 de
1162 2644 1263 2668 nostra
1275 2637 1344 2668 bina
1358 2643 1466 2676 tropaea
1473 2638 1566 2667 domo.

1403 2685 1523 2716 mes.

957 2736 1027 2766 105.
1054 2734 1158 2766 Fortia
1179 2734 1302 2776 factm]
1330 2734 1421 2765 Gesta
1451 2735 1564 2766 Putea-

912 2795 996 2820 neus,
1013 2789 1044 2814 et
1060 2784 1112 2815 alii
1129 2784 1280 2826 quinque.
1306 2783 1479 2816 Hmusms.
1514 2784 1565 2814 Sic

996 2838 1053 2868 13
