<?xml version="1.0" encoding="UTF-8"?>
<!DOCTYPE html PUBLIC "-//W3C//DTD XHTML 1.0 Transitional//EN"
    "http://www.w3.org/TR/xhtml1/DTD/xhtml1-transitional.dtd">
<html xmlns="http://www.w3.org/1999/xhtml" xml:lang="en" lang="en">
 <head>
  <title>
</title>
<meta http-equiv="Content-Type" content="text/html;charset=utf-8" />
  <meta name='ocr-system' content='tesseract 3.04.00' />
  <meta name='ocr-capabilities' content='ocr_page ocr_carea ocr_par ocr_line ocrx_word'/>
</head>
<body>
  <div class='ocr_page' id='page_1' title='image "./povidiinasonisop01oviduoft_0300.png"; bbox 0 0 1849 3198; ppageno 0'>
   <div class='ocr_carea' id='block_1_1' title="bbox 191 187 276 229">
    <p class='ocr_par' dir='ltr' id='par_1_1' title="bbox 191 187 276 229">
     <span class='ocr_line' id='line_1_1' title="bbox 191 187 276 229; baseline -0.024 0"><span class='ocrx_word' id='word_1_1' title='bbox 191 187 276 229; x_wconf 79' lang='lat'>216</span> 
     </span>
    </p>
   </div>
   <div class='ocr_carea' id='block_1_2' title="bbox 558 184 1192 226">
    <p class='ocr_par' dir='ltr' id='par_1_2' title="bbox 558 184 1192 226">
     <span class='ocr_line' id='line_1_2' title="bbox 558 184 1192 226; baseline 0.005 -3"><span class='ocrx_word' id='word_1_2' title='bbox 558 220 562 223; x_wconf 73' lang='grc'><strong><em>,</em></strong></span> <span class='ocrx_word' id='word_1_3' title='bbox 579 186 629 226; x_wconf 91' lang='grc' dir='ltr'>Ρ.</span> <span class='ocrx_word' id='word_1_4' title='bbox 664 184 878 226; x_wconf 92' lang='lat' dir='ltr'>OVIDII</span> <span class='ocrx_word' id='word_1_5' title='bbox 910 184 1192 226; x_wconf 88' lang='lat' dir='ltr'><strong>NASONIS</strong></span> 
     </span>
    </p>
   </div>
   <div class='ocr_carea' id='block_1_3' title="bbox 198 301 1580 365">
    <p class='ocr_par' dir='ltr' id='par_1_3' title="bbox 198 301 1580 365">
     <span class='ocr_line' id='line_1_3' title="bbox 198 301 1580 365; baseline -0.001 -14"><span class='ocrx_word' id='word_1_6' title='bbox 198 303 264 352; x_wconf 86' lang='lat' dir='ltr'>Et</span> <span class='ocrx_word' id='word_1_7' title='bbox 287 302 524 350; x_wconf 89' lang='lat' dir='ltr'>comitum</span> <span class='ocrx_word' id='word_1_8' title='bbox 552 302 752 365; x_wconf 87' lang='lat' dir='ltr'>primas,</span> <span class='ocrx_word' id='word_1_9' title='bbox 782 301 1061 365; x_wconf 81' lang='lat' dir='ltr'>Clymenen</span> <span class='ocrx_word' id='word_1_10' title='bbox 1095 301 1436 364; x_wconf 88' lang='lat' dir='ltr'>AEthramque,</span> <span class='ocrx_word' id='word_1_11' title='bbox 1471 309 1580 349; x_wconf 89' lang='lat' dir='ltr'>tua-</span> 
     </span>
    </p>
   </div>
   <div class='ocr_carea' id='block_1_4' title="bbox 261 378 1294 442">
    <p class='ocr_par' dir='ltr' id='par_1_4' title="bbox 261 378 1294 442">
     <span class='ocr_line' id='line_1_4' title="bbox 261 378 1294 442; baseline -0.002 -15"><span class='ocrx_word' id='word_1_12' title='bbox 261 380 427 427; x_wconf 89' lang='lat' dir='ltr'>Ausus</span> <span class='ocrx_word' id='word_1_13' title='bbox 453 396 562 426; x_wconf 88' lang='lat' dir='ltr'>sum</span> <span class='ocrx_word' id='word_1_14' title='bbox 586 379 780 426; x_wconf 81' lang='lat' dir='ltr'>blandis</span> <span class='ocrx_word' id='word_1_15' title='bbox 806 395 962 442; x_wconf 92' lang='lat' dir='ltr'>nuper</span> <span class='ocrx_word' id='word_1_16' title='bbox 987 379 1120 425; x_wconf 85' lang='lat' dir='ltr'>adire</span> <span class='ocrx_word' id='word_1_17' title='bbox 1147 378 1294 425; x_wconf 88' lang='lat' dir='ltr'>sonis.</span> 
     </span>
    </p>
   </div>
   <div class='ocr_carea' id='block_1_5' title="bbox 1451 380 1580 440">
    <p class='ocr_par' dir='ltr' id='par_1_5' title="bbox 1451 380 1580 440">
     <span class='ocr_line' id='line_1_5' title="bbox 1451 380 1580 440; baseline -0.016 -14"><span class='ocrx_word' id='word_1_18' title='bbox 1451 380 1580 440; x_wconf 90' lang='lat' dir='ltr'>[rum</span> 
     </span>
    </p>
   </div>
   <div class='ocr_carea' id='block_1_6' title="bbox 198 455 1466 517">
    <p class='ocr_par' dir='ltr' id='par_1_6' title="bbox 198 455 1466 517">
     <span class='ocr_line' id='line_1_6' title="bbox 198 455 1466 517; baseline -0.002 -13"><span class='ocrx_word' id='word_1_19' title='bbox 198 458 320 512; x_wconf 80' lang='lat' dir='ltr'>Quae</span> <span class='ocrx_word' id='word_1_20' title='bbox 346 457 465 503; x_wconf 89' lang='lat' dir='ltr'>mihi</span> <span class='ocrx_word' id='word_1_21' title='bbox 491 472 588 502; x_wconf 91' lang='lat' dir='ltr'>non</span> <span class='ocrx_word' id='word_1_22' title='bbox 613 456 762 510; x_wconf 87' lang='lat' dir='ltr'>aliud,</span> <span class='ocrx_word' id='word_1_23' title='bbox 791 471 941 517; x_wconf 87' lang='lat' dir='ltr'>quam</span> <span class='ocrx_word' id='word_1_24' title='bbox 966 455 1245 511; x_wconf 86' lang='lat' dir='ltr'>formidare,</span> <span class='ocrx_word' id='word_1_25' title='bbox 1272 456 1466 511; x_wconf 84' lang='lat' dir='ltr'>locutae,</span> 
     </span>
    </p>
   </div>
   <div class='ocr_carea' id='block_1_7' title="bbox 265 533 1183 595">
    <p class='ocr_par' dir='ltr' id='par_1_7' title="bbox 265 533 1183 595">
     <span class='ocr_line' id='line_1_7' title="bbox 265 533 1183 595; baseline -0.002 -15"><span class='ocrx_word' id='word_1_26' title='bbox 265 533 465 581; x_wconf 86' lang='lat' dir='ltr'>Orantis</span> <span class='ocrx_word' id='word_1_27' title='bbox 491 533 679 580; x_wconf 85' lang='lat' dir='ltr'>medias</span> <span class='ocrx_word' id='word_1_28' title='bbox 704 533 967 579; x_wconf 84' lang='lat' dir='ltr'>deseruere</span> <span class='ocrx_word' id='word_1_29' title='bbox 993 548 1183 595; x_wconf 80' lang='lat' dir='ltr'>preces.</span> 
     </span>
    </p>
   </div>
   <div class='ocr_carea' id='block_1_8' title="bbox 1485 536 1583 580">
    <p class='ocr_par' dir='ltr' id='par_1_8' title="bbox 1485 536 1583 580">
     <span class='ocr_line' id='line_1_8' title="bbox 1485 536 1583 580; baseline 0.02 -2"><span class='ocrx_word' id='word_1_30' title='bbox 1485 536 1583 580; x_wconf 82' lang='lat'>260</span> 
     </span>
    </p>
   </div>
   <div class='ocr_carea' id='block_1_9' title="bbox 198 609 1558 907">
    <p class='ocr_par' dir='ltr' id='par_1_9' title="bbox 198 609 1454 752">
     <span class='ocr_line' id='line_1_9' title="bbox 198 609 1454 674; baseline -0.003 -15"><span class='ocrx_word' id='word_1_31' title='bbox 198 612 264 658; x_wconf 71' lang='lat' dir='ltr'>Di</span> <span class='ocrx_word' id='word_1_32' title='bbox 289 612 523 667; x_wconf 89' lang='lat' dir='ltr'>facerent,</span> <span class='ocrx_word' id='word_1_33' title='bbox 550 611 716 673; x_wconf 82' lang='lat' dir='ltr'>magni</span> <span class='ocrx_word' id='word_1_34' title='bbox 742 610 955 674; x_wconf 83' lang='lat' dir='ltr'>pretium</span> <span class='ocrx_word' id='word_1_35' title='bbox 981 609 1263 655; x_wconf 74' lang='lat' dir='ltr'>certaminis</span> <span class='ocrx_word' id='word_1_36' title='bbox 1289 625 1454 665; x_wconf 89' lang='lat' dir='ltr'>esses;</span> 
     </span>
     <span class='ocr_line' id='line_1_10' title="bbox 263 687 1279 752; baseline -0.002 -17"><span class='ocrx_word' id='word_1_37' title='bbox 263 689 436 752; x_wconf 89' lang='lat' dir='ltr'>Teque</span> <span class='ocrx_word' id='word_1_38' title='bbox 462 706 550 736; x_wconf 90' lang='lat' dir='ltr'>suo</span> <span class='ocrx_word' id='word_1_39' title='bbox 573 689 728 736; x_wconf 88' lang='lat' dir='ltr'>victor</span> <span class='ocrx_word' id='word_1_40' title='bbox 752 695 923 751; x_wconf 88' lang='lat' dir='ltr'>posset</span> <span class='ocrx_word' id='word_1_41' title='bbox 948 687 1130 734; x_wconf 90' lang='lat' dir='ltr'>habere</span> <span class='ocrx_word' id='word_1_42' title='bbox 1156 693 1279 733; x_wconf 89' lang='lat' dir='ltr'>toro.</span> 
     </span>
    </p>

    <p class='ocr_par' dir='ltr' id='par_1_10' title="bbox 199 765 1558 907">
     <span class='ocr_line' id='line_1_11' title="bbox 199 765 1558 830; baseline -0.002 -17"><span class='ocrx_word' id='word_1_43' title='bbox 199 767 270 814; x_wconf 92' lang='lat' dir='ltr'>Ut</span> <span class='ocrx_word' id='word_1_44' title='bbox 292 767 405 813; x_wconf 91' lang='lat' dir='ltr'>tulit</span> <span class='ocrx_word' id='word_1_45' title='bbox 429 765 772 830; x_wconf 80' lang='lat' dir='ltr'>Hippomenes</span> <span class='ocrx_word' id='word_1_46' title='bbox 802 765 1115 820; x_wconf 77' lang='lat' dir='ltr'>Schoeneida,</span> <span class='ocrx_word' id='word_1_47' title='bbox 1142 765 1345 828; x_wconf 78' lang='lat' dir='ltr'>praemia</span> <span class='ocrx_word' id='word_1_48' title='bbox 1369 780 1558 819; x_wconf 48' lang='lat' dir='ltr'>cursus</span> 
     </span>
     <span class='ocr_line' id='line_1_12' title="bbox 263 842 1389 907; baseline -0.004 -15"><span class='ocrx_word' id='word_1_49' title='bbox 263 845 413 892; x_wconf 87' lang='lat' dir='ltr'>Venit</span> <span class='ocrx_word' id='word_1_50' title='bbox 436 852 490 891; x_wconf 90' lang='lat' dir='ltr'>ut</span> <span class='ocrx_word' id='word_1_51' title='bbox 514 845 563 891; x_wconf 91' lang='lat' dir='ltr'>in</span> <span class='ocrx_word' id='word_1_52' title='bbox 589 844 836 907; x_wconf 80' lang='lat' dir='ltr'>Phrygios</span> <span class='ocrx_word' id='word_1_53' title='bbox 863 842 1202 906; x_wconf 79' lang='lat' dir='ltr'>Hippodamia</span> <span class='ocrx_word' id='word_1_54' title='bbox 1226 842 1389 898; x_wconf 80' lang='lat' dir='ltr'>sinus3</span> 
     </span>
    </p>
   </div>
   <div class='ocr_carea' id='block_1_10' title="bbox 200 919 1313 980">
    <p class='ocr_par' dir='ltr' id='par_1_11' title="bbox 200 919 1313 980">
     <span class='ocr_line' id='line_1_13' title="bbox 200 919 1313 980; baseline -0.004 -11"><span class='ocrx_word' id='word_1_55' title='bbox 200 923 271 970; x_wconf 94' lang='lat' dir='ltr'>Ut</span> <span class='ocrx_word' id='word_1_56' title='bbox 295 923 425 971; x_wconf 87' lang='lat' dir='ltr'>ferus</span> <span class='ocrx_word' id='word_1_57' title='bbox 451 922 653 969; x_wconf 86' lang='lat' dir='ltr'>Alcides</span> <span class='ocrx_word' id='word_1_58' title='bbox 678 920 920 967; x_wconf 80' lang='lat' dir='ltr'>Acheloia</span> <span class='ocrx_word' id='word_1_59' title='bbox 944 935 1129 966; x_wconf 88' lang='lat' dir='ltr'>cornua</span> <span class='ocrx_word' id='word_1_60' title='bbox 1153 919 1313 980; x_wconf 81' lang='lat' dir='ltr'>fregit,</span> 
     </span>
    </p>
   </div>
   <div class='ocr_carea' id='block_1_11' title="bbox 1485 919 1581 964">
    <p class='ocr_par' dir='ltr' id='par_1_12' title="bbox 1485 919 1581 964">
     <span class='ocr_line' id='line_1_14' title="bbox 1485 919 1581 964; baseline 0 -1"><span class='ocrx_word' id='word_1_61' title='bbox 1485 919 1581 964; x_wconf 79' lang='lat'>265</span> 
     </span>
    </p>
   </div>
   <div class='ocr_carea' id='block_1_12' title="bbox 199 997 1580 1294">
    <p class='ocr_par' dir='ltr' id='par_1_13' title="bbox 199 997 1580 1294">
     <span class='ocr_line' id='line_1_15' title="bbox 267 997 1299 1064; baseline -0.004 -17"><span class='ocrx_word' id='word_1_62' title='bbox 267 1000 400 1046; x_wconf 88' lang='lat' dir='ltr'>Dum</span> <span class='ocrx_word' id='word_1_63' title='bbox 425 1001 550 1064; x_wconf 91' lang='lat' dir='ltr'>petit</span> <span class='ocrx_word' id='word_1_64' title='bbox 574 999 850 1062; x_wconf 85' lang='lat' dir='ltr'>amplexus,</span> <span class='ocrx_word' id='word_1_65' title='bbox 880 997 1130 1052; x_wconf 83' lang='lat' dir='ltr'>Deianira,</span> <span class='ocrx_word' id='word_1_66' title='bbox 1158 1004 1299 1050; x_wconf 83' lang='lat' dir='ltr'>tuos;</span> 
     </span>
     <span class='ocr_line' id='line_1_16' title="bbox 199 1074 1361 1140; baseline -0.003 -17"><span class='ocrx_word' id='word_1_67' title='bbox 199 1077 384 1124; x_wconf 88' lang='lat' dir='ltr'>Nostra</span> <span class='ocrx_word' id='word_1_68' title='bbox 407 1093 496 1140; x_wconf 90' lang='lat' dir='ltr'>per</span> <span class='ocrx_word' id='word_1_69' title='bbox 519 1078 607 1124; x_wconf 84' lang='lat' dir='ltr'>has</span> <span class='ocrx_word' id='word_1_70' title='bbox 632 1077 768 1138; x_wconf 81' lang='lat' dir='ltr'>leges</span> <span class='ocrx_word' id='word_1_71' title='bbox 795 1075 1004 1121; x_wconf 86' lang='lat' dir='ltr'>audacia</span> <span class='ocrx_word' id='word_1_72' title='bbox 1027 1074 1196 1121; x_wconf 83' lang='lat' dir='ltr'>fortior</span> <span class='ocrx_word' id='word_1_73' title='bbox 1220 1074 1361 1120; x_wconf 87' lang='lat' dir='ltr'>isset:</span> 
     </span>
     <span class='ocr_line' id='line_1_17' title="bbox 265 1151 1249 1217; baseline -0.004 -16"><span class='ocrx_word' id='word_1_74' title='bbox 265 1154 437 1217; x_wconf 90' lang='lat' dir='ltr'>Teque</span> <span class='ocrx_word' id='word_1_75' title='bbox 463 1154 560 1200; x_wconf 91' lang='lat' dir='ltr'>mei</span> <span class='ocrx_word' id='word_1_76' title='bbox 586 1153 737 1199; x_wconf 87' lang='lat' dir='ltr'>scires</span> <span class='ocrx_word' id='word_1_77' title='bbox 764 1168 874 1198; x_wconf 84' lang='lat' dir='ltr'>esse</span> <span class='ocrx_word' id='word_1_78' title='bbox 900 1151 1082 1198; x_wconf 85' lang='lat' dir='ltr'>laboris</span> <span class='ocrx_word' id='word_1_79' title='bbox 1109 1168 1249 1214; x_wconf 84' lang='lat' dir='ltr'>opus.</span> 
     </span>
     <span class='ocr_line' id='line_1_18' title="bbox 202 1226 1580 1294; baseline -0.005 -16"><span class='ocrx_word' id='word_1_80' title='bbox 202 1232 349 1278; x_wconf 90' lang='lat' dir='ltr'>Nunc</span> <span class='ocrx_word' id='word_1_81' title='bbox 374 1232 491 1278; x_wconf 86' lang='lat' dir='ltr'>inihi</span> <span class='ocrx_word' id='word_1_82' title='bbox 520 1232 587 1278; x_wconf 91' lang='lat' dir='ltr'>nil</span> <span class='ocrx_word' id='word_1_83' title='bbox 613 1237 856 1294; x_wconf 77' lang='lat' dir='ltr'>superest,</span> <span class='ocrx_word' id='word_1_84' title='bbox 884 1229 985 1275; x_wconf 39' lang='lat' dir='ltr'>nisi*</span> <span class='ocrx_word' id='word_1_85' title='bbox 1010 1236 1074 1284; x_wconf 88' lang='lat' dir='ltr'>te,</span> <span class='ocrx_word' id='word_1_86' title='bbox 1102 1228 1330 1284; x_wconf 85' lang='lat' dir='ltr'>formosa,</span> <span class='ocrx_word' id='word_1_87' title='bbox 1358 1226 1548 1290; x_wconf 85' lang='lat' dir='ltr'>precari</span> <span class='ocrx_word' id='word_1_88' title='bbox 1570 1244 1580 1282; x_wconf 93' lang='lat'>;</span> 
     </span>
    </p>
   </div>
   <div class='ocr_carea' id='block_1_13' title="bbox 266 1307 1271 1373">
    <p class='ocr_par' dir='ltr' id='par_1_14' title="bbox 266 1307 1271 1373">
     <span class='ocr_line' id='line_1_19' title="bbox 266 1307 1271 1373; baseline -0.003 -17"><span class='ocrx_word' id='word_1_89' title='bbox 266 1309 619 1373; x_wconf 83' lang='lat' dir='ltr'>Amplectique</span> <span class='ocrx_word' id='word_1_90' title='bbox 644 1315 772 1363; x_wconf 87' lang='lat' dir='ltr'>tuos,</span> <span class='ocrx_word' id='word_1_91' title='bbox 801 1307 838 1353; x_wconf 89' lang='lat' dir='ltr'>si</span> <span class='ocrx_word' id='word_1_92' title='bbox 867 1307 1071 1370; x_wconf 87' lang='lat' dir='ltr'>patiare,</span> <span class='ocrx_word' id='word_1_93' title='bbox 1100 1307 1271 1370; x_wconf 76' lang='lat' dir='ltr'>pedes,</span> 
     </span>
    </p>
   </div>
   <div class='ocr_carea' id='block_1_14' title="bbox 1487 1307 1585 1351">
    <p class='ocr_par' dir='ltr' id='par_1_15' title="bbox 1487 1307 1585 1351">
     <span class='ocr_line' id='line_1_20' title="bbox 1487 1307 1585 1351; baseline 0 -1"><span class='ocrx_word' id='word_1_94' title='bbox 1487 1307 1585 1351; x_wconf 85' lang='lat'>270</span> 
     </span>
    </p>
   </div>
   <div class='ocr_carea' id='block_1_15' title="bbox 199 1383 1514 1681">
    <p class='ocr_par' dir='ltr' id='par_1_16' title="bbox 203 1383 1514 1526">
     <span class='ocr_line' id='line_1_21' title="bbox 203 1383 1514 1449; baseline -0.003 -17"><span class='ocrx_word' id='word_1_95' title='bbox 203 1386 245 1432; x_wconf 92' lang='lat' dir='ltr'>O</span> <span class='ocrx_word' id='word_1_96' title='bbox 274 1387 444 1442; x_wconf 83' lang='lat' dir='ltr'>decus,</span> <span class='ocrx_word' id='word_1_97' title='bbox 472 1386 501 1432; x_wconf 80' lang='grc' dir='ltr'><em>ὃ</em></span> <span class='ocrx_word' id='word_1_98' title='bbox 526 1401 745 1449; x_wconf 82' lang='lat' dir='ltr'>praesens</span> <span class='ocrx_word' id='word_1_99' title='bbox 772 1385 1079 1447; x_wconf 84' lang='lat' dir='ltr'>geminorum</span> <span class='ocrx_word' id='word_1_100' title='bbox 1105 1385 1260 1447; x_wconf 81' lang='lat' dir='ltr'>gloria</span> <span class='ocrx_word' id='word_1_101' title='bbox 1283 1383 1514 1440; x_wconf 75' lang='lat' dir='ltr'>fratrnm3</span> 
     </span>
     <span class='ocr_line' id='line_1_22' title="bbox 270 1462 1327 1526; baseline -0.004 -15"><span class='ocrx_word' id='word_1_102' title='bbox 270 1464 312 1510; x_wconf 89' lang='lat' dir='ltr'>O</span> <span class='ocrx_word' id='word_1_103' title='bbox 340 1463 464 1511; x_wconf 85' lang='lat' dir='ltr'>Jove</span> <span class='ocrx_word' id='word_1_104' title='bbox 489 1464 641 1526; x_wconf 82' lang='lat' dir='ltr'>digna</span> <span class='ocrx_word' id='word_1_105' title='bbox 664 1463 782 1518; x_wconf 88' lang='lat' dir='ltr'>viro,</span> <span class='ocrx_word' id='word_1_106' title='bbox 811 1463 859 1509; x_wconf 90' lang='lat' dir='ltr'>ni</span> <span class='ocrx_word' id='word_1_107' title='bbox 884 1462 1007 1510; x_wconf 88' lang='lat' dir='ltr'>Jove</span> <span class='ocrx_word' id='word_1_108' title='bbox 1034 1469 1149 1510; x_wconf 88' lang='lat' dir='ltr'>nata</span> <span class='ocrx_word' id='word_1_109' title='bbox 1172 1462 1327 1509; x_wconf 80' lang='lat' dir='ltr'>fores!</span> 
     </span>
    </p>

    <p class='ocr_par' dir='ltr' id='par_1_17' title="bbox 199 1541 1404 1681">
     <span class='ocr_line' id='line_1_23' title="bbox 199 1541 1404 1604; baseline -0.004 -15"><span class='ocrx_word' id='word_1_110' title='bbox 199 1542 302 1589; x_wconf 92' lang='lat' dir='ltr'>Aut</span> <span class='ocrx_word' id='word_1_111' title='bbox 326 1558 418 1604; x_wconf 81' lang='lat' dir='ltr'>ego</span> <span class='ocrx_word' id='word_1_112' title='bbox 447 1541 619 1604; x_wconf 71' lang='lat' dir='ltr'>Sigeos</span> <span class='ocrx_word' id='word_1_113' title='bbox 645 1547 867 1604; x_wconf 88' lang='lat' dir='ltr'>repetam</span> <span class='ocrx_word' id='word_1_114' title='bbox 891 1548 941 1587; x_wconf 87' lang='lat' dir='ltr'>te</span> <span class='ocrx_word' id='word_1_115' title='bbox 967 1542 1178 1603; x_wconf 81' lang='lat' dir='ltr'>conjuge</span> <span class='ocrx_word' id='word_1_116' title='bbox 1204 1546 1404 1603; x_wconf 86' lang='lat' dir='ltr'>portus:</span> 
     </span>
     <span class='ocr_line' id='line_1_24' title="bbox 267 1617 1356 1681; baseline -0.005 -15"><span class='ocrx_word' id='word_1_117' title='bbox 267 1619 369 1666; x_wconf 87' lang='lat' dir='ltr'>Aut</span> <span class='ocrx_word' id='word_1_118' title='bbox 393 1636 485 1681; x_wconf 84' lang='lat' dir='ltr'>ego</span> <span class='ocrx_word' id='word_1_119' title='bbox 511 1619 737 1666; x_wconf 81' lang='lat' dir='ltr'>Taenaria</span> <span class='ocrx_word' id='word_1_120' title='bbox 761 1625 996 1680; x_wconf 77' lang='lat' dir='ltr'>contegar</span> <span class='ocrx_word' id='word_1_121' title='bbox 1021 1618 1164 1665; x_wconf 84' lang='lat' dir='ltr'>exsul</span> <span class='ocrx_word' id='word_1_122' title='bbox 1189 1617 1356 1662; x_wconf 88' lang='lat' dir='ltr'>humo.</span> 
     </span>
    </p>
   </div>
   <div class='ocr_carea' id='block_1_16' title="bbox 196 1754 864 2781">
    <p class='ocr_par' dir='ltr' id='par_1_18' title="bbox 196 1754 862 2278">
     <span class='ocr_line' id='line_1_25' title="bbox 241 1754 857 1794; baseline -0.002 -10"><span class='ocrx_word' id='word_1_123' title='bbox 241 1754 315 1784; x_wconf 82' lang='lat'>257.</span> <span class='ocrx_word' id='word_1_124' title='bbox 342 1754 504 1794; x_wconf 74' lang='lat' dir='ltr'>Clymenen</span> <span class='ocrx_word' id='word_1_125' title='bbox 529 1754 755 1794; x_wconf 76' lang='lat' dir='ltr'>AEthramque.]</span> <span class='ocrx_word' id='word_1_126' title='bbox 788 1754 857 1784; x_wconf 87' lang='lat' dir='ltr'>Me-</span> 
     </span>
     <span class='ocr_line' id='line_1_26' title="bbox 199 1802 859 1844; baseline -0.002 -11"><span class='ocrx_word' id='word_1_127' title='bbox 199 1802 283 1834; x_wconf 85' lang='lat' dir='ltr'>nelai</span> <span class='ocrx_word' id='word_1_128' title='bbox 321 1804 427 1834; x_wconf 82' lang='lat' dir='ltr'>affines</span> <span class='ocrx_word' id='word_1_129' title='bbox 455 1802 549 1834; x_wconf 86' lang='lat' dir='ltr'>fuisse</span> <span class='ocrx_word' id='word_1_130' title='bbox 579 1808 710 1834; x_wconf 81' lang='lat' dir='ltr'>testatur</span> <span class='ocrx_word' id='word_1_131' title='bbox 746 1803 859 1844; x_wconf 77' lang='lat' dir='ltr'>Dictys</span> 
     </span>
     <span class='ocr_line' id='line_1_27' title="bbox 198 1852 859 1894; baseline -0.003 -10"><span class='ocrx_word' id='word_1_132' title='bbox 198 1853 366 1889; x_wconf 81' lang='lat' dir='ltr'>Cretensis,</span> <span class='ocrx_word' id='word_1_133' title='bbox 382 1864 507 1894; x_wconf 82' lang='lat' dir='ltr'>unaque</span> <span class='ocrx_word' id='word_1_134' title='bbox 524 1863 542 1883; x_wconf 84' lang='lat' dir='ltr'>a</span> <span class='ocrx_word' id='word_1_135' title='bbox 561 1852 674 1883; x_wconf 88' lang='lat' dir='ltr'>Paride</span> <span class='ocrx_word' id='word_1_136' title='bbox 697 1863 769 1883; x_wconf 88' lang='lat' dir='ltr'>cum</span> <span class='ocrx_word' id='word_1_137' title='bbox 794 1853 859 1883; x_wconf 89' lang='lat' dir='ltr'>He-</span> 
     </span>
     <span class='ocr_line' id='line_1_28' title="bbox 196 1902 860 1943; baseline -0.003 -10"><span class='ocrx_word' id='word_1_138' title='bbox 196 1903 270 1933; x_wconf 83' lang='lat' dir='ltr'>lena</span> <span class='ocrx_word' id='word_1_139' title='bbox 299 1908 435 1938; x_wconf 77' lang='lat' dir='ltr'>avectas,</span> <span class='ocrx_word' id='word_1_140' title='bbox 463 1909 494 1932; x_wconf 88' lang='lat' dir='ltr'>et</span> <span class='ocrx_word' id='word_1_141' title='bbox 518 1907 588 1943; x_wconf 90' lang='lat' dir='ltr'>post</span> <span class='ocrx_word' id='word_1_142' title='bbox 615 1907 741 1943; x_wconf 84' lang='lat' dir='ltr'>captum</span> <span class='ocrx_word' id='word_1_143' title='bbox 767 1902 860 1932; x_wconf 89' lang='lat' dir='ltr'>Ilium</span> 
     </span>
     <span class='ocr_line' id='line_1_29' title="bbox 198 1951 861 1993; baseline -0.002 -11"><span class='ocrx_word' id='word_1_144' title='bbox 198 1958 278 1983; x_wconf 85' lang='lat' dir='ltr'>sorte</span> <span class='ocrx_word' id='word_1_145' title='bbox 293 1952 389 1982; x_wconf 80' lang='lat' dir='ltr'>ducta</span> <span class='ocrx_word' id='word_1_146' title='bbox 412 1951 642 1993; x_wconf 86' lang='lat' dir='ltr'>Demophoonti</span> <span class='ocrx_word' id='word_1_147' title='bbox 667 1957 760 1992; x_wconf 84' lang='lat' dir='ltr'>atque</span> <span class='ocrx_word' id='word_1_148' title='bbox 778 1951 861 1982; x_wconf 86' lang='lat' dir='ltr'>Aca-</span> 
     </span>
     <span class='ocr_line' id='line_1_30' title="bbox 199 2000 860 2042; baseline -0.002 -11"><span class='ocrx_word' id='word_1_149' title='bbox 199 2001 298 2032; x_wconf 80' lang='lat' dir='ltr'>manti</span> <span class='ocrx_word' id='word_1_150' title='bbox 312 2001 456 2031; x_wconf 85' lang='lat' dir='ltr'>Thesidis</span> <span class='ocrx_word' id='word_1_151' title='bbox 467 2000 615 2041; x_wconf 80' lang='lat' dir='ltr'>obtigisse</span> <span class='ocrx_word' id='word_1_152' title='bbox 627 2001 789 2042; x_wconf 80' lang='lat' dir='ltr'>praemium</span> <span class='ocrx_word' id='word_1_153' title='bbox 803 2001 860 2031; x_wconf 89' lang='lat' dir='ltr'>mi-</span> 
     </span>
     <span class='ocr_line' id='line_1_31' title="bbox 197 2049 862 2085; baseline 0 -5"><span class='ocrx_word' id='word_1_154' title='bbox 197 2049 272 2080; x_wconf 79' lang='lat' dir='ltr'>litiae</span> <span class='ocrx_word' id='word_1_155' title='bbox 288 2050 454 2085; x_wconf 80' lang='lat' dir='ltr'>diuturnae,</span> <span class='ocrx_word' id='word_1_156' title='bbox 471 2049 525 2080; x_wconf 87' lang='lat' dir='ltr'>sed</span> <span class='ocrx_word' id='word_1_157' title='bbox 541 2049 708 2080; x_wconf 86' lang='lat' dir='ltr'>Mnestheo</span> <span class='ocrx_word' id='word_1_158' title='bbox 720 2049 862 2080; x_wconf 80' lang='lat' dir='ltr'>Athenas</span> 
     </span>
     <span class='ocr_line' id='line_1_32' title="bbox 200 2098 861 2134; baseline -0.002 -5"><span class='ocrx_word' id='word_1_159' title='bbox 200 2099 351 2130; x_wconf 84' lang='lat' dir='ltr'>remeanti</span> <span class='ocrx_word' id='word_1_160' title='bbox 363 2099 491 2129; x_wconf 85' lang='lat' dir='ltr'>cessisse</span> <span class='ocrx_word' id='word_1_161' title='bbox 503 2104 619 2134; x_wconf 86' lang='lat' dir='ltr'>tamen,</span> <span class='ocrx_word' id='word_1_162' title='bbox 632 2098 775 2129; x_wconf 84' lang='lat' dir='ltr'>Thesidis</span> <span class='ocrx_word' id='word_1_163' title='bbox 787 2098 861 2129; x_wconf 86' lang='lat' dir='ltr'>inde</span> 
     </span>
     <span class='ocr_line' id='line_1_33' title="bbox 200 2147 861 2189; baseline -0.003 -10"><span class='ocrx_word' id='word_1_164' title='bbox 200 2148 335 2179; x_wconf 83' lang='lat' dir='ltr'>exclusis</span> <span class='ocrx_word' id='word_1_165' title='bbox 354 2154 447 2188; x_wconf 82' lang='lat' dir='ltr'>atque</span> <span class='ocrx_word' id='word_1_166' title='bbox 469 2147 596 2178; x_wconf 80' lang='lat' dir='ltr'>exulare</span> <span class='ocrx_word' id='word_1_167' title='bbox 617 2147 725 2189; x_wconf 80' lang='lat' dir='ltr'>jussis.</span> <span class='ocrx_word' id='word_1_168' title='bbox 773 2147 861 2178; x_wconf 86' lang='lat' dir='ltr'>Idem</span> 
     </span>
     <span class='ocr_line' id='line_1_34' title="bbox 199 2196 861 2239; baseline -0.002 -10"><span class='ocrx_word' id='word_1_169' title='bbox 199 2198 314 2239; x_wconf 86' lang='lat' dir='ltr'>Dictys</span> <span class='ocrx_word' id='word_1_170' title='bbox 329 2197 415 2227; x_wconf 88' lang='lat' dir='ltr'>initio</span> <span class='ocrx_word' id='word_1_171' title='bbox 431 2197 501 2227; x_wconf 89' lang='lat' dir='ltr'>libri</span> <span class='ocrx_word' id='word_1_172' title='bbox 519 2196 561 2227; x_wconf 91' lang='lat' dir='ltr'>vi.</span> <span class='ocrx_word' id='word_1_173' title='bbox 602 2197 789 2238; x_wconf 80' lang='lat' dir='ltr'>Clymenem</span> <span class='ocrx_word' id='word_1_174' title='bbox 805 2198 861 2228; x_wconf 50' lang='lat' dir='ltr'>AB*</span> 
     </span>
     <span class='ocr_line' id='line_1_35' title="bbox 200 2245 795 2278; baseline -0.003 -1"><span class='ocrx_word' id='word_1_175' title='bbox 200 2247 276 2278; x_wconf 86' lang='lat' dir='ltr'>thrae</span> <span class='ocrx_word' id='word_1_176' title='bbox 293 2246 389 2276; x_wconf 81' lang='lat' dir='ltr'>filiam</span> <span class='ocrx_word' id='word_1_177' title='bbox 405 2246 498 2276; x_wconf 83' lang='lat' dir='ltr'>fuisse</span> <span class='ocrx_word' id='word_1_178' title='bbox 516 2245 630 2276; x_wconf 89' lang='lat' dir='ltr'>innuit.</span> <span class='ocrx_word' id='word_1_179' title='bbox 678 2246 795 2276; x_wconf 56' lang='lat' dir='ltr'>mes.</span> 
     </span>
    </p>

    <p class='ocr_par' dir='ltr' id='par_1_19' title="bbox 197 2294 864 2683">
     <span class='ocr_line' id='line_1_36' title="bbox 243 2294 859 2336; baseline -0.003 -9"><span class='ocrx_word' id='word_1_180' title='bbox 243 2297 318 2327; x_wconf 81' lang='lat'>263.</span> <span class='ocrx_word' id='word_1_181' title='bbox 344 2295 567 2335; x_wconf 48' lang='lat' dir='ltr'>Hippomenes]</span> <span class='ocrx_word' id='word_1_182' title='bbox 596 2294 754 2325; x_wconf 82' lang='lat' dir='ltr'>Onchesto</span> <span class='ocrx_word' id='word_1_183' title='bbox 774 2296 859 2336; x_wconf 88' lang='lat' dir='ltr'>Nep-</span> 
     </span>
     <span class='ocr_line' id='line_1_37' title="bbox 199 2344 861 2385; baseline -0.006 -8"><span class='ocrx_word' id='word_1_184' title='bbox 199 2346 267 2378; x_wconf 82' lang='lat' dir='ltr'>tuni</span> <span class='ocrx_word' id='word_1_185' title='bbox 288 2345 350 2376; x_wconf 82' lang='lat' dir='ltr'>filio</span> <span class='ocrx_word' id='word_1_186' title='bbox 375 2350 466 2375; x_wconf 81' lang='lat' dir='ltr'>natus</span> <span class='ocrx_word' id='word_1_187' title='bbox 489 2350 535 2374; x_wconf 88' lang='lat' dir='ltr'>est</span> <span class='ocrx_word' id='word_1_188' title='bbox 558 2344 739 2384; x_wconf 78' lang='lat' dir='ltr'>Megareus,</span> <span class='ocrx_word' id='word_1_189' title='bbox 756 2344 809 2385; x_wconf 90' lang='lat' dir='ltr'>qui</span> <span class='ocrx_word' id='word_1_190' title='bbox 826 2345 861 2373; x_wconf 87' lang='lat' dir='ltr'>fi-</span> 
     </span>
     <span class='ocr_line' id='line_1_38' title="bbox 197 2393 859 2435; baseline -0.003 -9"><span class='ocrx_word' id='word_1_191' title='bbox 197 2396 275 2427; x_wconf 87' lang='lat' dir='ltr'>lium</span> <span class='ocrx_word' id='word_1_192' title='bbox 298 2394 408 2425; x_wconf 83' lang='lat' dir='ltr'>habuit</span> <span class='ocrx_word' id='word_1_193' title='bbox 431 2393 673 2435; x_wconf 85' lang='lat' dir='ltr'>Hippomenem.</span> <span class='ocrx_word' id='word_1_194' title='bbox 727 2394 758 2423; x_wconf 88' lang='lat' dir='ltr'>Is</span> <span class='ocrx_word' id='word_1_195' title='bbox 781 2393 859 2424; x_wconf 79' lang='lat' dir='ltr'>Ata-</span> 
     </span>
     <span class='ocr_line' id='line_1_39' title="bbox 199 2443 861 2484; baseline -0.003 -8"><span class='ocrx_word' id='word_1_196' title='bbox 199 2446 319 2476; x_wconf 84' lang='lat' dir='ltr'>lantam</span> <span class='ocrx_word' id='word_1_197' title='bbox 332 2443 478 2474; x_wconf 85' lang='lat' dir='ltr'>Schoenei</span> <span class='ocrx_word' id='word_1_198' title='bbox 491 2443 585 2472; x_wconf 85' lang='lat' dir='ltr'>filiam</span> <span class='ocrx_word' id='word_1_199' title='bbox 597 2453 689 2473; x_wconf 89' lang='lat' dir='ltr'>cursu</span> <span class='ocrx_word' id='word_1_200' title='bbox 701 2454 861 2484; x_wconf 77' lang='lat' dir='ltr'>superasse</span> 
     </span>
     <span class='ocr_line' id='line_1_40' title="bbox 202 2491 862 2532; baseline -0.005 -8"><span class='ocrx_word' id='word_1_201' title='bbox 202 2492 345 2528; x_wconf 83' lang='lat' dir='ltr'>traditur,</span> <span class='ocrx_word' id='word_1_202' title='bbox 369 2503 387 2522; x_wconf 87' lang='lat' dir='ltr'>a</span> <span class='ocrx_word' id='word_1_203' title='bbox 412 2493 534 2523; x_wconf 88' lang='lat' dir='ltr'>Venere</span> <span class='ocrx_word' id='word_1_204' title='bbox 560 2491 696 2532; x_wconf 80' lang='lat' dir='ltr'>adjutus.</span> <span class='ocrx_word' id='word_1_205' title='bbox 725 2502 793 2532; x_wconf 85' lang='lat' dir='ltr'>quae</span> <span class='ocrx_word' id='word_1_206' title='bbox 817 2492 862 2522; x_wconf 90' lang='lat' dir='ltr'>illi</span> 
     </span>
     <span class='ocr_line' id='line_1_41' title="bbox 201 2540 861 2584; baseline -0.003 -11"><span class='ocrx_word' id='word_1_207' title='bbox 201 2543 261 2574; x_wconf 80' lang='lat' dir='ltr'>tria</span> <span class='ocrx_word' id='word_1_208' title='bbox 274 2552 365 2584; x_wconf 81' lang='lat' dir='ltr'>poma</span> <span class='ocrx_word' id='word_1_209' title='bbox 375 2553 411 2572; x_wconf 87' lang='lat' dir='ltr'>ex</span> <span class='ocrx_word' id='word_1_210' title='bbox 425 2541 520 2571; x_wconf 90' lang='lat' dir='ltr'>hortis</span> <span class='ocrx_word' id='word_1_211' title='bbox 535 2541 742 2582; x_wconf 88' lang='lat' dir='ltr'>Hesperidum</span> <span class='ocrx_word' id='word_1_212' title='bbox 759 2540 861 2571; x_wconf 85' lang='lat' dir='ltr'>dedit:</span> 
     </span>
     <span class='ocr_line' id='line_1_42' title="bbox 204 2589 864 2633; baseline -0.005 -11"><span class='ocrx_word' id='word_1_213' title='bbox 204 2591 319 2633; x_wconf 86' lang='lat' dir='ltr'>quibus</span> <span class='ocrx_word' id='word_1_214' title='bbox 344 2591 498 2633; x_wconf 83' lang='lat' dir='ltr'>projectis,</span> <span class='ocrx_word' id='word_1_215' title='bbox 524 2590 637 2632; x_wconf 81' lang='lat' dir='ltr'>puellae</span> <span class='ocrx_word' id='word_1_216' title='bbox 661 2600 784 2620; x_wconf 81' lang='lat' dir='ltr'>cursum</span> <span class='ocrx_word' id='word_1_217' title='bbox 808 2589 864 2619; x_wconf 85' lang='lat' dir='ltr'>im-</span> 
     </span>
     <span class='ocr_line' id='line_1_43' title="bbox 203 2639 864 2683; baseline -0.003 -11"><span class='ocrx_word' id='word_1_218' title='bbox 203 2639 336 2683; x_wconf 86' lang='lat' dir='ltr'>pedivit.</span> <span class='ocrx_word' id='word_1_219' title='bbox 366 2639 449 2671; x_wconf 87' lang='lat' dir='ltr'>Vide</span> <span class='ocrx_word' id='word_1_220' title='bbox 465 2639 561 2670; x_wconf 84' lang='lat' dir='ltr'>Ovid.</span> <span class='ocrx_word' id='word_1_221' title='bbox 578 2639 632 2670; x_wconf 82' lang='lat' dir='ltr'>lib.</span> <span class='ocrx_word' id='word_1_222' title='bbox 652 2640 701 2669; x_wconf 89' lang='lat'>10.</span> <span class='ocrx_word' id='word_1_223' title='bbox 732 2640 864 2670; x_wconf 72' lang='lat' dir='ltr'>Metam.</span> 
     </span>
    </p>

    <p class='ocr_par' dir='ltr' id='par_1_20' title="bbox 204 2688 863 2781">
     <span class='ocr_line' id='line_1_44' title="bbox 248 2688 862 2730; baseline -0.002 -10"><span class='ocrx_word' id='word_1_224' title='bbox 248 2691 322 2722; x_wconf 84' lang='lat'>264.</span> <span class='ocrx_word' id='word_1_225' title='bbox 351 2690 437 2720; x_wconf 79' lang='lat' dir='ltr'>Venit</span> <span class='ocrx_word' id='word_1_226' title='bbox 452 2690 514 2730; x_wconf 54' lang='lat' dir='ltr'>uh]</span> <span class='ocrx_word' id='word_1_227' title='bbox 546 2689 673 2720; x_wconf 70' lang='lat' dir='ltr'>Venerat</span> <span class='ocrx_word' id='word_1_228' title='bbox 691 2691 721 2718; x_wconf 52' lang='lat' dir='ltr'>in.</span> <span class='ocrx_word' id='word_1_229' title='bbox 743 2688 862 2719; x_wconf 83' lang='lat' dir='ltr'>Schott.</span> 
     </span>
     <span class='ocr_line' id='line_1_45' title="bbox 204 2737 863 2781; baseline -0.006 -10"><span class='ocrx_word' id='word_1_230' title='bbox 204 2740 239 2770; x_wconf 87' lang='lat' dir='ltr'>ii.</span> <span class='ocrx_word' id='word_1_231' title='bbox 272 2740 405 2771; x_wconf 84' lang='lat' dir='ltr'>Observ.</span> <span class='ocrx_word' id='word_1_232' title='bbox 434 2750 502 2781; x_wconf 84' lang='lat' dir='ltr'>cap.</span> <span class='ocrx_word' id='word_1_233' title='bbox 522 2740 574 2770; x_wconf 84' lang='lat'>53.</span> <span class='ocrx_word' id='word_1_234' title='bbox 600 2738 661 2768; x_wconf 79' lang='lat' dir='ltr'>Alii</span> <span class='ocrx_word' id='word_1_235' title='bbox 690 2737 758 2768; x_wconf 86' lang='lat' dir='ltr'>libri</span> <span class='ocrx_word' id='word_1_236' title='bbox 781 2737 863 2768; x_wconf 80' lang='lat' dir='ltr'>hunc</span> 
     </span>
    </p>
   </div>
   <div class='ocr_carea' id='block_1_17' title="bbox 927 1751 1589 2718">
    <p class='ocr_par' dir='ltr' id='par_1_21' title="bbox 927 1751 1588 1931">
     <span class='ocr_line' id='line_1_46' title="bbox 927 1751 1585 1790; baseline -0.008 -7"><span class='ocrx_word' id='word_1_237' title='bbox 927 1763 1049 1783; x_wconf 87' lang='lat' dir='ltr'>versum</span> <span class='ocrx_word' id='word_1_238' title='bbox 1066 1752 1108 1783; x_wconf 89' lang='lat' dir='ltr'>sic</span> <span class='ocrx_word' id='word_1_239' title='bbox 1125 1752 1252 1786; x_wconf 83' lang='lat' dir='ltr'>habent,</span> <span class='ocrx_word' id='word_1_240' title='bbox 1271 1751 1343 1785; x_wconf 60' lang='lat' dir='ltr'>Qasr</span> <span class='ocrx_word' id='word_1_241' title='bbox 1357 1761 1479 1790; x_wconf 66' lang='lat' dir='ltr'>propero</span> <span class='ocrx_word' id='word_1_242' title='bbox 1495 1760 1585 1779; x_wconf 72' lang='lat' dir='ltr'>cursu</span> 
     </span>
     <span class='ocr_line' id='line_1_47' title="bbox 928 1799 1585 1841; baseline -0.008 -9"><span class='ocrx_word' id='word_1_243' title='bbox 928 1805 1039 1832; x_wconf 67' lang='lat' dir='ltr'>vicerat</span> <span class='ocrx_word' id='word_1_244' title='bbox 1054 1808 1123 1831; x_wconf 77' lang='lat' dir='ltr'>ante</span> <span class='ocrx_word' id='word_1_245' title='bbox 1137 1812 1245 1841; x_wconf 75' lang='lat' dir='ltr'>procos.</span> <span class='ocrx_word' id='word_1_246' title='bbox 1261 1800 1316 1830; x_wconf 81' lang='lat' dir='ltr'>sed</span> <span class='ocrx_word' id='word_1_247' title='bbox 1332 1799 1453 1829; x_wconf 81' lang='lat' dir='ltr'>frustra.</span> <span class='ocrx_word' id='word_1_248' title='bbox 1480 1799 1585 1828; x_wconf 68' lang='lat' dir='ltr'>Hfflx-</span> 
     </span>
     <span class='ocr_line' id='line_1_48' title="bbox 929 1847 1588 1891; baseline -0.006 -10"><span class='ocrx_word' id='word_1_249' title='bbox 929 1863 1010 1882; x_wconf 72' lang='lat' dir='ltr'>snrs.</span> <span class='ocrx_word' id='word_1_250' title='bbox 1056 1851 1094 1880; x_wconf 86' lang='lat' dir='ltr'>In</span> <span class='ocrx_word' id='word_1_251' title='bbox 1113 1849 1300 1891; x_wconf 85' lang='lat' dir='ltr'>quibusdam</span> <span class='ocrx_word' id='word_1_252' title='bbox 1320 1847 1502 1889; x_wconf 78' lang='lat' dir='ltr'>interjectus</span> <span class='ocrx_word' id='word_1_253' title='bbox 1523 1853 1588 1878; x_wconf 86' lang='lat' dir='ltr'>erat</span> 
     </span>
     <span class='ocr_line' id='line_1_49' title="bbox 929 1899 1137 1931; baseline -0.01 0"><span class='ocrx_word' id='word_1_254' title='bbox 929 1901 1024 1931; x_wconf 76' lang='lat' dir='ltr'>etiam</span> <span class='ocrx_word' id='word_1_255' title='bbox 1040 1899 1137 1930; x_wconf 82' lang='lat' dir='ltr'>alius:</span> 
     </span>
    </p>

    <p class='ocr_par' dir='ltr' id='par_1_22' title="bbox 972 1948 1588 1990">
     <span class='ocr_line' id='line_1_50' title="bbox 972 1948 1588 1990; baseline -0.005 -10"><span class='ocrx_word' id='word_1_256' title='bbox 972 1950 1021 1980; x_wconf 73' lang='lat' dir='ltr'>Sic</span> <span class='ocrx_word' id='word_1_257' title='bbox 1040 1956 1067 1980; x_wconf 77' lang='lat' dir='ltr'>et</span> <span class='ocrx_word' id='word_1_258' title='bbox 1084 1956 1117 1979; x_wconf 69' lang='lat' dir='ltr'>til,</span> <span class='ocrx_word' id='word_1_259' title='bbox 1138 1949 1288 1990; x_wconf 73' lang='lat' dir='ltr'>Phrygias</span> <span class='ocrx_word' id='word_1_260' title='bbox 1307 1949 1399 1978; x_wconf 65' lang='lat' dir='ltr'>venies</span> <span class='ocrx_word' id='word_1_261' title='bbox 1414 1948 1521 1988; x_wconf 80' lang='lat' dir='ltr'>regina</span> <span class='ocrx_word' id='word_1_262' title='bbox 1533 1958 1588 1986; x_wconf 79' lang='lat' dir='ltr'>per</span> 
     </span>
    </p>

    <p class='ocr_par' dir='ltr' id='par_1_23' title="bbox 929 2000 1588 2231">
     <span class='ocr_line' id='line_1_51' title="bbox 1058 2000 1153 2034; baseline 0 -6"><span class='ocrx_word' id='word_1_263' title='bbox 1058 2000 1153 2034; x_wconf 77' lang='lat' dir='ltr'>urbes,</span> 
     </span>
     <span class='ocr_line' id='line_1_52' title="bbox 1020 2046 1588 2087; baseline -0.005 -10"><span class='ocrx_word' id='word_1_264' title='bbox 1020 2047 1107 2077; x_wconf 68' lang='lat' dir='ltr'>Venit</span> <span class='ocrx_word' id='word_1_265' title='bbox 1125 2053 1159 2077; x_wconf 78' lang='lat' dir='ltr'>ut</span> <span class='ocrx_word' id='word_1_266' title='bbox 1174 2049 1205 2077; x_wconf 77' lang='lat' dir='ltr'>in</span> <span class='ocrx_word' id='word_1_267' title='bbox 1222 2047 1370 2087; x_wconf 72' lang='lat' dir='ltr'>Phrygios</span> <span class='ocrx_word' id='word_1_268' title='bbox 1387 2046 1588 2085; x_wconf 74' lang='lat' dir='ltr'>Hippodamia</span> 
     </span>
     <span class='ocr_line' id='line_1_53' title="bbox 1056 2099 1149 2127; baseline 0.011 -1"><span class='ocrx_word' id='word_1_269' title='bbox 1056 2099 1149 2127; x_wconf 68' lang='lat' dir='ltr'>sinus.</span> 
     </span>
     <span class='ocr_line' id='line_1_54' title="bbox 930 2144 1587 2186; baseline -0.003 -10"><span class='ocrx_word' id='word_1_270' title='bbox 930 2147 1033 2182; x_wconf 83' lang='lat' dir='ltr'>Quem</span> <span class='ocrx_word' id='word_1_271' title='bbox 1052 2151 1219 2186; x_wconf 87' lang='lat' dir='ltr'>utrumque</span> <span class='ocrx_word' id='word_1_272' title='bbox 1235 2144 1446 2174; x_wconf 79' lang='lat' dir='ltr'>Bersmannus</span> <span class='ocrx_word' id='word_1_273' title='bbox 1462 2153 1587 2184; x_wconf 80' lang='lat' dir='ltr'>expres-</span> 
     </span>
     <span class='ocr_line' id='line_1_55' title="bbox 929 2192 1496 2231; baseline -0.004 -6"><span class='ocrx_word' id='word_1_274' title='bbox 929 2196 978 2231; x_wconf 86' lang='lat' dir='ltr'>sit,</span> <span class='ocrx_word' id='word_1_275' title='bbox 994 2195 1047 2225; x_wconf 83' lang='lat' dir='ltr'>sed</span> <span class='ocrx_word' id='word_1_276' title='bbox 1065 2194 1241 2225; x_wconf 79' lang='lat' dir='ltr'>subdititios</span> <span class='ocrx_word' id='word_1_277' title='bbox 1256 2192 1352 2223; x_wconf 87' lang='lat' dir='ltr'>videri</span> <span class='ocrx_word' id='word_1_278' title='bbox 1367 2194 1496 2223; x_wconf 85' lang='lat' dir='ltr'>notavit.</span> 
     </span>
    </p>

    <p class='ocr_par' dir='ltr' id='par_1_24' title="bbox 929 2241 1587 2433">
     <span class='ocr_line' id='line_1_56' title="bbox 973 2241 1587 2284; baseline -0.005 -10"><span class='ocrx_word' id='word_1_279' title='bbox 973 2245 1046 2274; x_wconf 84' lang='lat'>267.</span> <span class='ocrx_word' id='word_1_280' title='bbox 1085 2245 1220 2274; x_wconf 71' lang='lat' dir='ltr'>Audacia</span> <span class='ocrx_word' id='word_1_281' title='bbox 1240 2243 1371 2284; x_wconf 77' lang='lat' dir='ltr'>fortiter</span> <span class='ocrx_word' id='word_1_282' title='bbox 1402 2241 1492 2281; x_wconf 59' lang='lat' dir='ltr'>issem]</span> <span class='ocrx_word' id='word_1_283' title='bbox 1522 2241 1587 2272; x_wconf 87' lang='lat' dir='ltr'>Alii</span> 
     </span>
     <span class='ocr_line' id='line_1_57' title="bbox 929 2292 1587 2332; baseline -0.005 -8"><span class='ocrx_word' id='word_1_284' title='bbox 929 2296 1065 2324; x_wconf 69' lang='lat' dir='ltr'>victorin.</span> <span class='ocrx_word' id='word_1_285' title='bbox 1110 2293 1291 2327; x_wconf 81' lang='lat' dir='ltr'>Vossianus,</span> <span class='ocrx_word' id='word_1_286' title='bbox 1313 2293 1441 2321; x_wconf 62' lang='lat' dir='ltr'>audacia</span> <span class='ocrx_word' id='word_1_287' title='bbox 1456 2292 1587 2332; x_wconf 64' lang='lat' dir='ltr'>shrtior.</span> 
     </span>
     <span class='ocr_line' id='line_1_58' title="bbox 929 2339 1587 2384; baseline -0.005 -11"><span class='ocrx_word' id='word_1_288' title='bbox 929 2343 1042 2384; x_wconf 79' lang='lat' dir='ltr'>placet.</span> <span class='ocrx_word' id='word_1_289' title='bbox 1073 2342 1247 2372; x_wconf 65' lang='lat' dir='ltr'>mesxrs.</span> <span class='ocrx_word' id='word_1_290' title='bbox 1293 2340 1343 2370; x_wconf 73' lang='lat' dir='ltr'>Ita</span> <span class='ocrx_word' id='word_1_291' title='bbox 1372 2340 1471 2381; x_wconf 68' lang='lat' dir='ltr'>Epist.</span> <span class='ocrx_word' id='word_1_292' title='bbox 1501 2339 1587 2371; x_wconf 81' lang='lat' dir='ltr'>xviii.</span> 
     </span>
     <span class='ocr_line' id='line_1_59' title="bbox 930 2391 1153 2433; baseline -0.004 -12"><span class='ocrx_word' id='word_1_293' title='bbox 930 2393 983 2422; x_wconf 75' lang='lat'>84.</span> <span class='ocrx_word' id='word_1_294' title='bbox 1006 2391 1133 2433; x_wconf 86' lang='lat' dir='ltr'>quidam</span> <span class='ocrx_word' id='word_1_295' title='bbox 1148 2403 1153 2420; x_wconf 89' lang='lat'>:</span> 
     </span>
    </p>

    <p class='ocr_par' dir='ltr' id='par_1_25' title="bbox 931 2439 1589 2718">
     <span class='ocr_line' id='line_1_60' title="bbox 968 2439 1587 2478; baseline -0.003 -8"><span class='ocrx_word' id='word_1_296' title='bbox 968 2441 1086 2470; x_wconf 63' lang='lat' dir='ltr'>Fortior</span> <span class='ocrx_word' id='word_1_297' title='bbox 1098 2441 1130 2469; x_wconf 36' lang='lat' dir='ltr'>in.</span> <span class='ocrx_word' id='word_1_298' title='bbox 1142 2450 1268 2469; x_wconf 72' lang='lat' dir='ltr'>summas</span> <span class='ocrx_word' id='word_1_299' title='bbox 1278 2439 1377 2478; x_wconf 71' lang='lat' dir='ltr'>erigor</span> <span class='ocrx_word' id='word_1_300' title='bbox 1392 2439 1472 2468; x_wconf 71' lang='lat' dir='ltr'>altus</span> <span class='ocrx_word' id='word_1_301' title='bbox 1484 2450 1587 2478; x_wconf 78' lang='lat' dir='ltr'>aquas.</span> 
     </span>
     <span class='ocr_line' id='line_1_61' title="bbox 931 2487 1589 2530; baseline -0.005 -9"><span class='ocrx_word' id='word_1_302' title='bbox 931 2491 993 2521; x_wconf 93' lang='lat' dir='ltr'>Ubi</span> <span class='ocrx_word' id='word_1_303' title='bbox 1023 2489 1116 2520; x_wconf 77' lang='lat' dir='ltr'>ctiam</span> <span class='ocrx_word' id='word_1_304' title='bbox 1135 2489 1274 2530; x_wconf 67' lang='lat' dir='ltr'>jin-titur</span> <span class='ocrx_word' id='word_1_305' title='bbox 1304 2487 1406 2527; x_wconf 81' lang='lat' dir='ltr'>vulgo.</span> <span class='ocrx_word' id='word_1_306' title='bbox 1457 2487 1589 2518; x_wconf 74' lang='lat' dir='ltr'>Victoria</span> 
     </span>
     <span class='ocr_line' id='line_1_62' title="bbox 931 2536 1587 2579; baseline -0.006 -9"><span class='ocrx_word' id='word_1_307' title='bbox 931 2540 1037 2574; x_wconf 80' lang='lat' dir='ltr'>etiam,</span> <span class='ocrx_word' id='word_1_308' title='bbox 1066 2538 1149 2579; x_wconf 86' lang='lat' dir='ltr'>quod</span> <span class='ocrx_word' id='word_1_309' title='bbox 1175 2537 1265 2567; x_wconf 86' lang='lat' dir='ltr'>multi</span> <span class='ocrx_word' id='word_1_310' title='bbox 1288 2536 1357 2567; x_wconf 83' lang='lat' dir='ltr'>libri</span> <span class='ocrx_word' id='word_1_311' title='bbox 1381 2547 1434 2578; x_wconf 86' lang='lat' dir='ltr'>pro</span> <span class='ocrx_word' id='word_1_312' title='bbox 1459 2538 1587 2566; x_wconf 71' lang='lat' dir='ltr'>andacia</span> 
     </span>
     <span class='ocr_line' id='line_1_63' title="bbox 933 2584 1589 2627; baseline -0.008 -8"><span class='ocrx_word' id='word_1_313' title='bbox 933 2590 1058 2624; x_wconf 79' lang='lat' dir='ltr'>habeut,</span> <span class='ocrx_word' id='word_1_314' title='bbox 1075 2599 1133 2618; x_wconf 87' lang='lat' dir='ltr'>non</span> <span class='ocrx_word' id='word_1_315' title='bbox 1150 2593 1263 2617; x_wconf 79' lang='lat' dir='ltr'>temere</span> <span class='ocrx_word' id='word_1_316' title='bbox 1285 2584 1522 2627; x_wconf 84' lang='lat' dir='ltr'>repudiandum.</span> <span class='ocrx_word' id='word_1_317' title='bbox 1544 2584 1589 2615; x_wconf 84' lang='lat' dir='ltr'>ita</span> 
     </span>
     <span class='ocr_line' id='line_1_64' title="bbox 931 2634 1589 2677; baseline -0.006 -9"><span class='ocrx_word' id='word_1_318' title='bbox 931 2640 973 2668; x_wconf 72' lang='lat' dir='ltr'>irs:</span> <span class='ocrx_word' id='word_1_319' title='bbox 998 2638 1165 2677; x_wconf 73' lang='lat' dir='ltr'>triumphus</span> <span class='ocrx_word' id='word_1_320' title='bbox 1183 2636 1370 2676; x_wconf 65' lang='lat' dir='ltr'>diciturjssp.</span> <span class='ocrx_word' id='word_1_321' title='bbox 1386 2634 1439 2666; x_wconf 84' lang='lat' dir='ltr'>vii.</span> <span class='ocrx_word' id='word_1_322' title='bbox 1460 2634 1531 2665; x_wconf 84' lang='lat'>154.</span> <span class='ocrx_word' id='word_1_323' title='bbox 1557 2639 1589 2664; x_wconf 79' lang='lat' dir='ltr'>et</span> 
     </span>
     <span class='ocr_line' id='line_1_65' title="bbox 932 2687 1019 2718; baseline -0.011 0"><span class='ocrx_word' id='word_1_324' title='bbox 932 2687 1019 2718; x_wconf 78' lang='lat' dir='ltr'>alibi.</span> 
     </span>
    </p>
   </div>
  </div>
 </body>
</html>
