1849 3198
221 143 307 184 448
618 140 667 180 Ρ.
701 139 914 181 OVIDII
948 139 1228 181 NASONIS

226 257 526 320 Phillyrides
552 270 760 319 puerum
787 255 976 301 cithara
1003 254 1210 317 perfecit
1235 254 1493 310 Achillen;

292 333 460 395 Atque
486 332 674 379 animos
701 330 899 394 placida
926 330 1153 377 contudit
1178 337 1281 377 arte
1306 330 1450 377 feros.

226 411 324 465 Qui
349 410 495 457 toties
521 409 698 462 socios,
726 408 873 454 toties
900 407 1140 453 exterruit
1164 407 1350 462 hostes,

294 487 527 533 Creditur
553 501 794 532 annosum
820 484 1137 547 pertimuisse
1164 499 1349 531 senem.

228 563 365 617 Quas
392 562 582 609 Hector
607 577 842 609 sensurus
868 568 988 616 erat,
1016 568 1258 624 poscente
1283 562 1535 623 magistro,
1560 564 1616 607 15

291 639 596 686 Verberibus
615 639 783 700 jussas
809 638 1023 700 praebuit
1047 638 1129 685 ille
1158 654 1348 685 manus.

226 716 444 763 AEacidae
471 715 674 770 Chiron,
701 730 794 777 ego
821 731 929 761 suin
956 722 1235 779 praeceptor
1260 714 1473 761 Amoris.

295 792 467 839 Saevus
492 798 703 853 uterque
728 807 874 854 puer:
915 798 1060 839 natus
1087 799 1297 855 uterque
1325 791 1453 838 Dea.

229 869 330 916 Sed
355 876 522 915 tamen
547 874 597 914 et
619 867 745 914 tauri
771 868 939 914 cervix
964 876 1194 915 oneratur
1219 874 1402 915 aratro:

294 944 555 1007 Frenaque
579 944 881 1005 magnanimi
907 945 1057 991 dente
1083 951 1307 991 teruntur
1328 944 1460 1005 equi.
1555 948 1619 989 20

228 1020 295 1067 Et
318 1021 437 1067 mihi
462 1021 609 1067 cedet
632 1019 808 1066 Amor:
850 1020 1074 1082 quamvis
1102 1036 1214 1067 mea
1237 1021 1461 1066 vulneret
1486 1036 1600 1066 arcu

296 1097 523 1153 Pectora,
544 1086 760 1159 jactatas
786 1097 1109 1159 excutiatque
1134 1096 1284 1144 faces.

229 1173 341 1228 Quo
366 1190 445 1220 me
470 1173 580 1220 fixit
603 1173 771 1228 Amor,
800 1189 900 1235 quo
926 1190 1006 1220 me
1030 1174 1292 1221 violentius
1318 1173 1470 1229 ussit;

297 1250 406 1297 Hoc
433 1250 605 1297 melior
629 1250 745 1297 facti
769 1250 985 1297 vulneris
1011 1251 1140 1297 ultor
1164 1267 1263 1298 ero.

231 1327 346 1374 Non
371 1343 480 1389 ego,
509 1327 717 1382 Phoebe,
744 1327 885 1373 datas
903 1334 994 1373 ate
1010 1327 1129 1373 mihi
1146 1327 1355 1374 mentior
1371 1332 1527 1373 artes:
1557 1329 1619 1372 25

298 1404 345 1451 N
351 1421 407 1452 ec
434 1421 522 1451 nos
549 1404 693 1451 aeriae
719 1420 838 1451 voce
864 1419 1120 1450 monemur
1145 1404 1271 1451 avis:

232 1481 277 1528 N
284 1498 340 1529 ec
366 1482 485 1527 mihi
506 1488 621 1528 sunt
643 1481 759 1528 visae
788 1481 898 1528 Clio
927 1481 1169 1543 Cliusque
1195 1496 1406 1535 sorores,

300 1558 524 1606 Servanti
550 1559 770 1622 pecudes
796 1558 1022 1614 vallibus,
1051 1557 1223 1614 Ascra,
1249 1558 1363 1605 tuis.

230 1767 308 1808 geri,
327 1778 397 1798 cum
413 1768 529 1809 optimo
545 1768 645 1809 Regio
661 1773 692 1798 et
707 1767 891 1809 Bodlejano.
961 1768 1113 1804 Achilles,
1136 1767 1219 1809 apud
1242 1768 1320 1797 Stat.
1344 1765 1378 1796 ii.
1403 1767 1465 1796 332
1482 1772 1512 1796 et
1535 1776 1625 1806 seqq.

232 1822 315 1847 recte
330 1817 465 1848 omnino.
482 1817 620 1858 proximo
635 1827 725 1847 versu
741 1816 865 1847 malim:
962 1828 1025 1858 qua
1040 1817 1140 1859 ipsum
1157 1826 1275 1847 morum
1298 1815 1462 1846 severitate
1487 1816 1625 1846 Centau-

276 1866 332 1896 Sed
344 1867 446 1905 pueris
460 1872 530 1896 aetas
545 1866 640 1895 mollis
655 1871 682 1895 et
699 1872 769 1904 apta
785 1867 860 1906 regi.
962 1876 1013 1896 rus
1025 1865 1193 1902 erudierit;
1217 1875 1274 1895 nec
1298 1865 1401 1894 locum
1425 1863 1537 1894 adiisse
1556 1863 1621 1893 lec-

233 1914 284 1944 Ne
307 1915 344 1945 τὸ
369 1921 410 1945 est
435 1914 483 1944 bis
509 1919 667 1955 repetatur
695 1914 893 1944 inconcinne„
962 1920 1058 1945 torem
1074 1913 1252 1956 poenitebit.
1297 1913 1414 1942 AMAR.

234 1963 409 1994 Hssmsms.
440 1963 529 1993 Nihil
544 1962 669 1993 omnino
692 1962 891 1993 mutandum:
1010 1964 1059 1994 18.
1084 1964 1182 1994 Savus
1205 1961 1357 2002 uterque]
1392 1961 1502 1992 Douza
1522 1960 1623 2002 expli-

232 2022 331 2053 genus
345 2012 494 2053 loquendi
511 2018 557 2042 est
580 2011 706 2052 elegans
729 2017 760 2041 et
783 2022 894 2042 venus·
963 2013 1066 2048 cahat,
1082 2013 1258 2042 iracundus.
1274 2021 1344 2041 nam
1361 2010 1497 2040 Homero
1516 2009 1627 2040 Achil-

235 2065 454 2100 tuin,pue1-est
469 2067 539 2091 oetas
554 2061 663 2090 moltis.
964 2062 1009 2092 les
1024 2060 1192 2091 iracundus
1214 2059 1372 2100 animique
1394 2058 1572 2100 impotentis
1595 2063 1626 2090 et

281 2110 331 2139 ll.
349 2110 474 2139 Cithara
495 2109 621 2150 perfecit
637 2108 814 2148 Achillem]
846 2109 895 2139 Sic
964 2108 1131 2150 pertinacis
1146 2108 1281 2150 fingitur.
1294 2113 1377 2138 recte
1391 2119 1397 2136 ε
1414 2106 1531 2137 centies
1543 2107 1625 2138 enim

235 2168 290 2188 nos
312 2157 480 2198 legendum
502 2157 693 2199 putavimus,
709 2162 743 2188 ut
766 2157 805 2188 sit
825 2169 893 2196 per·
965 2159 1009 2189 ita
1030 2170 1120 2189 soevus
1143 2163 1174 2189 et
1195 2160 1295 2188 saevire
1316 2156 1471 2192 Terentio,
1496 2156 1628 2197 Virgilio

226 2206 319 2247 fecit,
335 2211 444 2237 exacte
460 2206 606 2237 erudivit.
621 2212 656 2237 ut
670 2206 702 2237 ii.
719 2206 828 2236 Amor.
845 2208 875 2237 8.
966 2213 996 2237 et
1011 2207 1080 2238 aliis
1094 2207 1216 2238 dicitur.
1233 2206 1295 2237 vid.
1312 2205 1352 2236 ad
1370 2205 1481 2246 Virgil.
1498 2205 1538 2236 vi.
1552 2206 1626 2236 544.

282 2256 431 2286 Ponendis
446 2258 478 2286 in
493 2257 575 2286 mille
588 2257 679 2286 modis
698 2256 832 2297 perfecta
847 2268 896 2287 ca·
965 2257 1052 2286 Serv.
1074 2261 1105 2286 et
1128 2256 1245 2286 Donat.
1269 2260 1300 2285 et
1322 2257 1399 2284 iram.
1424 2254 1551 2283 Achillis
1573 2265 1627 2296 pro

322 2306 415 2344 pillis.
693 2305 853 2336 Nauem.
966 2305 1033 2346 ipsa
1048 2304 1148 2335 Iliade
1164 2303 1225 2334 dici
1241 2308 1347 2334 notum
1363 2308 1419 2333 est.
1443 2301 1509 2332 haec
1532 2302 1627 2333 scisse

284 2353 335 2383 13.
363 2354 535 2383 Perterruit
565 2354 684 2394 hostes]
731 2354 898 2391 Eiteia-uic,
967 2353 1101 2383 decebat
1124 2351 1318 2394 Crispinum;
1347 2362 1416 2392 qua:
1441 2350 1532 2382 hodie
1555 2350 1627 2381 tiro-

240 2401 324 2431 Libri
339 2401 482 2432 meliores
496 2408 685 2432 constanter.
704 2412 776 2432 nam
794 2403 898 2444 sequi·
968 2413 1022 2432 nes
1038 2413 1098 2432 non
1114 2401 1266 2442 ignorant.
1299 2401 1416 2430 Eunai.

237 2456 296 2487 tur,
324 2452 527 2490 pertimuisse;
562 2450 615 2491 qui
642 2461 808 2482 concursus
845 2454 900 2483 τοῦ
1011 2453 1062 2482 28.
1080 2451 1203 2490 Ascra]
1230 2449 1328 2480 Vicus
1350 2454 1398 2479 est
1420 2448 1451 2479 in
1473 2448 1626 2489 Thespiis,

237 2499 515 2539 pei-duriusculus.
547 2500 665 2530 mes.
964 2501 1055 2542 juxta
1081 2499 1242 2530 Heliconis
1266 2506 1402 2540 partem:
1429 2507 1523 2538 quam
1546 2497 1627 2527 Dius

288 2551 334 2580 15.
352 2549 433 2583 Quas
456 2549 567 2579 Hector
587 2560 726 2579 sensurus
745 2558 819 2585 erut,
843 2551 899 2581 ἃς.
969 2556 999 2579 ct
1024 2547 1204 2591 Pycimede,
1225 2546 1352 2577 Hesiodi
1376 2551 1520 2587 parentes
1543 2545 1627 2576 inco—

244 2597 414 2629 Verberibus
449 2600 575 2637 pmbuit
607 2599 739 2638 manaan]
789 2600 899 2630 Narrat
969 2599 1101 2633 luerunt,
1118 2598 1225 2628 relicta
1240 2596 1338 2638 patria
1353 2595 1464 2626 Cuma.
