1849 3198
621 221 965 264 HEROIDES.
1000 220 1094 262 ΕΡ.
1128 219 1266 262 XVI.

1557 222 1642 262 :219

255 341 325 388 Ut
348 348 397 388 te
424 356 514 387 nec
540 355 652 387 mea
673 355 785 393 vox,
813 353 906 384 nec
930 342 980 382 te
1005 352 1145 383 meus
1171 336 1344 384 incitet
1368 336 1538 394 ardor3

321 418 559 480 Cogimur
583 416 737 480 ipsius
763 413 1117 462 commoditate
1143 412 1253 460 frui.

1543 417 1640 461 310

252 495 355 542 Aut
380 495 562 542 erimus
588 493 742 548 stulti,
770 493 841 540 sic
866 499 923 539 ut
947 507 1238 555 superemus
1264 498 1315 538 et
1338 492 1518 555 ipsum,

324 573 376 618 Si
403 579 504 619 tam
530 587 760 618 securum
783 577 983 634 tempus
1010 569 1167 616 abibit
1191 569 1339 616 iners.

254 649 393 697 Pene
419 650 520 696 suis
547 648 609 695 ad
634 655 684 695 te
708 648 938 695 manibus
964 647 1169 695 deducit
1194 654 1460 694 amantem.

324 726 479 774 Utere
505 742 604 773 non
627 725 748 773 vafri
775 725 1093 789 simplicitate
1116 723 1221 771 viri.

257 804 376 851 Sola
392 805 532 867 jaces
557 803 705 850 viduo
731 810 833 850 tam
858 802 1006 865 longa
1031 808 1177 848 nocte
1203 800 1382 857 cubili3
1547 803 1642 847 315

324 881 383 927 In
408 882 554 928 viduo
574 882 720 944 jaceo
746 881 880 928 solus
906 887 957 927 et
981 880 1088 944 ipse
1113 886 1236 926 toro.

254 957 327 1005 Te
350 959 487 1014 mihi,
514 974 696 1021 meque
720 959 810 1005 tibi
835 957 1119 1006 communia
1143 956 1326 1019 gaudia
1344 957 1574 1019 jungant.

325 1036 598 1083 Candidior
622 1036 786 1084 medio
813 1053 912 1083 nox
938 1036 1031 1083 erit
1056 1036 1139 1082 illa
1162 1035 1260 1090 die,

258 1112 399 1160 Tunc
425 1130 518 1175 ego
537 1114 717 1176 jurabo
745 1115 931 1178 quaevis
957 1114 1047 1161 tibi
1073 1113 1302 1166 numina;
1343 1127 1525 1175 meque

326 1190 649 1254 Adstringam
674 1192 836 1239 verbis
862 1193 911 1238 in
936 1209 1078 1239 sacra
1095 1193 1210 1255 jura
1232 1190 1346 1238 tuis.

258 1349 495 1381 convenientius
510 1350 627 1387 Paridi,
647 1362 680 1382 se
696 1351 866 1384 insinuanti
890 1354 921 1384 in

260 1410 395 1430 amorem
414 1400 563 1437 Helenes,
583 1407 614 1431 et
638 1400 691 1442 qui
716 1412 778 1432 non
802 1415 921 1444 magna,

259 1449 314 1480 sed
329 1461 443 1479 szmnna
458 1451 541 1481 bona
555 1456 689 1492 putaret,
705 1456 809 1482 tenere
826 1452 922 1483 Hele-

260 1510 344 1530 nam.
367 1499 412 1530 sic
427 1500 542 1531 Juven.
556 1501 623 1531 Sat.
640 1512 669 1531 v.
685 1503 716 1532 2.

310 1548 351 1579 Ut
366 1550 440 1579 bona
463 1560 576 1580 summa
600 1556 686 1589 putes
705 1552 807 1582 aliena
828 1553 926 1582 vivere

346 1600 474 1639 quadra.

261 1648 311 1678 Sic
328 1648 426 1690 Epist.
442 1659 510 1689 seq.
529 1648 604 1678 xvii.
624 1650 697 1679 132.

307 1698 358 1729 Me
374 1701 464 1729 visam
477 1700 599 1737 proemia
615 1710 729 1729 summa
745 1700 812 1730 tibi.

263 1747 326 1779 Ubi
357 1747 452 1778 etiam
481 1747 606 1778 codices
632 1748 775 1779 nonnulli
801 1761 923 1791 magna.

263 1797 355 1828 unice
380 1797 442 1828 huc
465 1796 540 1827 facit
564 1797 650 1828 locus
671 1798 808 1829 Terentii
826 1798 926 1829 Andr.

263 1846 305 1877 iv.
324 1846 370 1877 iii.
419 1847 474 1877 Dii
498 1853 623 1877 vestram
640 1848 757 1889 fidem,·
782 1860 927 1878 summum

264 1898 371 1927 bonnm
386 1908 443 1927 esse
464 1898 538 1927 herae
557 1899 664 1936 putavi
689 1898 768 1927 hunc
786 1898 927 1938 Pamphi—

265 1948 338 1977 lum.
353 1946 397 1977 ita
413 1951 444 1977 et
458 1946 504 1976 iii.
521 1946 594 1976 Am.
610 1945 654 1976 ix.
671 1947 723 1976 27.
747 1957 801 1988 pro
815 1958 929 1978 summa

265 1998 337 2031 dies,
363 1995 417 2026 alii
441 1995 566 2026 codices
590 2007 714 2037 magna.
761 1996 927 2027 Pentame-

266 2051 348 2076 trum
368 2045 415 2075 ita
431 2045 581 2075 exhibent
596 2045 764 2076 Bernensis
782 2051 813 2076 et
829 2047 928 2077 Lova-

267 2094 394 2131 niensis‚
426 2094 565 2125 Crederet
595 2101 725 2131 eaterno,
759 2107 822 2135 quae
851 2102 930 2126 tenet

266 2146 329 2181 itte,
346 2146 420 2175 viro.
443 2146 519 2185 quod
542 2150 620 2175 tenet
642 2145 720 2175 alter
735 2145 856 2176 Bersm.
880 2147 931 2176 ille

267 2205 341 2225 vero
356 2193 482 2235 plurimi
495 2193 624 2224 habent.
648 2194 764 2224 Bumu.

311 2244 386 2275 313.
411 2244 500 2274 Pae‘ne
525 2245 586 2273 suis
609 2245 746 2274 manibus
766 2246 806 2274 ad
831 2250 858 2274 te
880 2246 931 2275 de-

268 2294 356 2323 dusit
380 2292 556 2333 amantem]
586 2293 725 2334 Proprie.
753 2293 864 2324 Cicero
888 2293 932 2324 iii.

269 2341 345 2372 Act.
371 2342 403 2372 in
416 2342 508 2372 Verr.
534 2343 586 2372 34.
634 2342 694 2373 Hic
719 2349 760 2372 est
777 2343 930 2377 Docimus,

268 2394 308 2423 ad
319 2403 404 2432 quem
419 2393 472 2422 iste
485 2393 650 2422 deduxerat
665 2391 810 2427 Tertiam,
824 2392 934 2423 Isidori

273 2441 485 2481 Mimifiliam.
502 2446 534 2471 et
549 2440 614 2482 ipse
630 2441 673 2471 iv.
692 2441 777 2472 Fast.
796 2443 870 2472 153.

316 2491 393 2520 Cum
410 2492 541 2530 primum
566 2493 673 2531 cupido
700 2491 797 2522 Venus
819 2499 859 2522 est
884 2494 934 2522 ‹le-

358 2541 451 2570 ducta
466 2542 584 2570 marito.

271 2588 416 2619 Tibullus
431 2589 477 2619 iii.
494 2589 536 2620 iv.
551 2590 606 2620 31.

321 2638 481 2678 Utjuveni
500 2640 631 2679 primum
651 2640 736 2679 virgo
751 2644 791 2669 est
807 2640 936 2668 deducta

360 2690 481 2718 marito.

278 2736 467 2779 Papinianus
491 2737 731 2780 jurisconsultus
766 2737 828 2778 leg.
857 2736 938 2767 dotis

278 2786 437 2828 promissio
460 2787 503 2819 lx.
528 2799 560 2818 ι).
585 2786 623 2817 de
655 2786 722 2828 jure
744 2786 810 2817 dot.

876 2786 939 2816 Etsi
960 2823 962 2825 μ

1551 1192 1649 1236 320

988 1355 1086 1384 minor
1114 1355 1202 1384 annis
1230 1353 1392 1387 duodecim,
1420 1357 1455 1381 ut
1483 1353 1576 1391 major
1600 1352 1652 1381 de-

990 1405 1082 1434 ducta
1104 1405 1153 1439 sit,
1180 1410 1252 1433 tunc
1275 1404 1406 1442 primum
1430 1406 1564 1440 petatur,
1585 1412 1653 1430 cum.

990 1456 1086 1493 major
1110 1455 1198 1483 annis
1222 1453 1303 1492 apud
1329 1452 1461 1482 eumdem
1483 1461 1539 1480 esse
1563 1461 1654 1489 coepe-

991 1505 1046 1533 rit.
1081 1502 1264 1533 Cromnos.
1309 1500 1415 1531 Scribe
1431 1510 1501 1530 cum
1518 1498 1655 1541 antiquis

993 1558 1025 1583 et
1036 1552 1216 1583 melioribus
1228 1563 1234 1581 ε

1038 1603 1120 1633 Pene
1147 1604 1208 1632 suis
1240 1602 1280 1631 ad
1309 1607 1337 1631 te
1369 1601 1507 1630 manibus
1534 1599 1658 1630 deducit

1491 1648 1612 1679 HEINs.

993 1701 1123 1731 Locutio
1148 1699 1270 1731 videtur
1292 1697 1377 1739 vulgi
1403 1709 1460 1729 usu
1486 1697 1656 1732 tritissima,

994 1750 1089 1780 etiam
1112 1749 1144 1780 in
1170 1749 1239 1780 aliis
1263 1749 1366 1784 rebus,
1383 1747 1491 1778 Valer.
1516 1747 1608 1777 Max.
1632 1746 1656 1776 i.

994 1799 1060 1831 viii.
1077 1806 1142 1829 ext.
1164 1800 1212 1829 18.
1259 1798 1329 1828 Non
1353 1798 1448 1838 magis
1470 1808 1558 1836 quam
1582 1797 1659 1836 quod

997 1850 1038 1878 ita
1068 1850 1214 1878 silvestres
1241 1858 1374 1887 capreas,
1403 1846 1498 1876 Creten
1529 1846 1659 1886 genitu-5,

998 1904 1149 1937 tantopere
1163 1899 1316 1932 dilexerit,
1339 1895 1497 1937 (Natura)
1518 1906 1590 1936 quas
1612 1906 1659 1925 sa-

993 1949 1081 1989 gittis
1117 1947 1246 1988 confixas
1276 1948 1315 1976 acl
1344 1946 1479 1975 salutare
1511 1945 1660 1974 auxilium

997 1998 1090 2027 herba?
1103 1997 1260 2031 dictamni,
1276 2001 1396 2025 tantum
1419 2006 1477 2024 non
1489 1996 1550 2024 suis
1564 1996 1661 2024 mnni-

1079 1658 1238 1682 amantem.

998 2048 1050 2077 Ims
1072 2047 1205 2076 deducit.
1253 2045 1409 2075 Deducere
1423 2053 1497 2073 vero
1521 2042 1662 2085 nuptiale

997 2097 1138 2127 verbum.
1167 2094 1232 2126 vid.
1257 2093 1298 2125 ad
1323 2094 1383 2136 Ep.
1413 2093 1459 2123 ix.
1489 2093 1559 2124 121.
1587 2094 1661 2124 111.

999 2145 1085 2176 Fast.
1113 2145 1189 2175 689.
1212 2143 1257 2175 iv.
1286 2144 1360 2174 153.
1385 2146 1417 2173 et
1441 2142 1598 2173 Passerat.
1622 2142 1662 2173 ad

1000 2195 1140 2237 Propert.
1155 2194 1198 2224 iv.
1217 2195 1249 2224 3.
1267 2199 1298 2223 et
1314 2198 1423 2234 aptum
1439 2191 1534 2222 etiam
1556 2191 1661 2222 conci-

999 2244 1133 2275 liaturae.
1158 2248 1193 2273 ut
1208 2242 1312 2273 Cicer.
1333 2242 1380 2272 iii.
1397 2242 1486 2272 Verr.
1503 2241 1557 2271 34.
1574 2242 1662 2272 Suet.

1001 2294 1083 2324 Caes.
1098 2294 1152 2324 50.
1168 2298 1199 2323 et
1214 2292 1281 2323 alii.
1297 2292 1378 2322 sicut
1393 2291 1443 2321 hie
1459 2295 1542 2321 recte
1554 2291 1664 2321 Douza

1001 2342 1131 2378 notavit,
1147 2342 1294 2373 lenonum
1317 2352 1384 2372 esse
1403 2346 1434 2371 et
1456 2340 1609 2376 lenarum,
1626 2351 1662 2371 ex

1000 2391 1118 2422 Tibulli
1134 2390 1155 2422 i.
1171 2391 1203 2421 7.

1047 2442 1119 2472 Herc
1136 2441 1207 2471 mihi
1224 2441 1389 2470 teadrlurit
1403 2440 1541 2474 tenebris,
1555 2439 1664 2468 mullo-

1131 2502 1186 2531 qne
1202 2492 1304 2520 timore

1091 2540 1259 2581 Conjungit
1277 2545 1391 2569 nostras
1408 2539 1485 2568 clam
1510 2539 1665 2568 taciturna

1132 2600 1250 2619 manus.

1006 2636 1067 2668 Ubi
1104 2637 1218 2668 rectius
1255 2636 1342 2678 legit,
1374 2637 1433 2667 hare
1463 2648 1506 2667 me
1534 2637 1666 2671 deducit,

1005 2687 1231 2717 broukhusius.
1256 2687 1374 2716 Burin.

1049 2736 1124 2766 3⁵20.
1163 2737 1358 2776 Adstringam
1390 2736 1483 2765 verbis
1521 2735 1549 2763 in
1580 2744 1665 2762 saera

997 2788 1076 2823 jura
1092 2785 1189 2825 meis]
1217 2784 1329 2826 Scripti
1344 2784 1495 2825 plerique,
1513 2785 1664 2822 tnajuru,
