1849 3198
217 188 304 229 362

599 183 651 223 Ρ.
685 179 899 222 OVIDII
932 175 1214 219 NASONIS

224 303 277 349 Si
303 316 404 363 qua
426 298 550 345 fides
575 296 764 352 dubiis3
803 295 1057 341 volucrum
1081 293 1218 339 locus
1243 290 1325 335 ille
1350 289 1540 352 piarum

291 377 502 430 Dicitur,
529 375 775 421 obscaenae
802 388 900 435 quo
925 370 1250 434 prohibentur
1271 383 1402 414 aves.

224 455 332 502 Illic
358 451 556 500 innocui
582 451 680 497 late
706 455 979 512 pascuntur
1003 447 1186 493 olores:

292 530 357 577 Et
380 530 523 576 vivax
549 527 780 582 Phoenix,
807 526 954 572 unica
977 539 1174 587 semper
1199 521 1318 569 avis,

226 608 464 672 Explicat
489 606 600 668 ipsa
623 620 738 650 suas
765 603 868 649 ales
894 602 922 648 J
929 602 1111 649 unonia
1135 612 1349 664 pennas:
1555 597 1617 641 55

291 684 480 731 Oscula
496 682 583 728 dat
606 680 788 744 cupido
813 680 998 727 blanda
1021 678 1253 726 columba
1276 675 1416 722 mari.

228 763 480 810 Psittacus
506 759 595 805 has
622 759 764 812 inter,
795 756 1033 803 nemorali
1059 755 1178 802 sede
1203 759 1452 816 receptus

295 837 554 885 Convertit
576 836 800 881 volucres
827 834 875 880 in
902 849 992 880 sua
1014 833 1165 880 verba
1189 831 1315 894 pias,

230 916 362 963 Ossa
385 914 510 976 tegit
533 912 778 960 tumulus:
818 911 1038 957 tumulus
1063 925 1152 973 pro
1178 922 1384 971 corpore
1416 918 1618 968 parvus:

296 991 408 1045 Quo
432 990 558 1053 lapis
585 989 795 1051 exiguus
817 1003 906 1050 par
931 987 1025 1033 sibi
1051 1000 1250 1032 carmen
1276 983 1450 1030 habet:

1558 982 1622 1026 60

231 1068 451 1130 Colligor
475 1082 538 1113 ex
563 1066 672 1128 ipso
697 1064 909 1110 dominae
935 1063 1183 1126 placuisse
1209 1060 1453 1124 sepulcro.

298 1145 401 1192 Ora
423 1144 559 1191 fuere
584 1142 705 1189 mihi
730 1141 842 1205 plus
868 1157 957 1187 ave
982 1141 1132 1187 docta
1155 1138 1309 1201 loqui.

698 1485 998 1534 ELEGIA
1041 1484 1161 1532 VII.

234 1589 366 1651 Ergo
391 1604 484 1650 ego
510 1587 751 1633 sufficiam
771 1602 884 1633 reus
911 1585 960 1631 in
987 1597 1113 1631 nova
1137 1583 1345 1630 crimina
1368 1581 1593 1644 semper?

306 1665 372 1711 Ut
394 1665 606 1719 vincam,
633 1663 780 1710 toties
805 1661 1092 1709 dimicuisse
1118 1660 1271 1723 piget.

274 1836 327 1866 58.
353 1835 507 1864 Confer-tit
528 1835 659 1864 volucres
680 1836 712 1864 in
735 1846 789 1864 sua
811 1836 898 1864 rerba

231 1884 322 1924 pias]
349 1884 449 1919 Male,
465 1894 503 1913 ne
519 1883 623 1913 dicam
644 1882 775 1913 ridicule
791 1883 897 1914 admo-

232 1934 318 1968 dum,
340 1932 393 1973 qui
420 1934 451 1962 ῐιι
475 1943 527 1962 sua
552 1939 631 1961 rota.
678 1932 792 1962 Sensus
816 1932 898 1962 0111111

232 1989 294 2013 est:
330 1981 502 2012 Psittacum
532 1981 563 2011 in
591 1980 828 2011 admirationem
850 1981 897 2011 sui

234 2042 318 2066 aveS,
338 2036 408 2072 post
427 2036 570 2065 mortem,
591 2037 771 2066 convertere,
787 2036 821 2060 ut
843 2029 897 2059 ho—

234 2080 332 2110 mines
348 2079 436 2109 vivus
459 2078 629 2114 alliciebat,
654 2078 821 2108 humanam
845 2088 896 2108 vo-

234 2140 302 2159 cem
318 2134 381 2158 tam
404 2128 532 2158 solerter
555 2127 716 2159 imitando.
754 2128 850 2163 Nam,
866 2134 901 2157 ut

233 2178 277 2207 ait
292 2177 382 2217 Virg.
401 2177 474 2206 AEn.
494 2176 537 2206 vi.
560 2178 633 2207 655.
657 2176 740 2217 quod
763 2176 901 2206 studium

236 2226 283 2256 vel
299 2236 373 2256 cura
390 2225 447 2255 fuit
468 2225 557 2261 vivis,

371 2275 478 2304 Eadem
493 2276 628 2314 sequitur
644 2275 752 2305 tellure
769 2281 902 2314 repostos.

744 2323 861 2353 Amn.

279 2373 331 2402 59.
358 2372 419 2401 Pro
445 2383 563 2411 corpore
593 2372 745 2412 magnus]
787 2372 902 2401 Putea—

237 2432 313 2453 neus
328 2421 405 2451 alter
429 2431 500 2451 cum
524 2420 687 2462 Excerptis
715 2421 826 2457 105511,
848 2432 903 2459 pro

236 2482 356 2510 corpore
384 2481 506 2509 parvus.
550 2470 707 2511 Excerpta
744 2469 902 2506 Politiani‚

238 2531 340 2556 parvo.
365 2530 476 2558 parvus
499 2529 546 2548 res
569 2518 637 2558 ipsa
660 2524 719 2548 est,
753 2518 899 2549 Callima-

238 2568 316 2598 chus
331 2567 361 2597 in
378 2566 635 2608 Epigrammatis:

283 2616 448 2657 Σίνντομος
466 2616 506 2654 ἦν
523 2615 539 2646 ὁ
555 2617 671 2652 ξεῖνος,
690 2616 706 2646 ὁ
723 2616 773 2647 καὶ
790 2615 901 2658 τάφος.

325 2665 362 2696 οὐ
377 2666 483 2706 μακρὰ
499 2664 592 2699 λέξω.

240 2716 433 2745 Postremum
448 2714 539 2755 hujus
555 2714 670 2754 Elegiae
688 2714 841 2744 distichon
864 2715 901 2743 ab

967 1833 1069 1864 aliena
1086 1842 1181 1863 manu
1196 1832 1329 1862 videtur.
1374 1830 1493 1861 Heixs.

1010 1883 1061 1912 60.
1088 1882 1152 1911 Par
1166 1883 1219 1911 sibi
1236 1891 1340 1910 nomen
1356 1878 1470 1919 habet]
1510 1878 1631 1919 Legen-
1681 1872 1684 1873 ⁷

967 1932 1041 1962 (111111
1057 1930 1184 1961 0111111110
1199 1934 1251 1971 (ut
1266 1935 1314 1960 est
1335 1928 1367 1959 111
1390 1927 1520 1959 vetustis
1542 1927 1629 1958 codi-

966 1981 1072 2017 cibus)
1091 1980 1231 2009 Carmen.
1250 1988 1307 2008 nec
1331 1978 1446 2014 obstat,
1462 1976 1546 2018 quod
1570 1975 1632 2007 duo

966 2030 1135 2071 subjungat
1158 2029 1312 2059 carmina:
1337 2026 1440 2068 posuit
1464 2026 1548 2057 enim
1564 2036 1631 2056 car-

967 2089 1039 2108 men
1052 2088 1106 2120 pro
1121 2077 1298 2120 Epitaphio.
1327 2076 1377 2106 Sic
1401 2075 1497 2106 etiam
1522 2076 1550 2106 V
1554 2074 1634 2116 irgil.

968 2126 1000 2156 in
1017 2126 1158 2168 Daphni:

1017 2175 1055 2205 Et
1071 2174 1343 2216 trrmulumfacite,
1360 2181 1389 2204 et
1402 2175 1519 2204 tinnulo
1530 2185 1632 2214 super—

1056 2225 1158 2253 addite
1172 2233 1304 2253 carmen.

973 2271 1034 2303 Ubi
1064 2272 1267 2313 Epitaphium
1297 2271 1418 2301 duobus
1445 2271 1635 2302 carminibus

972 2320 1158 2351 continetur.
1202 2321 1353 2351 Munus.

1019 2420 1044 2448 l.
1071 2418 1152 2459 Ergo
1175 2418 1256 2459 ega]
1292 2418 1329 2448 In
1358 2417 1463 2448 multis
1485 2418 1573 2449 deest
1597 2420 1634 2450 τὸ

971 2478 1034 2508 ego.
1059 2467 1153 2497 male.
1171 2467 1234 2497 vid.
1256 2478 1341 2508 supr.
1370 2467 1471 2508 Epist.
1502 2478 1534 2498 x.
1564 2468 1634 2498 119.

971 2516 1126 2557 Sufficiam
1154 2516 1313 2556 eleganter
1343 2516 1472 2549 dictum.
1499 2527 1565 2558 pro,
1595 2527 1634 2547 an

971 2576 1029 2605 ego
1054 2565 1136 2595 solus
1161 2564 1324 2595 materiam
1346 2566 1492 2606 praebebo
1514 2566 1634 2601 amicae,

972 2615 1054 2645 unde
1071 2621 1173 2656 posset
1191 2614 1325 2655 objicere
1349 2614 1423 2644 1111111
1448 2615 1587 2650 crimina,
1604 2621 1635 2645 et

971 2675 1060 2694 nemo
1076 2672 1186 2705 practer
1208 2674 1255 2694 me
1281 2664 1349 2694 rcus
1376 2664 1438 2697 fiet,
1466 2675 1565 2705 neque
1589 2670 1635 2694 ta-

972 2724 1042 2744 men
1058 2713 1271 2743 succumbam.
1319 2713 1436 2743 Burni.
