1849 3198
162 178 246 219 280
550 176 600 216 P.
635 173 849 216 OVIDII
883 172 1164 215 NASONIS

165 292 313 347 Quod
339 292 456 354 quia
480 292 544 338 sit
567 291 752 338 lectum
777 290 951 337 sanctii
978 294 1222 352 praesente
1250 285 1428 339 Diana,

232 368 359 416 Esse
384 375 520 414 tuam
544 367 777 422 vinctam,
804 365 1005 412 numine
1029 370 1174 419 teste,
1201 363 1368 410 fidem.

168 446 246 494 Ne
272 452 438 492 tamen
464 446 658 507 ignoret
682 460 794 507 quae
821 444 885 490 sit
909 441 1156 489 sententia
1179 440 1391 503 scripto3

233 522 388 570 Lecta
410 522 500 569 tibi
526 521 777 585 quondam
803 535 934 566 nunc
960 534 1163 580 quoque
1187 517 1338 564 verba
1362 514 1503 562 refer.

165 598 330 656 Nube,
357 615 547 663 precor,
574 599 723 653 dicet,
750 596 829 644 cui
854 603 904 642 te
928 595 1060 641 bona
1082 593 1285 640 numina
1302 594 1547 655 jungunt:

232 676 395 731 Quem
419 675 522 723 fore
540 674 736 739 jurasti,
763 673 828 720 sit
852 687 1003 735 gener
1027 671 1108 718 ille
1133 670 1269 717 mihi.
1454 668 1551 713 216

164 753 406 816 Quisquis
448 753 488 799 is
537 759 629 807 est,
668 751 894 815 placeat3
941 748 1175 812 quoniam
1223 747 1390 810 placet
1436 749 1550 791 ante

229 830 364 878 Talis
390 831 482 878 erit
506 837 678 885 mater,
706 829 747 875 si
772 828 919 875 modo
945 833 1103 873 mater
1127 824 1235 872 erit.
1331 822 1549 884 [Dianae.

164 907 248 954 Sic
273 914 440 955 tamen
465 914 516 954 et
534 912 739 970 quaerat,
761 906 847 968 qui
872 905 966 951 sim
991 909 1327 967 quantusque,
1349 900 1548 963 jubeto:

230 984 456 1032 Inveniet
479 983 618 1030 vobis
644 981 953 1030 consuluisse
980 980 1158 1028 Deam.
1454 978 1552 1021 220

161 1059 348 1117 Insula,
377 1060 605 1124 Coryciis
631 1059 883 1122 quondam
907 1056 1232 1104 celeberrima
1257 1052 1526 1117 Nymphis,

228 1137 459 1200 Cingitur
482 1136 656 1199 AEgeo,
683 1136 881 1183 nomine
908 1135 1030 1190 Cea,
1058 1133 1196 1181 mari.

161 1213 255 1262 Illa
277 1214 397 1261 mihi
419 1214 580 1278 patria
605 1220 697 1261 est.
736 1230 844 1269 nec,
873 1213 913 1260 si
940 1227 1181 1275 generosa
1203 1209 1432 1274 probaris

228 1291 463 1347 Nomina,
489 1290 742 1355 despectis
769 1305 948 1352 arguor
972 1295 1108 1335 ortus
1134 1287 1253 1334 avis.

162 1388 280 1419 Pseud.
298 1389 318 1419 i.
334 1400 416 1420 vers.
433 1389 485 1420 70.
506 1395 537 1421 et
552 1388 667 1431 passim
682 1388 735 1419 ille
751 1390 821 1419 doc-

161 1445 209 1468 tus
227 1443 258 1468 et
269 1440 363 1474 docte,
379 1449 434 1480 pro
450 1443 562 1474 astuto,
583 1437 699 1468 callido
714 1436 822 1468 utitur.

158 1487 278 1517 Bumu.

202 1537 279 1566 219.
304 1536 337 1566 Si
364 1542 462 1566 tamen
486 1542 513 1566 et
537 1542 651 1576 φαεν-αι·
677 1536 742 1575 quis
770 1536 824 1565 sim

156 1586 321 1625 qualisque,
336 1585 465 1625 videta]
516 1585 640 1619 Quiri-at
663 1594 702 1614 ne
722 1589 822 1614 muta.

158 1633 230 1663 vide
253 1633 293 1663 ad
316 1633 417 1675 Epist.
442 1633 518 1664 xvii.
548 1633 620 1663 198.
646 1632 760 1663 deinde
783 1635 824 1663 sic

158 1689 258 1713 tamen
266 1682 471 1724 praetulimus,
487 1682 554 1713 xiii.
572 1682 707 1712 Metam.
724 1682 801 1712 243.

202 1732 252 1762 Sic
275 1738 375 1762 tamen
395 1737 424 1761 et
438 1738 534 1772 spreto
554 1732 705 1771 noctisque
719 1731 822 1762 hostis-

245 1791 301 1821 que
311 1781 437 1820 periclo.

160 1828 280 1860 Eadem
296 1829 465 1870 elegantia,
482 1839 546 1870 qua
560 1830 601 1859 sic
616 1839 727 1868 quoque
740 1839 822 1870 saepe

159 1878 306 1914 occurrit,
323 1877 362 1908 de
378 1888 441 1919 qua
456 1877 495 1908 ad
511 1876 558 1907 iii.
574 1876 644 1907 Art.
658 1876 732 1907 Am.
748 1877 822 1908 265.

159 1933 190 1958 et
206 1928 317 1958 Valer.
334 1927 423 1958 Flac.
440 1926 483 1957 iv.
501 1927 576 1958 598.
621 1927 738 1957 Bumu.

202 1978 279 2007 222.
310 1975 437 2006 Nomine
463 1975 560 2016 Caea.]
597 1975 664 2006 Coea
688 1985 750 2005 non
777 1980 824 2005 est

161 2026 351 2068 adjectivum
362 2025 422 2056 hoc
434 2025 513 2061 loco,
526 2032 560 2056 ut
575 2025 614 2055 E.
628 2024 823 2055 Hubertinus

159 2081 267 2117 putat:
292 2074 347 2105 sed
374 2073 545 2116 proprium.
591 2074 676 2104 Nam
700 2078 731 2104 et
757 2073 821 2103 Pli-

158 2125 230 2155 nius
256 2124 314 2154 lib.
340 2124 373 2153 4.
401 2133 471 2164 cap.
500 2124 551 2153 12.
599 2122 679 2157 Ceos,
708 2122 820 2163 inquit,

158 2185 247 2214 quum
269 2174 362 2203 nosti-i
384 2174 502 2211 quidem
521 2172 622 2207 Ceam,
638 2172 736 2202 Grtsci
753 2172 821 2211 Hy·-

159 2225 282 2254 ‹lrusam
301 2227 420 2253 vocant.
468 2222 508 2251 Et
532 2220 645 2262 virgil.
661 2221 682 2252 i.
706 2221 822 2261 Georg.

161 2274 214 2303 15.

203 2320 243 2350 Et
281 2320 380 2350 cultor
410 2330 574 2354 ventorum,
610 2320 659 2348 cni
693 2320 823 2358 pinguia

247 2369 310 2399 Ceae

207 2419 264 2449 Ter
292 2423 412 2447 centum
439 2418 518 2447 7ιὶυεὶ
547 2418 668 2447 tondent
703 2418 823 2446 dumeta

237 2468 379 2508 juvenci.

162 2516 328 2559 Nymphas
357 2521 473 2551 autem,
499 2525 577 2555 quas
600 2514 651 2544 hic
683 2514 825 2554 Corycias

161 2565 249 2602 (licit,
267 2565 350 2595 idem
364 2565 462 2594 Poeta
481 2564 614 2594 Metam.
634 2564 682 2593 10.
705 2562 823 2603 simpli*

161 2616 238 2646 citer
255 2614 407 2654 Nymphas
425 2614 575 2643 Carthuas
595 2618 695 2647 vocat,
712 2622 730 2641 a
747 2612 822 2640 Car-

164 2666 249 2700 llumi,
271 2672 334 2693 una
358 2673 395 2692 ex
424 2666 557 2702 quatuor
581 2661 710 2692 urbibus
735 2662 821 2691 Ceae.

162 2713 223 2745 Sed
247 2718 350 2744 utrum
376 2722 393 2741 a
420 2710 561 2751 Forycio,
586 2710 669 2751 quod
690 2710 721 2740 in
748 2710 820 2739 Par<

891 1398 981 1418 nasso
1004 1386 1080 1418 fuit:
1107 1397 1147 1417 an
1167 1395 1186 1416 a
1200 1384 1332 1426 Corycio
1348 1382 1469 1414 Ciliciae
1493 1392 1548 1423 ap-

890 1437 1059 1479 pellentur,
1086 1436 1239 1467 hactenus
1270 1434 1435 1465 incertum.
1485 1434 1551 1463 Mr-

890 1497 1031 1517 CYLLus.
1074 1486 1171 1526 Lege,
1192 1484 1269 1520 Cea,·
1294 1489 1357 1513 tam
1378 1482 1440 1519 hic,
1456 1492 1552 1523 quam

891 1535 974 1565 Met.
996 1546 1028 1565 x.
1053 1536 1148 1570 Κεῖος
1172 1533 1255 1563 enim
1280 1538 1327 1563 est
1349 1531 1481 1567 Graecis,
1502 1532 1552 1562 vel

892 1583 987 1621 Κεός.
1033 1583 1142 1614 Insula
1168 1582 1228 1612 Cea
1250 1580 1346 1611 etiam
1369 1580 1552 1611 Columellae

891 1632 976 1663 dicta
990 1632 1047 1662 lib.
1063 1632 1108 1662 ix.
1125 1641 1196 1672 cap.
1210 1631 1244 1660 ii.
1271 1630 1360 1660 Ceam
1371 1629 1553 1671 simpliciter

892 1680 1043 1722 Virgilius
1057 1680 1080 1711 i.
1097 1680 1215 1720 Georg.
1235 1680 1286 1708 14.
1306 1678 1371 1714 ubi,
1387 1683 1466 1709 teste
1482 1679 1552 1709 Ser-

891 1730 951 1766 vio,
966 1729 1108 1771 regnavit
1121 1728 1273 1759 Aristaeus
1296 1727 1435 1769 Cyrenes
1457 1727 1551 1758 filius.

890 1789 945 1820 pro
962 1778 1094 1819 Coryciis
1118 1778 1265 1818 Nymphis
1284 1777 1377 1812 male,
1398 1782 1429 1807 et
1454 1777 1552 1807 invito

890 1832 988 1858 metro
1006 1827 1153 1868 Carystiis
1167 1826 1286 1868 reponit
1310 1826 1449 1856 Ortelius
1470 1826 1552 1857 The-

890 1886 980 1907 sauro
992 1875 1209 1917 Geographico
1225 1875 1257 1904 in
1275 1875 1356 1905 Ceos·
1370 1880 1443 1905 sunt
1457 1874 1552 1912 enim,

893 1935 970 1966 quas
994 1925 1109 1955 Noster
1135 1925 1296 1964 Corycidas
1309 1924 1366 1955 lib.
1382 1923 1404 1955 i.
1418 1925 1552 1955 Metam.

892 1980 994 2005 vocat.
1013 1980 1045 2005 et
1066 1974 1211 2005 Parnassi
1230 1973 1348 2004 incolas
1363 1973 1438 2005 facit
1452 1973 1550 2016 Apol-

891 2023 992 2054 lonius
1007 2024 1086 2054 libro
1101 2023 1135 2054 ii.
1153 2022 1207 2054 ubi
1223 2022 1261 2053 de
1274 2023 1425 2054 Parnasso
1441 2023 1506 2065 agit
1521 2029 1552 2054 et

890 2072 1038 2114 „Apolline
1052 2085 1058 2103 :

934 2122 1050 2153 Πολλὰ
1071 2120 1102 2152 δὲ
1127 2120 1289 2162 Κωρύκιαι
1311 2121 1442 2162 Νύμφαι
1463 2122 1553 2153 πλεί-

973 2182 1058 2202 στοιο
1073 2169 1227 2212 Θυγάτρες

932 2219 1161 2262 (θαρσύνεσκον
1196 2219 1327 2251 ἔπεσσιν
1362 2220 1421 2259 ἰήϊε
1455 2221 1547 2259 κελη-

975 2270 1075 2311 γυῖαι.

891 2318 954 2348 Ubi
972 2317 1125 2348 videndus
1151 2317 1350 2348 Scholiastes.
1378 2318 1550 2350 Hfflxsius.

890 2365 1080 2397 scholiastes
1100 2365 1221 2396 Horatii
1247 2365 1285 2396 ad
1312 2366 1369 2396 lib.
1386 2366 1420 2398 ii.
1446 2367 1510 2399 Od.
1527 2367 1551 2398 i.

890 2415 967 2446 citat
980 2415 1063 2446 hunc
1076 2425 1199 2446 versum
1213 2414 1361 2445 mendose
1373 2428 1379 2445 :

938 2464 1083 2505 Cingitur
1098 2464 1198 2504 AEgaeo
1213 2464 1313 2494 insula
1332 2464 1398 2495 Caea.
1412 2467 1500 2496 mari.

935 2515 1010 2544 223.
1044 2513 1075 2542 Si
1101 2524 1240 2554 generosa
1269 2515 1435 2555 probaris]
1473 2515 1551 2546 Sunt

893 2563 945 2604 qui
970 2564 1100 2602 probatis
1122 2562 1245 2592 malint.
1272 2574 1308 2593 ac
1333 2564 1357 2593 si
1382 2563 1477 2599 dicat,
1493 2565 1552 2599 Tu,

891 2612 1000 2653 tuique
1028 2622 1134 2643 omncs
1162 2613 1299 2653 probatis
1328 2619 1492 2645 stemmata
1520 2614 1553 2644 in

893 2661 1035 2701 conjuge.
1084 2661 1266 2691 Euxmrs.
1296 2665 1301 2669 “’
