1849 3198
567 186 778 218 BENTLEII
802 186 1172 219 EMENDATIONES.
1205 222 1210 224 ,
1529 191 1571 221 25

289 271 414 312 [Mark.
428 283 460 314 p.
475 272 557 304 293:
582 272 657 304 dum
672 272 812 304 nondum
828 273 944 315 fingitis
960 283 1039 310 esse,
1056 284 1152 315 quam
1168 284 1251 306 esses
1262 273 1431 316 juniores.]

162 324 222 355 129
245 323 312 356 Vos
328 336 453 367 quoque
469 337 506 357 ne
520 326 601 357 caris

156 378 221 409 485
524 380 619 411 munii
629 387 772 420 perarate
787 379 940 411 tabellas:
969 380 1063 422 [Am.
1082 380 1103 412 i.
1125 382 1174 412 11.
1193 381 1244 422 7.]

156 432 220 463 532
524 445 627 474 nempe
642 434 766 466 clientis
782 440 866 476 agat.

158 486 222 516 570
244 486 314 518 Nec
329 493 439 528 ruptus

156 539 220 570 572
525 542 651 573 vulnere
664 547 769 573 mente
786 541 873 573 feret.
892 540 945 583 [ii.
963 542 1037 573 535.
1053 541 1141 573 Nux.
1201 542 1228 583 ‚J

158 593 222 624 730
249 593 291 624 Ut
305 604 394 625 mens
408 601 444 626 ut
459 594 552 625 rediit

158 647 219 678 771
246 647 331 678 Nota
347 647 404 679 sibi
420 649 458 679 sit
474 658 627 690 quaeque:

259 938 717 982 REMEDIORUM
750 940 998 982 AMORIS
1033 941 1233 984 LIBER
1267 943 1464 995 UNUS3

158 1086 374 1114 COLLATUS
399 1088 487 1114 CUM
513 1087 664 1114 CODICE
693 1088 816 1114 MSTO.
837 1089 932 1115 CCCC
953 1089 1169 1116 ANNORUM
1193 1090 1398 1119 COLLEGII
1419 1092 1566 1120 SACRO-

465 1151 637 1177 SANCTAE
660 1152 918 1178 TRINITATIS
939 1153 1258 1181 CANTABRIGIAE.

200 1247 220 1277 9
485 1245 547 1287 quii
559 1252 643 1286 potes
658 1250 725 1277 arte
741 1245 861 1287 parari:

184 1299 220 1329 11
483 1309 541 1330 nec
557 1305 687 1330 nostram
703 1299 863 1341 prodimus
879 1306 990 1331 artem:

182 1353 221 1384 16
482 1355 588 1385 sentiet
604 1353 679 1385 artis
694 1364 798 1396 opem.

181 1408 219 1438 17
244 1407 309 1439 Cur
324 1407 439 1450 aliquis
457 1409 559 1449 laqueo
575 1409 687 1439 collum

181 1462 222 1492 25
247 1461 318 1492 Non
333 1466 456 1503 poteras

183 1517 225 1547 32
249 1516 290 1547 Et
305 1521 391 1557 tegat
406 1517 551 1556 oppositas

182 1570 224 1601 34
246 1570 417 1611 Verbaque
433 1569 509 1601 dent
524 1574 616 1601 cauto
633 1570 686 1613 (T.
703 1570 743 1602 C.
760 1576 795 1602 ut
811 1571 948 1612 nostra.)

182 1625 223 1655 47
247 1623 374 1656 Vulnus
389 1624 421 1655 in
437 1625 565 1656 acdilleo

181 1679 224 1710 54
528 1683 639 1721 pectus
653 1678 769 1711 habere
783 1691 881 1711 suum.

182 1732 224 1763 65
250 1733 345 1763 Crede
359 1732 455 1764 Parin

184 1786 224 1817 67
248 1785 355 1829 Impia
369 1785 394 1818 si
410 1793 522 1817 nostros

185 1840 223 1871 71
250 1841 337 1872 Naso
351 1839 504 1882 legendus
519 1851 614 1876 erum,

185 1894 226 1925 72
487 1894 577 1925 Naso
592 1893 744 1935 legendus
759 1905 820 1925 ero.

184 1949 225 1979 73
249 1947 401 1978 Publicus
417 1947 556 1978 adsertor
571 1949 668 1978 virtus

186 2001 228 2033 75
250 2002 295 2033 Te
310 2012 428 2043 precor,
445 2002 593 2042 incipiens

187 2056 230 2086 94
447 2060 494 2086 est
507 2054 594 2096 (lege
610 2054 655 2096 et)
671 2057 723 2096 qui
738 2067 796 2087 non
814 2054 918 2094 hodie,

183 2110 226 2140 95
249 2109 356 2140 Verba
373 2108 428 2140 dat
443 2108 543 2139 omnis
558 2119 672 2145 amans,

183 2163 224 2194 97
483 2164 586 2202 parvis
601 2164 636 2193 cle
652 2162 790 2194 fontibus
805 2167 888 2194 orta:
915 2164 969 2206 (T.
987 2165 1024 2197 C.
1048 2165 1118 2207 lege
1134 2169 1251 2209 magnis
1268 2169 1304 2198 de
1319 2166 1457 2200 fontibus
1472 2169 1572 2210 orta.)

165 2217 225 2247 103
488 2217 622 2248 Veneris
636 2216 971 2259 decerperefimctum,

166 2270 228 2301 106
531 2273 633 2301 acrius
649 2271 739 2302 arbor
756 2271 831 2312 agit.

166 2324 226 2354 112
252 2323 426 2354 Debuerant
443 2324 533 2354 celeri
549 2324 748 2366 praesecuisse
764 2334 872 2356 manu.

167 2377 228 2408 118
577 2379 761 2409 convaluisse
776 2388 860 2409 suas.

167 2432 227 2462 119
253 2432 335 2462 Dum
352 2432 435 2462 furor
452 2432 542 2473 (cum
561 2432 642 2463 furor
657 2433 695 2463 T.
711 2433 750 2464 C.
765 2439 800 2464 ut
815 2433 889 2473 fisa)

168 2485 226 2516 121
533 2496 605 2517 curn
621 2488 773 2517 descedere
788 2486 896 2528 possit,

167 2539 228 2570 123
251 2539 424 2581 Impatiens
440 2542 545 2576 animi,
563 2539 702 2580 (forsan)
718 2550 774 2571 nec
791 2540 895 2571 adhuc
912 2540 1085 2572 tractabilis
1101 2544 1173 2579 arti,
1194 2542 1241 2583 [v.
1261 2544 1350 2584 135.]

169 2593 228 2622 124
534 2593 630 2624 verba
644 2594 777 2624 docentis
791 2593 899 2626 habet.
918 2594 964 2636 [v.
980 2594 1073 2635 298.]

170 2646 230 2677 129
578 2648 746 2687 impleverit
761 2658 899 2689 aegrum;

172 2700 227 2730 131
259 2699 446 2740 Temporibus
464 2699 621 2732 medicina
636 2702 714 2731 valet

171 2753 230 2784 133
579 2754 744 2796 irritosque
762 2756 926 2792 monenda,-
