1849 3198
640 234 984 290 HEROIDES.
1017 235 1110 278 ΕΡ.
1142 234 1198 277 v.
1553 237 1611 278 57

233 354 280 402 N
285 370 381 401 unc
399 352 490 401 tibi
508 351 820 408 conveniunt,
839 366 951 415 quae
968 357 1019 398 te
1043 366 1132 415 per
1156 357 1328 415 aperta
1345 357 1615 417 sequantur

299 431 533 496 AEquora,
557 428 805 493 legitimos
830 427 1204 490 destituantque
1228 435 1376 477 toros.

233 508 303 555 At
325 524 439 555 cum
462 522 654 571 pauper
678 521 804 561 eras,
831 510 1153 567 armentaque
1177 512 1346 568 pastor
1370 507 1570 569 agebaS‚

302 584 468 640 Nulla,
495 584 588 631 nisi
614 583 826 638 OEnone,
853 581 1086 645 pauperis
1110 597 1237 629 uxor
1261 589 1381 630 erat.
1555 587 1617 630 80

238 661 353 709 Non
377 678 470 724 ego
495 661 643 708 miror
667 676 805 724 opes,
832 675 924 706 neo
950 675 1029 707 me
1053 666 1140 706 tua
1162 660 1299 722 regia
1321 661 1495 724 tangit,

304 738 352 786 N
357 755 413 787 ec
438 740 501 787 de
525 745 599 786 tot
623 737 808 785 Priami
833 737 969 784 dicar
992 743 1048 784 ut
1069 753 1167 784 una
1190 753 1358 785 nurus.

241 816 356 865 Non
370 824 537 864 tamen
553 823 609 863 ut
618 816 846 863 Priamus
860 814 1110 879 Nymphae
1123 831 1262 862 socer
1277 831 1387 863 esse
1402 824 1619 876 recuset3

306 894 408 942 Aut
433 894 656 943 Hecubae
680 893 857 941 fuerim
882 892 1240 940 dissimulanda
1263 909 1430 940 nurus.

243 973 508 1037 Dignaque
533 989 658 1028 sum,
680 979 730 1019 et
754 972 900 1036 cupio
919 970 1023 1018 fieri
1047 976 1272 1017 matrona
1295 971 1539 1034 potentis3
1564 975 1624 1019 85

312 1050 440 1098 Sunt
463 1050 599 1106 mihi,
627 1065 751 1113 quas
776 1049 968 1113 possint
992 1054 1189 1111 sceptra
1212 1048 1406 1105 decere,
1433 1065 1625 1097 manus.

246 1127 355 1175 Nec
380 1143 475 1183 me,
502 1127 699 1190 faginea
723 1127 856 1190 quod
881 1133 1046 1174 tecum
1070 1126 1242 1174 fronde
1261 1127 1509 1189 jacebam,

313 1204 559 1268 Despice:
598 1221 847 1269 purpureo
873 1221 982 1251 sum
1007 1204 1164 1266 magis
1190 1210 1306 1268 apta
1328 1211 1450 1252 toro.

248 1282 497 1345 Denique,
516 1289 652 1329 tutus
680 1298 815 1329 amor
838 1298 978 1328 meus
999 1288 1074 1328 est
1097 1281 1203 1328 tibi.
1242 1282 1377 1329 nulla
1399 1289 1633 1346 parantur

317 1359 475 1415 Bella,
501 1376 594 1407 nec
618 1360 819 1407 ultrices
846 1359 1044 1407 advehit
1066 1358 1201 1405 unda
1223 1365 1370 1405 rates.
1569 1364 1632 1407 90

293 1570 347 1600 77.
386 1569 478 1600 Nunc
508 1576 603 1600 tecum
632 1568 786 1610 veniunt]
819 1569 911 1599 Nunc

1152 1564 1303 1597 Romanus
1317 1573 1442 1607 tempore
1454 1570 1550 1607 PI'iSCt’

251 1621 303 1650 tibi
328 1621 509 1650 conveniunt
532 1620 665 1650 Puteani
689 1624 719 1649 et
743 1618 855 1655 Jureti,
881 1624 912 1649 et
1024 1617 1145 1655 Pauper·
1169 1622 1232 1647 erat
1255 1618 1375 1657 pnesul,
1400 1619 1495 1658 regali
1519 1630 1640 1650 munere

251 1669 465 1701 Mentelianus
488 1669 597 1705 codex,
620 1674 652 1700 et
674 1669 817 1699 Francos.
844 1667 911 1699 alii-
1065 1666 1178 1701 crevit,-

252 1729 313 1760 que
330 1718 469 1749 nonnulli
486 1728 523 1749 ex
540 1717 716 1760 praecipuis.
742 1723 834 1748 recte.
859 1717 913 1758 qui
1024 1714 1088 1745 Nec
1113 1721 1211 1745 tamen
1238 1720 1271 1744 ut
1283 1714 1386 1756 fasces
1409 1721 1437 1746 et
1462 1718 1546 1758 regia
1560 1719 1640 1758 jura

252 1767 400 1809 loquendi
422 1767 533 1798 modus
556 1773 659 1798 nostro
675 1773 721 1798 est
743 1766 912 1798 familiaris.
1066 1764 1174 1795 Latini

254 1816 361 1847 Amor.
377 1815 421 1846 iii.
437 1816 528 1857 Eleg.
546 1816 576 1846 8.
1028 1813 1080 1844 Vel
1093 1815 1165 1843 dare
1177 1824 1317 1853 persomt,
1329 1815 1372 1844 vel
1386 1816 1523 1855 cuiquam
1540 1816 1643 1846 tollere

299 1865 388 1896 ἰῶτα
410 1877 526 1901 manus,
544 1867 594 1895 cni
614 1876 696 1895 nunc
721 1876 817 1895 serum
840 1866 917 1895 male
1066 1869 1170 1901 posset.

341 1917 477 1945 convenit
492 1926 615 1944 aurum.
983 1912 1097 1942 Noster
1113 1911 1184 1942 Art.
1198 1911 1271 1941 Am.
1286 1911 1332 1942 iii.
1350 1914 1425 1943 209.

259 1963 400 2006 Epistola
413 1963 573 2005 Sapphus:
1029 1960 1096 1990 Nan
1115 1967 1210 1991 tamen
1227 1968 1262 1991 *nt
1275 1965 1382 2001 positas
1399 1974 1495 1993 mensa
1518 1965 1643 2004 depren-

303 2013 401 2044 Grata
420 2014 517 2053 lyram
533 2014 630 2052 posuit
646 2013 709 2047 ribi,
723 2011 840 2048 Phoebe,
851 2013 918 2052 po'c'-
1070 2011 1124 2040 dut
1139 2016 1255 2040 amator

388 2064 448 2093 tria
465 2062 591 2102 Sappho.
1032 2059 1174 2099 Pyiidas.

349 2111 554 2142 Com-enitilla
564 2112 920 2146 mihi‚m›m·e11itillatibi.
988 2108 1038 2139 Ita
1072 2108 1270 2139 scribendum
1302 2108 1424 2139 videtur
1458 2121 1494 2140 ex
1532 2109 1647 2151 optimo

305 2161 358 2191 83.
386 2161 454 2191 Non
479 2168 575 2191 tamen
601 2168 635 2191 ut
655 2160 821 2200 Priamus]
848 2161 920 2190 Per·
987 2158 1076 2193 libro,
1099 2158 1132 2189 in
1153 2169 1214 2199 quo
1239 2165 1267 2188 et
1286 2160 1395 2197 positas
1416 2159 1519 2200 vulgo,
1540 2162 1648 2199 esposi-

260 2220 366 2252 peram
390 2209 516 2251 quidam
541 2209 723 2245 rescribunt,
749 2216 803 2240 aut
831 2210 921 2239 Prin·
990 2215 1043 2239 tos.
1089 2209 1207 2238 Hfflxs.

261 2271 337 2290 mus.
384 2259 523 2301 Propert.
543 2271 579 2290 11,
596 2270 647 2289 xv.
662 2260 715 2289 21.
1034 2259 1086 2289 85.
1114 2257 1285 2298 Matrona]
1312 2257 1361 2288 Sic
1384 2257 1489 2288 Plaut.
1506 2258 1648 2288 Mostell.

309 2308 376 2338 Non
404 2314 500 2338 lamen
522 2315 556 2338 ut
577 2314 669 2338 vastos
692 2310 784 2338 (iusim
810 2314 923 2338 tentare
991 2307 1013 2338 i.
1031 2308 1063 2337 3.

352 2358 456 2387 leones.
1036 2356 1258 2391 Matrmvoemon
1273 2358 1457 2386 meretricum
1472 2362 1522 2392 est,
1538 2368 1554 2385 u
1562 2357 1591 2385 711*
1605 2357 1651 2385 ιἠ-

266 2405 416 2447 Virgilius
432 2406 485 2437 xii.
502 2406 631 2437 AEneid.
1075 2407 1184 2436 servire
1197 2407 1322 2435 amanti.

309 2455 611 2497 Jutnrnnm,fitteor,
635 2458 737 2486 misero
752 2468 926 2487 succurrere
1039 2455 1220 2484 Matronalis
1237 2455 1367 2485 habitus.
1414 2454 1530 2485 Justin.
1548 2455 1600 2485 vii.
1618 2457 1650 2485 3.

343 2504 446 2546 fratri
1036 2505 1087 2533 89.
1122 2503 1257 2543 Denique
1291 2510 1373 2533 tulus
1401 2515 1482 2533 amor
1508 2516 1586 2534 meus
1612 2512 1651 2534 est

311 2554 409 2589 Suasi,
426 2561 454 2584 et
467 2566 521 2594 pro
532 2557 594 2585 vita
610 2556 721 2593 majora
736 2556 846 2585 andere
859 2567 926 2595 pro-
995 2552 1077 2592 tihi]
1102 2551 1152 2582 Sic
1177 2552 1339 2593 distinguit
1354 2553 1541 2589 Puteaneus‚
1555 2560 1586 2584 et
1601 2554 1653 2584 alii

355 2604 434 2633 bavi.
995 2601 1135 2644 quidam.
1183 2602 1262 2632 Puto
1275 2602 1488 2632 scribendum:

315 2652 385 2682 Non
399 2659 433 2682 ut
452 2654 512 2683 tela
526 2659 636 2688 tamen,
648 2664 704 2683 non
722 2659 756 2683 nt
773 2655 929 2684 contende-
1042 2651 1177 2691 Denique
1199 2657 1282 2681 tutus
1302 2662 1383 2681 amor
1407 2662 1486 2682 meus
1504 2658 1558 2682 est.
1585 2652 1655 2681 mihi

354 2707 401 2731 ret
416 2712 503 2732 arcu.
1124 2701 1211 2729 nulla
1224 2707 1380 2741 parantia·

272 2750 463 2787 Gunffierus,
485 2750 538 2792 qui
553 2755 691 2781 veterum
707 2750 930 2792 elegantiarum
1086 2749 1184 2785 Bella,
1209 2761 1262 2780 nec
1287 2751 1408 2781 ultrices
1428 2751 1551 2781 advehet
1573 2751 1656 2779 undu

271 2799 425 2831 studiosus
440 2805 499 2831 est.
515 2799 571 2831 lib.
586 2798 618 2829 ii.
636 2798 742 2840 Ligur.
1126 2805 1217 2829 rates.
