1849 3198
666 227 1010 268 HEROIDES.
1043 226 1136 267 ΕΡ.
1170 224 1315 267 XIII.

1605 225 1688 265 167

303 342 412 390 Hoc
439 359 640 406 quoque
665 358 973 406 praemoneo:
1009 342 1071 389 de
1097 358 1220 389 nave
1245 341 1539 388 novissimus
1565 340 1663 387 exi.

370 420 484 468 Non
505 428 595 477 est,
624 437 722 484 quo
747 436 1000 485 properes,
1027 426 1157 467 terra
1181 426 1388 482 paterna
1410 418 1516 465 tibi.

1594 420 1687 464 100

303 497 433 544 Cum
458 499 641 554 venies,
669 514 906 560 remoque
931 513 1072 544 move
1094 497 1307 559 veloque
1332 496 1549 542 carinam
1571 513 1580 552 3

368 575 527 638 Inque
552 583 636 622 tuo
662 576 875 622 celerem
900 575 1040 621 litore
1067 574 1185 620 siste
1211 573 1435 635 gradum.

303 652 417 699 Sive
442 654 562 700 latet
587 652 825 707 Phoebus,
854 668 941 699 seu
966 651 1107 698 terris
1134 650 1276 697 altior
1301 658 1492 706 exstat3

368 730 442 777 Tu
467 731 585 777 mihi
609 731 720 777 luce
746 731 898 785 dolor,
926 737 979 776 tu
1005 729 1124 775 mihi
1143 736 1304 783 nocte,
1331 728 1486 774 venis.

303 808 465 856 Nocte
490 816 672 863 tamen,
691 825 841 871 quam
859 810 987 863 luce,
1006 807 1180 869 magis.
1209 822 1308 852 nox
1328 812 1468 867 grata
1485 804 1687 867 puellis:

368 885 590 940 Quarum
616 886 903 950 suppositus
931 885 1059 932 colla
1081 885 1295 931 lacertus
1320 883 1487 929 habet.

1599 883 1689 928 106

300 962 536 1027 Aucupor
560 964 610 1010 in
634 964 764 1011 lecto
790 963 1056 1010 mendaces
1083 961 1256 1008 caelibe
1282 976 1498 1007 somnos.

370 1040 504 1087 Dum
529 1057 672 1088 careo
698 1041 842 1096 veris,
871 1040 1054 1103 gaudia
1075 1039 1200 1086 falsa
1218 1035 1408 1101 juvant.

303 1118 405 1166 Sed
430 1125 516 1165 tua
537 1135 626 1165 cur
651 1119 792 1166 nobis
812 1119 1003 1183 pallens
1029 1116 1243 1165 occurrit
1266 1117 1430 1178 imago
1451 1116 1468 1161 l

371 1195 474 1242 Cur
498 1195 632 1243 venit
657 1212 686 1243 a
708 1196 870 1243 verbis
896 1196 1052 1242 multa
1077 1193 1281 1258 querela
1303 1193 1436 1240 tuis?

1600 1195 1692 1238 110

304 1271 545 1320 Excutior
569 1289 771 1330 somn03
813 1273 1177 1335 simulacraque
1203 1271 1363 1317 noctis
1390 1270 1556 1324 adoro,

369 1350 521 1398 Nulla
544 1359 680 1399 caret
704 1351 837 1398 fumo
862 1350 1115 1398 Thessalis
1141 1365 1226 1396 ara
1249 1365 1378 1396 meo.

301 1428 436 1476 Tura
459 1429 651 1485 damuS‚
678 1429 1035 1492 lacrimamque
1067 1444 1244 1491 super3
1285 1443 1385 1490 qua
1409 1442 1583 1490 sparsa
1617 1441 1691 1473 re-

371 1506 442 1553 Ut
466 1507 593 1554 solet
618 1507 791 1554 adfuso
818 1523 1020 1570 surgere
1045 1507 1246 1553 flamma
1270 1521 1422 1552 mero.

1519 1504 1690 1566 [lucet,

303 1583 514 1638 Quando
535 1600 643 1647 ego,
665 1591 714 1632 te
739 1585 974 1632 reducem
999 1583 1194 1647 cupidis
1221 1582 1454 1645 amplexa
1476 1581 1692 1636 lacertis,

371 1661 628 1724 Languida
650 1662 819 1709 laetitia
844 1663 1004 1709 solvar
1029 1662 1090 1709 ab
1117 1661 1226 1725 ipsa
1248 1659 1392 1707 mea?

348 1843 419 1873 113.
445 1842 527 1873 Tura
542 1845 647 1874 dumus
670 1845 892 1885 luchrymasque
912 1856 961 1874 su·

298 1904 372 1932 per:
403 1903 465 1932 quae
493 1903 593 1932 sparsa
622 1893 787 1933 relucent.]
830 1893 963 1923 Videtur

302 1951 370 1972 esse
389 1939 614 1972 ἀσύντακτον,
637 1941 780 1982 quamvis
805 1941 876 1972 ferri
890 1952 962 1983 pos-

302 1990 352 2026 sit,
371 1995 404 2020 ut
416 1989 456 2019 ad
471 1994 520 2020 tus
532 2000 603 2020 cum
619 1989 786 2031 lachrymis
799 1991 961 2021 referatur.

302 2039 440 2079 Scaliger
455 2049 472 2069 e
485 2049 540 2069 suo
556 2039 664 2069 codice
678 2045 841 2070 annotarat
855 2051 861 2069 z
881 2038 964 2070 Tura

302 2091 418 2125 damus,
448 2089 685 2129 lachrymamque
709 2099 807 2128 super,
833 2091 884 2129 qui
912 2080 964 2119 or‘a

303 2140 430 2169 relucet.
470 2138 497 2168 E
512 2148 574 2179 quo
590 2137 718 2168 fortasse
734 2149 839 2169 veram
856 2137 963 2169 lectio-

304 2199 376 2219 nem
393 2187 520 2218 feceris:

350 2238 432 2268 Tura
458 2238 572 2273 damus,
606 2237 828 2277 Iuchrymasque
856 2247 962 2276 super:

430 2288 511 2327 queis
525 2298 578 2317 ura
595 2288 720 2323 relucet,
941 2293 945 2298 '

396 2336 437 2366 Ut
469 2337 539 2366 solet
569 2336 665 2378 affuso
694 2347 817 2377 surgere
837 2336 966 2376 flamma

434 2396 522 2416 mero.
638 2385 730 2416 DAN.
747 2385 921 2415 mesws.

307 2434 543 2475 Lacrymamque
571 2433 676 2465 iidem.
713 2434 757 2465 sic
787 2432 887 2475 ὂιίκρυ
911 2443 966 2475 pro

305 2482 430 2524 δάκρυα
459 2493 541 2524 saepe
570 2482 654 2524 apud
682 2483 797 2513 Poetas
826 2483 965 2513 Graecos.

305 2532 430 2563 Deinde
446 2544 508 2573 quae
523 2543 625 2572 sparsa
641 2534 752 2563 relucet
768 2538 889 2563 veteres
900 2542 964 2561 om-

306 2591 372 2617 nes,
388 2587 500 2622 praeter
523 2582 728 2617 Puteaneum,
745 2581 776 2611 in
792 2591 854 2622 quo
872 2591 966 2621 qna‘sa

305 2631 430 2666 relucet,
443 2637 474 2661 et
485 2631 695 2666 emendatum,
707 2633 771 2671 quis
782 2642 847 2660 ura.
871 2631 965 2670 Lego,

306 2691 365 2720 qua
387 2691 487 2719 sparsa
510 2681 636 2715 relucet,
661 2680 785 2710 flamma
812 2679 966 2715 nimirum,

308 2728 392 2769 quod
407 2728 558 2770 sequitur.
582 2740 640 2769 qua
651 2728 851 2769 subintellige
867 2728 967 2769 lacry-

308 2785 372 2807 ma.
397 2777 480 2819 apud
501 2777 662 2808 Lucanum
678 2777 733 2809 lib.
749 2777 782 2808 ii.
800 2778 853 2809 30.
876 2783 908 2808 et
924 2778 967 2808 lu-

1601 1662 1691 1706 116

1030 1844 1160 1884 chrymis
1174 1853 1306 1882 sparsere
1324 1841 1410 1871 Deos.
1436 1841 1515 1871 Stat.
1535 1840 1695 1881 Lacrymis

1030 1891 1173 1923 Etrusci:

1074 1941 1184 1981 Spargi
1201 1938 1456 1979 lucrymisfrigus
1471 1944 1565 1968 umut.

1031 1989 1212 2032 Horattlib.
1227 1988 1259 2019 ii.
1275 1988 1338 2018 Od.
1351 1987 1392 2017 vi.

1076 2039 1187 2069 Debita
1201 2048 1319 2079 sparges
1336 2036 1625 2078 lacrymafavillum

1252 2086 1334 2116 Vatis
1347 2087 1449 2116 amici.
1533 2087 1652 2118 Hmss.

1078 2138 1151 2168 116.
1176 2137 1342 2178 Languida
1380 2137 1486 2166 laeritiu
1524 2137 1622 2167 solvar
1658 2141 1695 2167 al»

1032 2190 1094 2227 ipsa
1131 2197 1206 2217 mea.
1266 2185 1354 2215 Male
1385 2186 1511 2215 tristitia
1543 2185 1671 2226 quidam
1687 2200 1692 2217 :

1033 2245 1225 2278 quamquam
1241 2234 1324 2276 apud
1341 2233 1431 2275 Virg.
1450 2235 1526 2265 AEn.
1544 2234 1567 2264 l.
1585 2234 1619 2265 ii.
1637 2237 1694 2267 26:

1077 2286 1158 2327 Ergo
1174 2286 1267 2314 omnis
1294 2285 1380 2326 longo
1399 2284 1491 2315 solvit
1515 2295 1543 2314 se
1567 2284 1695 2316 Teucria

1118 2335 1216 2365 luctu.

1033 2385 1075 2416 Et
1089 2383 1172 2426 apud
1186 2383 1306 2414 Tibull.
1329 2383 1385 2414 lib.
1403 2383 1425 2414 i.
1440 2383 1532 2424 Eleg.
1549 2383 1615 2414 viii.
1633 2385 1693 2415 39:

1077 2434 1215 2464 Bacchus
1226 2439 1254 2464 et
1270 2434 1420 2475 agricolae,
1435 2444 1544 2475 magno
1559 2434 1693 2475 conjectu

1164 2484 1262 2513 labore

1102 2531 1227 2562 Pectora
1240 2530 1371 2562 tristitiae
1388 2530 1588 2562 dissoluenda
1602 2532 1695 2562 dedit.

1034 2580 1098 2611 Ubi
1114 2586 1218 2611 tamen
1235 2582 1344 2612 laetitiae
1359 2581 1421 2622 legi
1437 2581 1561 2612 omnino
1578 2581 1695 2616 malim,

1034 2640 1136 2671 neque
1153 2629 1242 2660 aliter
1260 2630 1415 2666 Muretus,
1431 2635 1463 2660 et
1481 2636 1568 2660 vetus
1591 2640 1695 2660 exem-

1035 2679 1103 2720 plar
1131 2679 1246 2720 Angeli
1275 2678 1388 2710 Colotii
1419 2679 1502 2720 apud
1536 2678 1693 2709 Achillem

1035 2727 1182 2759 Statium.
1228 2728 1279 2759 Sic
1296 2739 1373 2759 mero
1383 2730 1466 2763 solvi,
1483 2735 1514 2758 et
1528 2729 1600 2757 mlvi
1614 2739 1692 2765 guu-

1037 2780 1102 2808 dio:
1132 2784 1250 2814 contra,
1277 2779 1420 2808 adstricta
1452 2778 1551 2808 dolore
1578 2783 1696 2816 pectam

1121 2832 1199 2862 M4
