1849 3198
639 202 937 243 AMORUM.
996 201 1116 242 LIB.
1151 202 1214 243 II.
1248 204 1287 243 1,
1577 206 1662 247 347

266 317 433 364 Ausus
461 334 595 365 eram
622 316 870 380 (memini)
896 317 1120 364 coelestia
1144 318 1310 364 dicere
1335 318 1481 374 bella,

333 395 789 457 Centimanumque
817 382 1027 457 Gygen3
1069 401 1119 441 et
1144 395 1264 441 satis
1291 395 1388 441 oris
1414 403 1546 444 erat:

267 471 397 517 Cum
423 473 552 519 male
578 488 631 519 se
657 471 825 518 Tellus
851 471 956 518 ulta
981 478 1073 526 est,
1102 471 1397 534 ingestaque
1419 472 1639 537 Olympo

330 547 503 595 Ardua
526 549 775 595 devexum
802 547 978 594 Pelion
1007 546 1139 594 Ossa
1162 548 1291 594 tulit.

265 623 324 670 In
349 626 577 673 manibus
604 626 814 680 nimbos,
843 632 893 672 et
916 641 1030 671 cum
1056 624 1179 671 Jove
1205 624 1391 672 fulmen
1417 626 1636 682 habenti,

330 701 477 756 Quod
502 704 631 750 bene
656 719 745 766 pro
771 703 896 749 coelo
922 703 1143 749 mitteret
1166 703 1248 749 llle
1273 719 1379 757 suo,
1599 708 1655 751 16

264 777 459 826 Clausit
484 781 644 827 amica
668 780 814 827 fores.
855 797 947 842 ego
973 796 1087 827 cum
1112 779 1237 827 Jove
1262 779 1451 826 fulmen
1476 781 1636 828 omisi.

328 855 534 905 Excidit
557 858 754 920 ingenio
779 857 977 921 Jupiter
997 858 1104 921 ipse
1130 873 1257 903 meo.

259 931 472 995 Jupiter,
500 935 730 996 ignoscas
751 952 759 982 :
801 934 869 980 nil
894 950 973 981 me
999 940 1085 981 tua
1108 934 1209 982 tela
1226 934 1484 996 juvabant.

329 1009 515 1058 Clausa
539 1018 624 1058 tuo
650 1013 810 1074 majus
830 1013 987 1074 janua
1010 1011 1199 1058 fulmen
1224 1017 1345 1058 erat.
1590 1015 1654 1058 20

261 1085 539 1134 Blanditias
565 1089 836 1151 elegosque
861 1088 1012 1143 leves,
1041 1104 1154 1135 mea
1177 1088 1292 1142 tela,
1320 1088 1558 1143 resumsi3

326 1163 616 1212 Mollierunt
639 1166 788 1212 duras
813 1166 944 1213 lenia
966 1167 1118 1213 verba
1142 1165 1288 1213 fores.

261 1240 497 1289 Carmina
521 1244 804 1305 sanguineae
830 1244 1086 1290 deducunt
1112 1259 1297 1290 cornua
1324 1241 1504 1299 Lunae3

327 1317 393 1365 Et
417 1327 650 1366 revocant
673 1320 841 1367 niveos
871 1320 1000 1367 Solis
1028 1320 1190 1367 euntis
1217 1335 1390 1382 equos.

260 1395 493 1443 Carmine
519 1397 784 1453 dissiliunt,
813 1398 1036 1461 abruptis
1063 1397 1305 1451 faucibus,
1333 1412 1538 1458 angues,
1587 1400 1649 1443 25

325 1473 486 1536 Inque
512 1491 628 1521 suos
654 1475 815 1522 fontes
841 1491 983 1522 versa
1007 1475 1213 1522 recurrit
1238 1489 1384 1536 aqua.

303 1666 352 1696 12.
378 1665 645 1706 Centimanumque
666 1666 802 1709 Gygen]
829 1668 922 1698 Certe

257 1725 337 1745 unus
367 1714 541 1751 Palatinus,
573 1716 682 1746 Giam:
721 1716 773 1746 alii
806 1716 921 1758 plures,

259 1765 391 1806 Gygam.
418 1764 646 1807 Rottendorph.
674 1765 767 1796 Gian.
794 1765 921 1808 Apollo-

256 1814 349 1845 dorus
385 1814 472 1844 initio
508 1814 732 1845 Bibliothecae:
772 1816 922 1857 Οὐρανὸς

259 1867 385 1906 πρῶτος
402 1865 459 1894 τοῦ
476 1865 606 1901 παντὸς
620 1863 829 1896 ἐδυνάστευσε
845 1865 920 1895 κόσ-

254 1925 329 1954 μου.
356 1912 465 1954 γὴμας
490 1912 521 1943 ὂὲ
542 1915 624 1951 Γῆν,
651 1912 802 1944 ἐτέκνωσε
831 1914 918 1955 πρώ-

256 1974 332 1999 τους
348 1962 425 1998 τοὺς
439 1960 918 2004 Ἑκατόγχεῳαςπροσαγορευ-

255 2009 385 2047 θέντας,
428 2009 600 2051 Βριάρεων,
638 2010 742 2048 Γὺην,
781 2011 919 2042 Κόττον.

255 2059 317 2090 Sed
344 2070 440 2101 quum
466 2059 560 2090 ceteri
586 2065 739 2095 auctores,
765 2059 920 2091 Hesiodus

256 2120 368 2151 nempe
384 2109 415 2139 in
426 2108 618 2149 Theogonia,
631 2109 760 2151 ejusque
773 2119 809 2140 ac
822 2110 920 2151 Apol-

255 2158 330 2189 lonii
346 2158 461 2188 Rhodii
477 2158 683 2196 Scholiastes3
707 2159 920 2200 Palaephatus,

255 2213 364 2238 auctor
385 2207 593 2249 Etymologici
617 2208 649 2238 in
670 2208 917 2251 Τριτοπάτορες,

255 2261 286 2286 et
299 2256 352 2286 alii
368 2256 481 2297 Γύγην
498 2256 669 2298 appellent,
683 2257 810 2298 Hygino
824 2258 919 2288 etiam

257 2304 358 2346 Gyges
394 2304 444 2340 sit,
476 2305 703 2347 Apollodorum
742 2307 844 2347 potius
882 2318 919 2337 ex

255 2352 302 2383 his
318 2353 560 2389 emendandum,
585 2365 678 2395 quam
698 2354 752 2385 hos
768 2365 805 2385 ex
822 2356 919 2397 Apol—

254 2403 369 2439 lodoro,
399 2413 509 2445 parum
535 2404 624 2435 abest
652 2405 727 2446 quin
762 2415 918 2436 censeam.

255 2451 375 2482 mes.
422 2452 540 2483 Ama.

302 2503 350 2532 15.
374 2502 498 2541 Jupiter
514 2504 543 2532 in
561 2503 726 2543 manibus]
760 2503 917 2534 Sarravia-

256 2562 325 2587 nus,
354 2551 595 2587 Arondelianus,
621 2558 652 2582 et
682 2552 821 2593 quinque
853 2553 917 2586 alii,

257 2611 327 2631 cum
344 2601 444 2642 prima
459 2600 593 2631 editione
610 2613 616 2630 :

303 2650 336 2679 In
355 2652 488 2680 munibus
515 2652 620 2680 nimbos
637 2657 661 2681 cl
682 2662 746 2680 cum
764 2651 917 2691 Jm‘esnl-

342 2710 405 2728 men
424 2700 572 2728 habebam.

257 2748 366 2779 Recte.
414 2749 524 2789 Neque
547 2748 635 2779 aliter
656 2749 844 2782 Putcancns,
862 2750 916 2779 nisi

992 1666 1074 1708 quod
1098 1668 1130 1697 in
1156 1666 1210 1696 illo
1233 1676 1290 1696 vox
1315 1666 1424 1695 nimbos
1447 1664 1652 1695 desideratur.

992 1716 1075 1746 unde
1090 1722 1182 1746 natus
1198 1726 1290 1746 error.
1329 1714 1433 1745 Ceteri
1448 1714 1583 1749 codices,
1593 1715 1652 1744 Ju-

988 1767 1069 1805 piter
1091 1768 1123 1796 in
1139 1767 1284 1796 munibus.
1309 1763 1370 1794 duo
1391 1768 1551 1805 praeterea.
1567 1765 1652 1795 habe-

990 1816 1051 1845 bat.
1070 1825 1150 1845 unus
1166 1813 1292 1849 Moreti,
1309 1814 1442 1843 habenti.
1459 1812 1589 1854 optime.
1605 1825 1651 1844 re-

990 1865 1034 1894 fer
1049 1864 1088 1894 ad
1104 1862 1287 1905 sequentia:

1034 1913 1071 1944 In
1088 1915 1222 1943 manibus
1238 1913 1347 1942 nimbos
1370 1919 1398 1942 et
1413 1923 1481 1942 cum
1493 1912 1566 1943 Jove
1576 1912 1650 1954 sul-

1118 1974 1182 1992 men
1198 1963 1327 1996 habenti,

1077 2011 1194 2041 Clausit
1210 2010 1408 2052 amicafhres.
1489 2011 1609 2040 mes.

1035 2060 1083 2090 17.
1117 2060 1244 2091 Fulmen
1268 2060 1381 2099 omisi]
1418 2060 1484 2100 Ego
1508 2058 1651 2089 codicum

989 2109 1124 2145 Ciofani,
1156 2115 1188 2140 et
1216 2109 1354 2144 Aldinae,
1384 2107 1591 2149 Micyllianae,
1621 2114 1653 2139 et

989 2159 1242 2190 Bersmannianae
1273 2158 1452 2188 Editionum
1483 2157 1575 2187 fidem
1604 2168 1653 2188 se-

989 2208 1208 2249 quor,fnlme1z
1231 2209 1324 2238 omisi.
1347 2218 1418 2238 cum
1434 2206 1509 2248 quia
1532 2217 1649 2247 praece-

988 2257 1075 2288 denti
1090 2269 1180 2289 versu
1193 2258 1319 2300 fulmen
1336 2263 1392 2293 est,
1411 2256 1494 2298 quod
1517 2256 1566 2287 hic
1591 2267 1651 2287 non

987 2313 1071 2337 recte
1083 2307 1261 2348 infulmina
1277 2305 1405 2336 transire
1416 2305 1538 2335 videtur
1553 2317 1559 2341 ;
1586 2310 1651 2335 tum

988 2356 1156 2397 praecipue,
1173 2361 1207 2385 ut
1226 2354 1413 2395 ambiguitas
1429 2353 1554 2384 vitetur.
1578 2354 1653 2395 quia

978 2406 1120 2446 fulmina
1144 2406 1271 2439 mittere,
1287 2403 1447 2433 sollemnis
1463 2409 1509 2433 cst
1524 2403 1652 2438 locutio,

988 2454 1170 2494 projacere,
1187 2462 1223 2482 ex
1249 2452 1330 2483 coelo
1354 2451 1529 2486 demittere,
1546 2458 1578 2481 ct
1592 2451 1651 2481 hoc

988 2503 1094 2533 Poeta:
1121 2503 1217 2532 menti
1242 2506 1407 2543 repugnat.
1431 2502 1565 2530 omittere
1581 2511 1652 2530 vero

987 2552 1108 2593 proprie
1126 2557 1173 2582 cst
1189 2551 1228 2581 de
1244 2550 1389 2581 manibus
1405 2549 1579 2583 demittere,
1597 2550 1650 2578 Se-

987 2613 1055 2632 nec.
1071 2601 1187 2642 Agam.
1199 2602 1273 2631 241.

1037 2651 1169 2680 Proinde
1202 2652 1286 2680 auulsi
1318 2650 1446 2687 reginum
1477 2659 1491 2677 e
1522 2649 1655 2676 munitm:-

1076 2701 1154 2729 meis.
1492 2697 1516 2725 B
1523 2708 1538 2725 ι’
1547 2707 1562 2726 1(
1570 2707 1606 2726 M.
