1849 3198
611 261 956 304 HEROIDES.
988 262 1082 304 ΕΡ.
1115 262 1178 304 ΙΙ.
1536 265 1592 306 19

204 374 372 439 Atque
398 377 604 440 aliquis;
635 376 822 424 Doctas
841 377 1102 440 jamnunc
1128 378 1418 442 eat,'inquit‚
1435 378 1589 427 Athe-

268 452 562 501 Armiferam
586 453 828 510 Thracen,
855 453 940 516 qui
965 460 1119 516 regat,
1147 454 1270 501 alter
1293 455 1400 502 erit.
1452 456 1588 518 [nasz

204 529 384 578 Exitus
410 539 521 579 acta
543 532 735 596 probat.
774 538 941 579 careat
964 531 1278 578 successibus
1303 539 1438 595 opto,

1526 536 1592 581 85

272 606 509 671 Quisquis
536 610 598 656 ab
624 615 802 656 eventu
827 608 959 655 facta
982 609 1198 655 notanda
1222 615 1380 671 putat.

192 683 270 731 -At
294 685 334 731 si
359 692 525 733 nostra
546 693 632 733 tuo
657 693 977 750 spumescant
1001 702 1201 749 aequora
1223 702 1375 742 remo,

269 761 299 808 J
304 778 383 809 am
406 763 543 820 mihi,
564 764 670 827 jam
694 764 830 811 dicar
853 764 1162 811 consuluisse
1187 763 1326 810 meis.

206 838 307 886 Sed
332 856 493 903 neque
518 841 770 889 consului:
800 857 891 888 nec
916 847 966 888 te
990 856 1103 887 mea
1125 840 1262 902 regia
1283 845 1470 902 tanget,

272 915 484 965 Fessave
511 917 737 966 Bistonia
754 919 978 966 membra
1001 918 1187 966 lavabis
1213 933 1359 981 aqua.

203 1049 243 1079 Et
257 1048 335 1079 ibid.

335 1099 487 1129 connubia
503 1106 603 1130 nostra

246 1148 403 1188 Reppulit,
432 1160 467 1179 ac
500 1151 652 1180 dominum
682 1150 799 1181 AEneun
828 1152 861 1181 in

288 1209 382 1239 regna
396 1201 518 1238 recepit.

247 1247 300 1278 85.
327 1247 434 1278 Exitus
447 1254 514 1279 acta
533 1248 668 1289 probat]
693 1249 764 1279 Non
779 1255 862 1280 recte

203 1295 321 1338 cepisse
342 1296 409 1327 haec
432 1298 526 1328 verba
545 1296 621 1327 mihi
644 1296 788 1328 videntur
807 1298 863 1329 viri

204 1345 328 1376 eruditi.
351 1345 451 1388 priora
472 1347 577 1382 verba,
592 1348 687 1377 eiitus
709 1353 775 1377 acta
794 1358 862 1386 pro-

205 1396 286 1431 bant,
316 1401 386 1426 sunt
414 1395 581 1431 Thracum,
610 1396 663 1437 qui
690 1395 865 1427 illudebant

204 1443 338 1474 credulae
360 1443 452 1475 nimis
471 1444 621 1485 Phyllidi,
647 1452 676 1475 et
700 1446 863 1487 exprobra-

205 1494 280 1524 bant
304 1493 362 1536 ipsi
386 1493 579 1530 facilitatem,
605 1504 668 1535 qua
690 1505 722 1525 se
752 1494 864 1536 hospiti

204 1542 384 1578 tradiderat,
397 1553 467 1573 cum
483 1553 519 1573 ex
536 1548 648 1573 eventu
664 1553 745 1573 nunc
760 1542 865 1574 videat

204 1591 365 1633 perfidiam
411 1592 667 1633 Demophoontis.
703 1592 866 1634 respondet

205 1640 269 1678 illa,
288 1652 399 1672 vovens
415 1641 608 1672 successibus
630 1653 735 1673 omnes
750 1652 864 1678 carere,

205 1691 259 1732 qui
281 1690 326 1722 ita
349 1696 645 1733 argumentaremur,
670 1698 701 1722 et
721 1697 865 1733 putarent

205 1739 275 1770 ideo
290 1740 469 1771 damnanda
483 1746 514 1771 et
530 1740 666 1771 notanda
686 1750 751 1771 esse
771 1740 863 1776 fucta,

206 1790 280 1830 quia
296 1790 377 1820 male
398 1795 429 1821 et
442 1796 553 1832 praeter
567 1788 741 1832 opinionem
756 1788 860 1820 eveni-

205 1845 283 1869 rent.
307 1839 453 1870 Barthius
467 1838 523 1870 lib.
544 1850 616 1870 xxv.
635 1839 755 1870 advers.
775 1840 805 1869 5.
826 1839 862 1868 ab

206 1894 313 1918 eventu.
338 1888 475 1930 explicat
499 1895 571 1919 ante
591 1894 755 1925 eventum3
779 1887 862 1928 quod

206 1936 282 1967 sorte
297 1948 335 1968 ex
350 1937 458 1977 glossis
472 1937 586 1974 hausit,
601 1948 674 1968 nam
688 1937 720 1967 in
736 1936 862 1978 quibus-

208 1985 281 2016 dam
303 1985 462 2017 codicibus
487 1986 537 2017 hic
565 1986 636 2017 talis
656 1984 867 2027 interpretatio

207 2035 367 2077 reperitur,
380 2037 416 2066 ab
440 2042 558 2072 eventu,
581 2049 598 2067 a
620 2037 770 2075 principio
778 2047 788 2072 ;
813 2035 867 2066 sed

206 2084 348 2115 inaudita
369 2084 424 2116 illa
445 2085 528 2116 vocis
548 2087 585 2116 ab
604 2084 797 2127 significatio,
813 2095 867 2115 ne·

208 2143 269 2175 que
291 2133 407 2164 Tibulli
429 2134 524 2171 locus,
549 2145 642 2176 quem
665 2133 868 2175 depravatum

210 2183 350 2220 adducit,
361 2183 459 2214 hilum
470 2184 570 2226 juvat.
582 2190 664 2215 recte
675 2183 823 2214 Heinsius
833 2184 869 2213 ab

210 2232 262 2263 hic
290 2238 359 2274 post
387 2239 492 2264 notare
517 2233 633 2264 docuit.
658 2239 689 2264 et
716 2233 761 2263 ita
787 2242 868 2274 saepe

209 2282 322 2313 Noster
333 2294 362 2313 v.
376 2282 419 2314 iii.
432 2283 512 2314 Met.
521 2283 594 2314 273.
606 2289 637 2314 et
647 2284 688 2314 iv.
700 2283 773 2313 329.
782 2281 822 2312 iv.
831 2292 868 2312 ex

213 2332 304 2363 Pont.
316 2344 347 2363 v.
361 2333 414 2363 26.
429 2339 460 2364 et
474 2333 518 2364 ita
538 2344 575 2363 ex
593 2333 686 2363 MSS.
703 2330 870 2373 legendum

211 2380 267 2412 inf.
281 2381 337 2423 Ep.
350 2393 378 2412 v.
393 2382 463 2413 152.
476 2388 503 2412 et
519 2395 536 2412 ιι
552 2388 648 2412 nostro
668 2383 787 2412 saucius
801 2382 871 2422 igne

214 2430 289 2465 fuit.
309 2436 340 2461 et
365 2442 396 2461 x.
422 2432 472 2462 16.
495 2444 513 2462 a
537 2443 632 2462 somno
655 2432 789 2461 turbida.
815 2429 868 2461 ubi

210 2479 292 2510 vide.
313 2479 423 2510 melius
445 2479 593 2522 potuisset
619 2479 766 2511 Barthius
788 2489 866 2520 prae-

209 2526 366 2570 positionis
381 2528 471 2571 hujus
491 2528 756 2570 significationem,
773 2538 865 2569 quam

208 2575 267 2618 ipsi
289 2576 428 2618 adfingit,
447 2588 484 2608 ex
507 2577 624 2618 aliquot
646 2577 740 2608 nostri
762 2578 866 2608 Poetae

210 2625 286 2657 locis
304 2626 335 2657 in
358 2624 442 2657 libris
463 2627 623 2657 Fastorum
644 2626 814 2663 adstruere,
834 2632 868 2658 ut

210 2674 233 2705 i.
244 2674 268 2705 F
270 2680 329 2706 ast.
343 2675 416 2705 711.

258 2724 331 2755 Hoec
345 2726 403 2755 erit
417 2736 434 2754 a
450 2724 627 2766 mensisfine
637 2726 764 2755 secunda
779 2726 852 2755 dies.

218 2772 258 2803 Et
272 2772 306 2803 ii.
318 2773 394 2804 686.

257 2821 359 2853 Sextus
369 2823 406 2853 ab
416 2829 541 2853 extremo
551 2823 670 2854 nomina
680 2833 774 2853 mense
784 2823 857 2853 dies.

1528 919 1591 964 90

928 1049 992 1082 Ubi
1007 1055 1090 1081 certe
1107 1050 1173 1081 dies
1194 1056 1266 1081 ante
1286 1051 1380 1081 finem
1401 1049 1516 1080 mensis
1541 1060 1588 1080 se-

928 1098 1048 1130 cundus
1071 1104 1102 1130 et
1123 1106 1228 1130 sextus
1243 1099 1358 1130 debent
1377 1097 1520 1140 intelligi,
1536 1098 1591 1129 sed

927 1148 960 1178 in
982 1147 1044 1178 illis
1069 1147 1191 1179 diversa
1214 1148 1310 1187 rati03
1333 1148 1387 1179 ubi
1410 1147 1493 1178 enim
1517 1147 1592 1178 licet

929 1208 1091 1228 numerare
1107 1197 1156 1228 vel
1172 1198 1210 1228 ab
1232 1198 1297 1240 ipso
1313 1198 1363 1229 die
1386 1197 1426 1228 ad
1441 1197 1544 1233 finem,
1561 1203 1593 1228 et

930 1246 1001 1278 hinc
1018 1247 1074 1278 erit
1085 1246 1152 1278 dies
1167 1253 1282 1283 sextuS,
1296 1248 1344 1278 vel
1355 1246 1509 1278 secundus
1521 1252 1592 1277 ante

930 1297 1024 1327 finem
1046 1297 1170 1333 mensis,
1187 1297 1237 1327 vel
1261 1297 1416 1328 calculum
1438 1295 1551 1327 ducere
1575 1306 1594 1325 a

931 1345 990 1376 fine
1006 1345 1121 1376 mensis
1138 1346 1177 1376 ad
1193 1346 1275 1377 diem
1290 1346 1389 1382 illum,
1406 1345 1459 1387 qui
1474 1351 1548 1376 tunc
1573 1355 1592 1376 a

931 1394 990 1424 fine
1016 1394 1074 1425 erit
1097 1395 1262 1431 secundus,
1283 1400 1317 1425 ut
1341 1395 1384 1425 ita
1407 1396 1537 1434 primum
1560 1400 1591 1425 et

930 1444 1017 1473 ultim
1023 1455 1072 1473 um
1083 1443 1203 1474 diverso
1213 1450 1354 1485 respectu
1364 1443 1494 1474 dicimus
1504 1453 1590 1474 eum-

931 1492 1014 1523 dem.
1027 1493 1082 1523 sed
1098 1493 1164 1523 haec
1185 1492 1307 1534 longius
1329 1493 1455 1523 abeunt.
1477 1492 1591 1523 Notat-e

931 1552 1002 1572 vero
1026 1553 1092 1573 esse
1117 1553 1256 1583 arguere,
1280 1542 1514 1584 reprehendere,
1540 1542 1591 1572 vix

932 1602 1009 1633 opus
1029 1597 1076 1622 est
1097 1597 1131 1622 ut
1152 1592 1327 1633 probemus,
1349 1602 1420 1622 cum
1442 1591 1592 1622 Censores

931 1639 976 1671 ita
991 1647 1101 1671 notasse
1115 1641 1230 1683 passim
1246 1647 1364 1671 constet
1379 1641 1550 1671 Senatores.
1562 1651 1593 1670 v.

932 1689 1068 1721 Gronov.
1087 1690 1127 1721 ad
1146 1690 1213 1720 Liv.
1226 1689 1322 1720 xxvii.
1343 1691 1395 1721 25.
1408 1689 1462 1720 sed
1482 1689 1591 1720 eodem

931 1739 1032 1775 modo,
1046 1745 1080 1770 ut
1093 1740 1241 1782 hicfacta
1258 1746 1370 1775 notare,
1380 1740 1494 1770 Noster
1508 1739 1592 1770 locu-

928 1793 977 1818 tus
989 1794 1045 1824 est,
1054 1789 1114 1830 Ep.
1124 1789 1165 1818 ix.
1174 1789 1226 1818 20.
1238 1788 1270 1818 Si
1282 1799 1335 1830 per
1345 1788 1484 1819 librarios
1497 1787 1571 1818 licet
1582 1800 1590 1827 3

972 1836 1005 1866 Si
1019 1838 1136 1867 macula
1152 1837 1347 1879 stupri-sucta
1355 1839 1459 1877 priora
1473 1843 1568 1868 notas.

930 1885 975 1916 Ut
995 1885 1162 1927 legendum
1183 1896 1249 1916 esse
1269 1885 1312 1916 ibi
1331 1885 1524 1917 docebimus.
1542 1897 1591 1916 no-

929 1940 1004 1970 tare,
1016 1945 1069 1976 pro
1080 1934 1229 1965 infamare
1240 1934 1434 1976 Propertium
1447 1945 1592 1976 usurpare

935 1983 1027 2015 docet
1052 1983 1299 2025 elegantissimus
1320 1983 1532 2014 Broukhusius
1551 1984 1592 2015 ad

935 2032 990 2064 lib.
1004 2032 1047 2064 iii.
1059 2033 1139 2074 eleg.
1153 2045 1182 2063 v.
1195 2035 1247 2064 52.
1259 2044 1386 2074 arguere
1402 2032 1481 2063 dixit
1501 2033 1591 2075 Sym-

935 2082 1063 2114 machus
1081 2082 1136 2113 lib.
1148 2082 1182 2113 ii.
1199 2083 1258 2125 Ep.
1275 2084 1327 2113 28.
1354 2083 1468 2124 Argue,
1486 2089 1519 2113 ut
1540 2085 1593 2120 ris,

934 2143 1035 2163 rerum
1048 2133 1170 2163 consilia
1182 2139 1246 2172 post
1257 2135 1378 2169 eiitum,
1390 2138 1419 2163 et
1433 2133 1505 2163 mihi
1521 2135 1592 2164 vitio

936 2187 1025 2218 verte,
1041 2183 1116 2222 quod
1133 2188 1328 2221 contemptum
1341 2183 1387 2212 sui
1404 2181 1592 2224 Praefectura

936 2237 1088 2271 conquesta
1100 2237 1151 2261 est.
1177 2230 1279 2261 Facile
1290 2236 1450 2261 accusatur
1464 2232 1594 2262 desertus

936 2280 1058 2310 auxilio.
1070 2279 1124 2310 ubi
1135 2279 1224 2321 plura
1235 2279 1274 2310 ad
1286 2290 1361 2310 rem.
1372 2279 1430 2310 hoc
1443 2290 1514 2320 ergo
1526 2279 1595 2311 vult

938 2328 1068 2370 Phyllis,
1083 2329 1192 2360 stultos
1207 2339 1285 2365 esse,
1300 2334 1332 2359 et
1346 2328 1464 2370 dignos,
1481 2328 1594 2370 quibus

937 2388 1105 2420 numquam
1128 2389 1176 2410 res
1198 2378 1264 2409 ulla
1285 2379 1366 2409 bene
1389 2378 1522 2415 eveniat,
1539 2379 1593 2419 qui

936 2435 1004 2470 post
1025 2435 1170 2460 eventurn
1188 2429 1342 2471 judicant,
1361 2428 1417 2459 sed
1438 2429 1593 2471 sapientes

934 2477 1033 2519 ipsam
1053 2489 1117 2509 rem
1138 2478 1340 2520 perpendere.
1357 2477 1402 2509 ita
1422 2477 1592 2509 Claudian.

933 2525 966 2557 ii.
978 2526 1010 2557 in
1026 2527 1154 2568 Eutrop.
1171 2527 1248 2557 488.

1064 2575 1127 2606 Nec
1133 2578 1200 2615 jam
1217 2576 1376 2606 revocabile
1389 2577 1532 2605 damnum

979 2624 1094 2656 Eventu
1106 2636 1207 2655 rerum
1223 2626 1326 2656 stolido
1337 2626 1467 2655 didicere
1483 2626 1590 2666 magis-

1020 2681 1077 2704 tro.
1454 2674 1571 2704 Burm.

978 2724 1032 2754 89.
1060 2723 1203 2765 Tangit]
1222 2723 1336 2763 Tanget
1347 2728 1409 2752 tres
1419 2721 1498 2753 libri.
1510 2722 1592 2763 quod

937 2772 1062 2803 arridet.
1076 2772 1194 2802 mes.
1206 2772 1317 2813 Tangit
1327 2770 1478 2801 editiones
1485 2771 1592 2812 priscae

940 2828 971 2853 et
980 2821 1084 2863 scripti
1096 2821 1157 2852 fere
1167 2831 1283 2854 omneS.
1290 2827 1324 2852 ut
1334 2827 1365 2851 et
1371 2819 1426 2852 inf.
1434 2820 1493 2861 Ep.
1500 2831 1530 2850 v.
1537 2820 1592 2851 81.

984 2870 1010 2902 C
1026 2872 1045 2901 2
