1849 3198
523 154 711 198 ARTIS
742 153 1101 197 AMATORIAE
1132 154 1254 198 LIB.
1288 157 1325 198 Ι.

1541 161 1627 203 485

232 269 346 318 Heu
370 269 587 318 facinus!
626 286 722 317 non
748 276 825 317 est
848 269 1005 317 hostis
1030 272 1328 320 metuendus
1354 276 1537 322 amanti
1562 294 1573 332 ;

297 347 435 402 Quos
460 347 621 395 credis
646 347 789 402 fidos,
816 346 1003 409 effuge;
1043 354 1180 394 tutus
1206 349 1318 397 eris.

230 425 513 487 Cognatum
538 424 840 486 fratremque
866 440 1001 479 cave,
1029 440 1300 488 carumque
1326 428 1575 477 sodalem:

296 501 550 549 Praebebit
572 517 714 548 veros
739 500 845 547 haec
870 501 962 547 tibi
987 501 1133 548 turba
1156 510 1334 550 metus.

230 578 479 626 Finiturus
505 594 662 626 eram:
703 578 792 625 sed
817 584 932 624 sunt
955 577 1150 624 diversa
1173 579 1353 642 puellis

1523 585 1617 629 755

294 639 695 715 Pectora‚s'mille
721 654 910 700 animos
937 654 1115 717 excipe
1140 655 1273 702 mille
1297 657 1474 705 modis.

228 730 275 776 N
281 747 336 777 ec
362 718 515 778 tellus'
535 731 710 777 eadem
735 730 865 793 parit
889 729 1069 776 omnia.
1108 729 1290 778 vitibus
1318 733 1401 779 illa

294 807 562 864 Convenit;
599 805 708 853 haec
733 806 878 863 oleis;
918 807 1011 853 hac
1036 807 1165 853 bene
1190 807 1318 855 farra
1340 809 1513 856 virent.

228 883 523 931 Pectoribus
549 899 710 931 mores
735 890 810 930 tot
834 890 965 938 sunt,
993 890 1116 946 quot
1140 883 1189 929 in
1215 885 1333 931 orbe
1358 885 1549 947 figurae:

292 959 388 1014 Qui
417 960 562 1023 sapit,
590 960 859 1007 innumeris
886 961 1104 1007 moribus
1131 967 1277 1024 aptus
1304 963 1410 1009 erit.

1517 967 1613 1011 760

227 1036 398 1099 thue
422 1037 555 1084 leves
582 1036 792 1084 Proteus
818 1037 965 1084 modo
991 1052 1045 1084 se
1069 1038 1296 1085 tenuabit
1321 1038 1370 1085 in
1395 1040 1576 1097 undas3

293 1113 439 1159 Nunc
465 1113 558 1168 leo,
586 1129 716 1160 nunc
743 1113 902 1168 arbor,
930 1129 1060 1159 nunc
1087 1113 1180 1160 erit
1204 1114 1361 1161 hirtus
1388 1131 1521 1179 aper.

225 1188 291 1236 Hi
310 1190 477 1252 jaculo
502 1190 683 1252 pisces,
710 1189 779 1235 illi
805 1189 1070 1252 capiuntur
1095 1190 1157 1236 ab
1182 1190 1365 1239 hamis:

291 1265 398 1312 Hos
424 1282 545 1313 cava
568 1272 802 1313 contento
828 1266 952 1313 retia
974 1265 1091 1313 fune
1116 1267 1335 1314 trahunt,

226 1342 333 1389 Nec
360 1343 448 1390 tibi
474 1343 735 1390 conveniat
759 1350 968 1390 cunctos
994 1343 1170 1389 modus
1198 1360 1325 1390 unus
1351 1345 1411 1391 ad
1439 1361 1607 1392 annos.

293 1418 510 1482 Longius
536 1419 740 1467 insidias
765 1435 912 1466 cerva
933 1418 1122 1466 videbit
1148 1434 1286 1466 anus.

267 1612 342 1643 761.
371 1613 467 1653 thue
478 1614 548 1644 levis
559 1613 685 1643 Proteus
699 1615 782 1643 modo
793 1624 821 1644 se
837 1620 880 1643 te-

222 1663 333 1691 nuabat
358 1663 389 1692 ιἰι
412 1661 538 1702 undas]
562 1661 666 1692 Primo
689 1662 763 1692 leves
784 1664 882 1692 undas

220 1709 431 1750 reponendum
447 1716 494 1741 est
508 1721 547 1741 ex
571 1709 757 1741 auctoritate
772 1709 881 1751 optimi

222 1757 326 1798 Regii,
352 1758 519 1799 fragmenti
542 1758 699 1789 veterrimi
721 1758 881 1790 Oxonien-

220 1805 272 1836 sis.
317 1807 376 1837 Pro
396 1810 550 1844 tenuabat,
574 1807 687 1838 deinde
708 1806 792 1837 idem
815 1807 881 1837 Re-

219 1853 301 1894 gius,
322 1860 353 1885 et
376 1854 437 1886 duo
453 1855 516 1891 alii,
538 1857 687 1886 tenuavit.
711 1855 766 1886 sed
786 1856 882 1897 probe

221 1902 321 1943 prima
342 1903 448 1940 editio,
475 1910 506 1934 et
531 1914 612 1934 unus
627 1903 810 1940 Vaticanus,
837 1910 880 1934 te-

220 1953 336 1982 nuabit.
369 1957 401 1982 et
429 1952 571 1993 sequenti
595 1963 685 1982 versu
714 1963 779 1993 pro,
801 1959 879 1988 erat,

220 1999 429 2040 fragmentum
459 2001 651 2036 Oxoniense,
678 2001 785 2032 Codex
815 2001 879 2032 Re-

219 2048 300 2088 giuS,
317 2054 347 2079 et
362 2049 424 2080 duo
439 2050 503 2085 alii,
518 2051 588 2080 erit.
614 2049 782 2080 verissime.
828 2050 879 2081 In-

221 2102 283 2127 star
299 2097 403 2128 Protei
427 2097 539 2139 inquit,
554 2097 646 2128 modo
661 2098 693 2128 in
715 2097 801 2129 leves
823 2109 879 2130 un-

221 2146 289 2183 das,
308 2157 389 2177 nunc
405 2147 438 2177 in
460 2148 593 2183 leonem,
609 2154 664 2178 aut
687 2158 809 2189 aprum,
828 2154 882 2179 aut

222 2195 361 2226 arborem
376 2206 408 2226 se
419 2196 566 2226 mutabit.
614 2197 664 2226 De
678 2197 789 2226 Proteo
800 2196 880 2227 Nos-

221 2249 267 2274 ter
290 2244 430 2285 pluribus
452 2245 530 2275 libro
549 2245 631 2275 Met.
647 2245 702 2275 vii.
719 2251 750 2275 et
772 2256 820 2276 res
835 2252 882 2276 est

222 2293 401 2333 ceteroquin
426 2299 508 2323 nota.
556 2293 648 2324 Porro
666 2293 788 2324 Horatii
812 2294 880 2330 ista,

221 2341 332 2381 Satyra
361 2341 404 2372 iii.
431 2342 486 2372 lib.
519 2342 551 2372 ii.
583 2343 720 2384 respexit
753 2343 810 2373 hoc
836 2343 880 2373 10-

222 2399 258 2419 co
279 2390 402 2425 Noster,
420 2390 472 2421 ubi
498 2390 523 2421 is
547 2391 610 2431 agit
634 2391 672 2421 de
697 2391 778 2421 malo
793 2391 879 2422 debi-

223 2443 298 2468 tore.

266 2486 366 2517 Scribe
381 2488 478 2517 decem
501 2501 517 2518 α
535 2489 639 2520 Nerio.
663 2501 720 2519 non
740 2496 779 2519 est
796 2491 879 2520 sutt's.

308 2536 384 2566 adde
402 2536 515 2567 Cic-ule?

271 2583 376 2614 Nodosi
405 2586 520 2616 tabulas
542 2592 677 2617 centum:
702 2588 783 2618 mille
807 2590 881 2617 mide

309 2640 440 2664 catenas.

1515 1425 1609 1469 766

994 1611 1132 1653 Effugiet
1146 1617 1243 1642 tamen
1256 1613 1307 1642 has
1317 1613 1477 1643 sceleratus
1490 1615 1611 1644 vincula

1036 1661 1174 1697 Proteus,

995 1710 1071 1740 Cum
1093 1712 1212 1749 rapiens
1232 1711 1264 1739 in
1281 1712 1339 1749 jus
1359 1712 1445 1741 malis
1466 1713 1611 1742 ridentem

1036 1760 1161 1789 alienis:

994 1807 1061 1838 Fiet
1077 1819 1159 1847 aper,
1178 1810 1260 1838 modo
1275 1810 1349 1843 αυὶε,
1366 1810 1446 1838 modo
1461 1820 1573 1845 saxum,
1583 1817 1610 1839 et

1034 1867 1102 1886 cum
1120 1857 1205 1891 volet,
1221 1858 1322 1886 arbor.

949 1904 1033 1935 Nam
1046 1904 1199 1945 proverbii
1214 1905 1318 1935 locum
1330 1903 1466 1935 obtinuis
1481 1915 1514 1935 se
1524 1905 1608 1936 vide-

950 1958 1009 1989 tur,
1024 1958 1059 1983 ut
1075 1953 1128 1994 qui
1149 1959 1295 1993 urgentes
1311 1953 1489 1989 eludebant,
1506 1955 1608 1985 Protei

949 2001 1135 2033 dicerentur.
1182 2002 1270 2032 Idem
1300 2002 1447 2032 Horatius
1475 2003 1553 2033 libro
1588 2003 1608 2033 i.

948 2051 1046 2093 Epist.
1062 2051 1082 2080 i,

994 2099 1058 2134 Quo
1076 2106 1188 2130 teneam
1206 2100 1307 2130 vultus
1320 2105 1484 2129 mutantem
1502 2100 1608 2132 Protea

1034 2150 1132 2179 uodo?
1392 2149 1565 2180 mesws.

949 2197 987 2227 ln
1013 2199 1104 2228 undis
1131 2197 1299 2228 Bernensis
1324 2208 1404 2228 unus
1425 2203 1456 2228 et
1479 2204 1611 2239 quatuor

949 2245 1017 2276 alii.

994 2295 1066 2325 766.
1099 2295 1234 2335 Longius
1263 2296 1384 2325 insidias
1411 2307 1503 2325 curra
1531 2298 1609 2326 ride-

949 2346 989 2373 bic
1006 2343 1111 2383 miris]
1138 2343 1284 2374 Ridicule
1300 2344 1450 2384 profecto.
1497 2344 1608 2376 Causae

948 2391 1070 2422 scilicet
1084 2393 1218 2422 multum
1235 2398 1291 2428 est,
1302 2403 1355 2423 cur
1371 2403 1448 2423 anus
1459 2393 1524 2433 jam
1539 2403 1607 2424 cur-

950 2446 1018 2471 vata
1035 2451 1096 2482 prae
1116 2441 1201 2471 senio
1214 2441 1341 2471 insidias
1357 2447 1526 2471 amatorum
1544 2452 1605 2472 me-

949 2496 1030 2520 tuat.
1076 2490 1155 2526 Quis
1170 2490 1276 2520 credat
1291 2490 1407 2531 optimo
1423 2491 1522 2531 pocta:
1547 2492 1607 2522 talo

949 2538 1024 2579 quid
1042 2537 1216 2568 excidisse?
1239 2538 1334 2568 'l'ollit
1355 2538 1533 2579 scrupulum
1557 2550 1607 2569 co-

949 2587 1008 2617 dex
1027 2587 1158 2627 Regius,
1174 2588 1205 2617 in
1223 2598 1283 2628 quo
1302 2597 1319 2617 a
1334 2597 1427 2617 manu
1443 2587 1542 2628 prima
1563 2588 1605 2619 le-

950 2637 1094 2675 gebatur,
1110 2647 1195 2667 cerva
1212 2647 1299 2666 unus.
1346 2636 1462 2667 Ilmxs.
