1849 3198
612 187 1256 231 AMORUM.1]B.H.2

1548 189 1639 231 349

238 305 491 359 Protinus,
518 311 574 351 ut
598 304 802 368 placuit,
830 303 957 358 misi,
986 303 1275 366 scriptoque
1300 303 1482 365 rogavi.
1600 307 1630 351 5

307 381 589 444 Rescripsit
611 379 822 443 trepida,
852 379 968 425 Non
993 379 1125 434 licet,
1154 379 1237 425 illa
1261 396 1427 427 manu.

242 457 323 513 Et,
351 474 438 504 cur
462 474 561 504 non
585 457 748 513 liceat,
776 457 1019 519 quaerenti
1044 457 1239 503 reddita
1262 473 1442 504 caussa
1466 464 1571 514 est3

309 533 456 588 Quod
481 534 688 580 nimium
713 533 927 580 dominae
954 549 1073 579 cura
1096 533 1307 580 molesta
1330 541 1416 580 tua
1440 541 1532 581 est.

244 611 297 656 Si
324 611 474 673 sapis,
501 611 530 657 ὁ
556 617 740 665 custos,
769 610 937 656 odium
964 609 1106 670 (mihi
1132 609 1303 669 crede)
1330 611 1506 657 mereri

312 687 516 734 Desine.
557 704 707 750 quem
733 687 910 734 metuit
930 687 1162 749 quisque,
1184 688 1374 749 perisse
1400 687 1553 750 cupit.
1578 691 1636 734 lO

243 763 331 809 Vir
357 780 557 827 quoque
583 781 680 810 non
706 764 932 826 sapiens:
974 763 1095 825 quid
1122 763 1253 809 enim
1279 779 1473 810 servare
1498 764 1634 810 labo-

314 840 461 888 Unde
487 841 624 896 nihil,
653 840 878 903 quamvis
905 856 1002 886 non
1028 846 1215 895 tueare,
1242 840 1405 902 perit?

1522 841 1635 901 [1·et‚

248 918 349 965 Sed
376 926 515 980 gerat
539 918 620 965 ille
647 934 736 964 suo
763 933 951 964 morem
976 916 1190 963 furiosus
1217 916 1398 963 amori:

313 994 379 1041 Et
403 1003 612 1050 castum,
639 995 807 1042 multis
835 995 970 1058 quod
995 995 1176 1057 placet,
1205 1010 1316 1041 esse
1341 1001 1500 1058 putet.

247 1070 380 1118 Huic
406 1071 584 1118 furtiva
606 1079 691 1118 tuo
716 1072 919 1118 libertas
945 1087 1149 1118 munere
1175 1071 1346 1127 detur;
1582 1064 1638 1117 15

316 1147 480 1202 Quam
506 1148 702 1195 dederis
729 1149 814 1203 illi,
842 1149 1019 1195 reddat
1043 1155 1098 1194 ut
1122 1148 1206 1194 illa
1229 1147 1336 1194 tibi.

247 1224 495 1271 Conscius
522 1241 632 1271 esse
656 1226 776 1271 velis
797 1242 805 1272 :
846 1225 1047 1272 domina
1071 1232 1146 1271 est
1172 1225 1391 1271 obnoxia
1415 1241 1572 1271 servo.

317 1302 562 1348 Conscius
589 1319 699 1349 esse
723 1303 897 1350 times:
938 1302 1251 1349 dissimulare
1276 1301 1408 1348 licet.

252 1378 451 1442 Scripta
473 1379 607 1441 leget
632 1396 830 1428 secum:
872 1388 1080 1427 matrem
1105 1379 1300 1425 misisse
1326 1386 1516 1442 putato.

318 1455 521 1502 Venerit
545 1457 769 1517 ignotus:
810 1458 1073 1521 postmodo
1100 1465 1245 1504 notus
1272 1463 1368 1503 eat.

1579 1460 1643 1502 20

254 1532 355 1579 Ibit
380 1532 442 1578 ad
469 1532 732 1588 adfectam,
761 1550 872 1596 quae
900 1551 997 1580 non
1022 1533 1296 1596 languebit,
1325 1533 1535 1580 amicam

320 1608 522 1666 Visere3
557 1610 759 1672 judiciis
787 1627 919 1672 aegra
943 1611 1006 1658 sit
1032 1611 1115 1657 illa
1139 1611 1253 1656 tuis.

295 1713 324 1742 8.
351 1712 436 1746 Quod
460 1714 583 1742 nimium
606 1714 731 1743 dominas
757 1725 830 1743 cura
857 1725 914 1743 7710-

253 1762 325 1791 les-ta
357 1768 409 1791 cua
438 1761 509 1801 esa]
552 1761 672 1791 Censeo
702 1762 912 1797 scribendum,

254 1816 311 1840 tuce.
327 1821 364 1839 es.
410 1810 454 1840 Τὸ
470 1816 510 1839 est
524 1810 606 1840 enim
630 1810 814 1841 inconcinne
831 1811 916 1842 duri-

251 1865 360 1899 terque
376 1858 550 1899 geminetur
567 1859 624 1889 hoc
635 1859 781 1889 disticho.
799 1861 917 1891 Hfflxs.

296 1908 327 1937 9.
354 1907 484 1948 Custos]
515 1908 595 1938 Cum
620 1908 691 1938 odio
716 1909 918 1949 pronuntian-

253 1957 341 1988 dum.
366 1957 411 1987 ita
434 1956 552 1987 Tertul.
575 1957 613 1988 de
641 1957 759 1988 Poenit.
785 1968 857 2000 cap.
876 1959 917 1989 vi.

258 2007 360 2037 Custos
375 2018 542 2046 corporum.

302 2056 351 2085 10.
378 2055 472 2089 Quem
489 2057 594 2085 metult
605 2057 734 2095 quisque,
745 2055 853 2095 perisse
867 2068 920 2086 cu-

255 2105 332 2145 pin]
360 2105 432 2134 Non
447 2104 630 2135 dissimilem
648 2105 835 2135 sententiam
849 2116 922 2136 con-

257 2154 335 2184 tinet
351 2153 525 2184 trochaicus
540 2153 593 2183 ille
608 2153 770 2184 Ennianus
785 2166 790 2183 :

302 2202 395 2236 Quem
410 2209 561 2238 metuunt,
573 2204 698 2233 oderunt
712 2215 719 2232 :
743 2214 827 2243 quem
842 2205 920 2243 quis-

344 2262 398 2291 que
413 2253 488 2287 odit,
505 2253 612 2291 perisse
627 2254 746 2291 eipetit.
793 2252 886 2283 Cmr.

305 2301 352 2330 13.
377 2300 548 2341 Furiosus]
569 2301 899 2343 Junianus,sumosus.

306 2349 357 2378 14.
390 2348 460 2379 Esse
487 2349 601 2389 putet]
638 2350 738 2380 Vetus
764 2355 795 2380 et
824 2350 923 2380 verior

260 2397 363 2433 lectio,
380 2399 439 2437 ipse
458 2405 554 2438 putet.
580 2398 674 2429 habet
697 2399 779 2429 enim
794 2399 923 2441 empha-

259 2446 307 2475 sin
323 2447 392 2485 ipse,
410 2446 498 2487 quasi
513 2446 642 2483 diceret,
659 2447 773 2478 stultus
797 2453 828 2478 et
849 2447 923 2477 insi--

260 2494 368 2535 piens:
407 2505 481 2525 nam
507 2495 560 2526 alii
588 2495 645 2527 hoc
674 2506 735 2527 non
764 2501 923 2537 putarent.

262 2545 415 2575 Munus.

309 2593 358 2623 15.
386 2593 517 2622 Furtim
543 2592 692 2632 libertas]
728 2593 830 2628 Quam
857 2593 925 2629 tibi,

262 2651 359 2681 quum
371 2640 496 2671 minime
512 2640 694 2682 speraveris,
707 2647 738 2671 ct
754 2641 926 2682 qnasij'ur-

267 2691 317 2718 tim
334 2689 588 2720 donabus-Tm
604 2701 734 2720 munere.
782 2691 817 2720 ln
833 2691 926 2720 offic}

266 2738 363 2769 vicem
381 2738 462 2779 quod
479 2738 524 2769 illi
547 2738 738 2780 praestiteris,
757 2738 781 2768 si
797 2739 872 2780 quid
889 2740 927 2770 dr:

1441 1713 1560 1743 Ama.

1031 1763 1078 1793 16.
1106 1762 1204 1796 Quum
1219 1763 1364 1802 dederis]
1390 1763 1440 1792 De
1452 1762 1570 1792 ultimae
1587 1761 1649 1802 syl-

984 1812 1065 1842 labae
1082 1810 1285 1851 productione
1312 1811 1362 1841 hic
1385 1811 1465 1841 bene
1490 1817 1521 1841 et
1544 1810 1651 1840 multis

985 1860 1118 1894 Marius,
1135 1859 1206 1889 vide
1223 1870 1308 1900 supr.
1326 1860 1366 1890 ad
1382 1860 1482 1901 Epist.
1496 1859 1550 1889 vii.
1569 1860 1623 1890 53.

1030 1910 1083 1938 21.
1112 1907 1170 1937 Ibit
1188 1915 1220 1937 ut
1236 1910 1398 1950 uzlfectum,
1414 1920 1476 1948 quoe
1500 1920 1555 1938 non
1584 1910 1650 1938 qu-

985 1959 1100 1999 guebit,
1126 1958 1250 1986 αιηίοαηι
1302 1957 1395 1988 Ῑῖεαῐ.
1415 1959 1548 1997 judiciis
1571 1969 1652 1999 ‹fgra

989 2008 1026 2036 sit
1043 2006 1093 2036 ille
1110 2005 1198 2044 tuis]
1223 2005 1349 2037 Scribe:

1035 2055 1094 2085 Ibit
1105 2056 1144 2085 ad
1159 2054 1321 2096 adjectam,
1334 2066 1396 2094 (luce
1412 2066 1471 2084 71011.
1487 2055 1653 2096 languebit,

1118 2105 1242 2134 amicam

983 1720 1038 1744 tua
1053 1712 1217 1753 vigilantia
1230 1712 1395 1743 remiseri-.

1080 2154 1199 2183 Visere?
1213 2154 1345 2192 judiciis
1360 2165 1440 2195 ecgra
1455 2155 1493 2183 sit
1509 2154 1563 2183 illa
1580 2155 1651 2184 tuis.

990 2202 1049 2233 Ibit
1069 2205 1158 2233 risere
1174 2202 1366 2233 Graeeismus
1381 2202 1498 2239 Poetis,
1518 2203 1654 2234 maxime

994 2251 1166 2294 Propertio,
1183 2251 1356 2282 familiaris.
1374 2252 1412 2282 de
1428 2262 1489 2293 quo
1506 2251 1546 2282 ad
1558 2252 1655 2283 Clau-

990 2301 1116 2332 dianum
1135 2301 1167 2331 ii.
1191 2301 1222 2331 in
1238 2301 1347 2332 Rufin.
1362 2302 1414 2332 98.
1438 2302 1558 2343 adficta
1581 2304 1655 2332 ami-

990 2363 1026 2381 ca
1040 2361 1094 2392 pro
1111 2361 1204 2391 aegra,
1222 2356 1276 2381 aut
1291 2361 1360 2392 quae
1381 2361 1413 2381 se
1429 2361 1545 2392 aegram
1560 2350 1656 2382 simu-

991 2400 1047 2435 let,
1065 2405 1147 2430 recte
1163 2399 1288 2430 dicitur.
1338 2400 1436 2430 l'isere
1450 2402 1489 2430 ad
1512 2402 1654 2440 aliquem,

991 2449 1086 2479 etiam
1102 2448 1229 2489 elegans
1243 2449 1392 2489 loquendi
1407 2449 1528 2485 modus,
1541 2449 1657 2479 Teren-

992 2497 1034 2527 tio
1051 2498 1227 2538 Plautoque
1244 2507 1305 2527 non
1321 2498 1493 2539 neglectus.
1534 2497 1658 2528 Lucret.

994 2546 1047 2577 lib.
1064 2545 1107 2575 vi.
1128 2547 1223 2576 1236.

1039 2594 1117 2624 Nam
1133 2597 1309 2635 quicumque
1332 2606 1396 2625 suos
1409 2596 1594 2636 Jitgitalmne
1615 2597 1658 2625 vi-

1081 2654 1143 2673 sere
1158 2645 1197 2673 ud
1212 2655 1314 2684 «gros.
1494 2644 1614 2674 I‘Ifflxs.

1000 2691 1071 2721 111.
1088 2692 1126 2721 ad
1144 2691 1242 2732 Epist.
1258 2691 1304 2721 iii.
1328 2693 1399 2722 104.

1041 2742 1094 2770 22.
1130 2740 1281 2780 Iudiciis]
1319 2741 1498 2779 1.cucn‹lum
1526 2747 1569 2772 cst
1596 2751 1660 2772 om-
