1849 3198
216 172 300 213 384

605 171 655 211 P.
691 169 904 213 OVIDII
938 170 1218 212 NASONIS

216 286 320 334 Aut
338 288 578 349 juvenum
604 287 811 333 comites
827 286 1097 348 jussissent
1122 286 1191 333 ire
1213 287 1420 349 puellas,

285 364 339 410 Si
365 363 456 410 fuit
481 364 529 409 in
554 363 728 425 longas
754 370 885 409 terra
909 362 1126 409 secanda
1143 362 1262 409 vias.

213 440 342 487 Tum
363 440 499 496 mihi,
527 440 567 487 si
592 456 869 504 premerem
893 446 1123 486 ventosas
1150 439 1376 486 horridus
1400 438 1572 502 Alpes,

279 517 590 580 (Dummodo
616 534 729 565 cum
755 516 981 577 domina)
1006 517 1153 563 molle
1179 516 1355 563 fuisset
1378 516 1486 563 iter.
1544 519 1607 562 20

215 594 345 641 Cum
370 595 572 642 domina
601 595 818 659 Libycas
844 595 1003 641 ausim
1029 610 1351 658 perrumpere
1380 595 1571 657 SyrteS,

281 671 347 719 Et
371 673 488 719 dare
514 689 612 718 non
637 672 793 735 aequis
818 673 928 719 vela
952 672 1156 719 ferenda
1177 672 1322 718 notis.

214 747 344 804 Non,
373 765 485 811 quae
510 748 728 810 virgineo
754 755 983 812 portenta
1007 749 1100 795 sub
1126 748 1328 810 inguine
1352 747 1555 803 latrant3

280 824 327 871 N
333 841 389 872 ec
414 826 617 872 timeam
641 833 848 881 vestros,
876 841 1026 872 curva
1051 825 1232 880 Malea,
1261 824 1423 871 sinus:

214 901 329 948 Non
345 917 460 965 qua,
479 902 750 949 submersis
767 902 955 949 ratibus
972 908 1209 957 saturata,
1232 900 1516 964 Charybdis
1542 903 1605 946 25

278 978 477 1033 Fundit,
506 985 556 1025 et
581 978 763 1026 effusas
790 994 872 1025 ore
898 979 1122 1025 resorbet
1146 994 1321 1040 aquas.

211 1053 357 1108 Quod
383 1055 423 1101 si
450 1054 744 1118 Neptunum
769 1062 976 1102 ventosa
999 1055 1224 1118 potentia
1246 1054 1413 1108 vincit,

277 1130 344 1177 Et
368 1132 696 1178 subventuros
723 1132 913 1179 auferet
936 1132 1071 1178 unda
1096 1131 1255 1187 Deos;

209 1207 284 1253 Tu
310 1208 490 1255 nostris
516 1208 684 1256 niveos
709 1209 926 1255 humeris
953 1209 1153 1271 impone
1177 1208 1405 1254 lacertos,

276 1285 498 1348 Corpore
523 1302 611 1332 nos
637 1285 767 1332 facili
793 1286 938 1333 dulce
964 1285 1178 1332 feremus
1204 1300 1344 1331 onus.
1539 1286 1603 1328 30

211 1361 357 1424 Saepe
383 1369 557 1425 petens
580 1362 716 1409 Hero
736 1362 933 1425 juvenis
959 1368 1238 1408 tranaverat
1262 1360 1436 1407 undas.

274 1437 414 1485 Tunc
441 1455 644 1502 quoque
669 1445 936 1495 tranasset3
979 1439 1066 1485 sed
1091 1438 1170 1484 via
1193 1452 1329 1484 oaeca
1352 1436 1459 1482 fuit.

251 1632 302 1662 18.
320 1632 351 1662 Si
366 1632 467 1673 fuit]
504 1632 605 1662 Vetus
627 1632 721 1662 lectio
745 1638 804 1667 est,
829 1634 868 1662 sic

195 1681 280 1720 j’uit.
298 1691 416 1722 expone
432 1681 526 1721 igitur
540 1683 590 1717 sir,
602 1681 632 1711 id
645 1686 702 1716 est,
715 1681 774 1711 hac
784 1681 865 1722 lege,

204 1735 239 1760 ut
250 1731 402 1772 juvenum
418 1730 546 1760 comites
561 1730 674 1771 puellae
690 1730 779 1761 irent.
791 1732 867 1761 MA-

204 1789 291 1810 }uus.
321 1780 370 1809 Sic
386 1779 600 1809 Sarravianus.

251 1829 300 1858 19.
327 1829 358 1858 Si
386 1839 547 1868 premerem
573 1835 704 1860 ventosas
730 1830 869 1860 horridus

204 1876 324 1916 Alpes.]
369 1877 518 1907 Turbidus
542 1877 642 1918 prima
667 1877 775 1908 editio.
804 1877 867 1913 alii,

203 1928 314 1956 ventosi
330 1928 449 1957 turbine
474 1927 575 1962 Ponti,
597 1927 646 1957 vel
665 1930 758 1958 venti.
781 1928 867 1969 atqui

204 1975 342 2004 horridus
359 1985 411 2016 pro
427 1974 538 2015 frigido
553 1975 690 2017 ponitur.
717 1977 837 2007 Hisms.

251 2023 389 2054 Ventosas
404 2024 523 2064 Alpes]
557 2025 699 2056 Fortasse
719 2026 868 2067 Rhipaeos

202 2078 324 2102 montes
353 2072 439 2107 dicit,
466 2072 549 2103 unde
571 2074 625 2103 flat
649 2074 770 2104 boreas.
794 2085 867 2105 nam

202 2118 301 2160 Alpes
316 2126 347 2151 et
361 2120 487 2162 Rhipaei
509 2127 628 2152 montes
651 2121 745 2153 iidem
762 2133 781 2153 a
798 2124 867 2164 qui-

202 2168 335 2199 busdam
351 2176 523 2210 ponuntur:
549 2171 720 2201 secundum
738 2182 866 2212 quorum

203 2216 379 2258 opinionem
408 2218 517 2248 volunt
546 2219 713 2259 Virgilium
743 2220 798 2249 lib.
825 2220 866 2250 iv.

203 2265 332 2296 AEneid.
354 2266 428 2296 442.
460 2267 603 2305 Alpinum
629 2270 742 2298 boream
765 2270 865 2307 appel-

203 2315 286 2344 lasse.
333 2314 399 2344 Aut
418 2314 554 2345 Ventosas
575 2315 664 2351 dixit,
684 2316 758 2357 quia
780 2317 865 2348 altis-

203 2363 273 2393 simi
288 2369 407 2394 montes
423 2368 494 2393 sunt
509 2363 623 2405 Alpes:
650 2370 679 2395 et
696 2367 748 2405 (ut
771 2367 865 2396 etiam

202 2411 234 2441 in
248 2411 377 2442 Artibus
396 2411 475 2442 dixit
498 2412 600 2453 Naso)
622 2414 755 2454 perflant
777 2415 863 2444 altis-

201 2461 275 2489 sima
290 2462 382 2490 venti.
414 2460 564 2490 Mmuus.

245 2510 300 2539 24.
327 2509 427 2539 Curva
446 2509 575 2549 Malea]
617 2509 863 2541 Promontorium

206 2557 423 2599 Peloponnesi,
449 2557 488 2588 ad
526 2558 626 2588 sinum
665 2558 862 2594 Laconicum,

202 2606 284 2647 quod
300 2606 437 2648 quinque
453 2617 598 2647 passuum
614 2606 712 2637 millia
728 2607 758 2637 in
779 2618 862 2638 mare

200 2654 407 2695 protenditur.
445 2655 541 2685 Dicta
563 2662 665 2686 autem
687 2660 733 2685 est
754 2656 863 2687 Malea

200 2704 301 2742 (nunc
329 2703 406 2733 Cabo
434 2703 544 2738 Malia)
567 2714 583 2734 a
608 2704 714 2735 Maleo
732 2704 862 2746 Argivo—

938 1643 1005 1662 rum
1029 1643 1111 1673 rege,
1136 1633 1189 1674 qui
1215 1633 1365 1674 templum
1391 1631 1433 1662 ibi
1462 1631 1603 1672 magnifi-

938 1681 1149 1711 centissimum
1186 1680 1327 1722 Apollini
1369 1680 1478 1713 erexit.
1519 1680 1601 1721 quod

939 1731 1132 1761 Maleoticnm
1152 1730 1335 1772 adpellavit.
1374 1730 1493 1760 AMAR.

980 1780 1031 1810 25.
1057 1780 1202 1809 Satur-ata
1229 1778 1422 1819 Charybdis]
1453 1779 1601 1819 Superata

938 1828 1100 1858 Palatinus
1129 1839 1220 1858 unus.
1260 1828 1379 1857 Fui-ata
1404 1828 1482 1858 alter
1503 1829 1598 1859 Men-

937 1876 1016 1907 telii.
1033 1877 1115 1917 quod
1131 1882 1235 1918 posset
1257 1877 1409 1918 explicari
1433 1887 1494 1907 non
1513 1877 1600 1909 inve-

936 1931 1038 1956 nuste.
1066 1925 1143 1956 forte
1168 1931 1274 1956 tamen
1302 1931 1348 1956 est
1370 1936 1437 1967 pro,
1457 1927 1599 1968 furiata.

935 1974 990 2005 sed.
1005 1981 1144 2005 saturata
1159 1974 1272 2005 melius
1288 1975 1335 2015 τῷ
1347 1976 1463 2016 fundit
1486 1986 1599 2007 conve-

936 2024 991 2059 nit,
1008 2030 1042 2053 ut
1057 2023 1238 2065 metaphora
1262 2022 1441 2054 desumatur
1464 2025 1503 2054 ab
1528 2023 1599 2061 illis,

936 2072 989 2113 qui
1005 2083 1114 2114 graves
1129 2071 1224 2102 nimio
1239 2077 1313 2113 potu
1337 2078 1368 2102 et
1390 2072 1470 2109 cibo,
1486 2073 1598 2105 iterum

935 2127 1095 2152 evomunt.
1106 2132 1175 2162 quae
1185 2121 1351 2152 manifesta
1363 2121 1394 2152 in
1409 2122 1511 2158 variis,
1528 2134 1597 2164 quae

935 2170 1063 2201 adducit
1100 2169 1258 2205 Heinsius,
1298 2171 1465 2202 Poetarum
1508 2172 1597 2203 locis.

935 2220 1053 2250 anm.

977 2270 1028 2299 27.
1047 2269 1132 2302 Quod
1155 2270 1178 2299 si
1203 2269 1339 2308 Neptuni
1362 2276 1479 2300 ventosa
1493 2276 1598 2309 poten-

934 2317 1007 2356 τίω]
1042 2317 1182 2353 Plurimi,
1198 2317 1288 2358 eique
1304 2316 1424 2359 optimi,
1446 2328 1516 2349 cum
1535 2319 1596 2359 pri-

933 2377 983 2396 ma
998 2365 1145 2402 editione,
1164 2366 1352 2405 Neptunum.
1370 2367 1454 2408 quod
1477 2378 1537 2398 non
1556 2368 1596 2399 de

932 2415 1042 2445 nihilo.
1059 2421 1093 2446 ut
1117 2427 1171 2457 per
1192 2422 1340 2446 ventosum
1360 2418 1523 2455 potentiam
1549 2418 1594 2448 in—

932 2464 1054 2504 telligat
1076 2464 1214 2499 lEolum,
1240 2469 1402 2494 ventorum
1424 2470 1595 2506 potentem,

931 2513 984 2554 qui
1000 2513 1097 2543 invito
1118 2524 1199 2555 saepe
1222 2514 1370 2555 Neptuno
1395 2519 1596 2555 tempestates

931 2561 1003 2597 ciet,
1019 2567 1053 2592 ut
1069 2562 1152 2603 apud
1170 2563 1332 2593 Maronem
1359 2562 1413 2592 lib.
1440 2562 1462 2592 i.
1485 2564 1595 2594 AEnei-

930 2609 996 2646 dos,
1034 2609 1066 2640 in
1102 2609 1264 2652 principio,
1301 2611 1426 2641 molitus
1462 2611 1593 2642 exitium

932 2660 1054 2694 AEneae‚
1072 2659 1169 2690 inscio
1186 2664 1217 2689 et
1233 2659 1414 2700 indignante
1432 2659 1592 2701 Neptuno.

931 2707 1048 2737 anm.
