1849 3198
231 169 318 209 416
628 165 678 204 Ρ.
714 163 927 206 OVIDII
963 164 1242 206 NASONIS

234 283 277 327 O
305 282 494 328 utinam
520 295 631 341 mea
656 280 786 326 lecta
810 279 984 334 forent,
1015 280 1275 342 patrioque
1303 280 1531 343 sepulcro

301 358 534 413 Condita,
561 358 680 404 dum
706 363 937 420 poterant
961 356 1161 418 virginis
1187 372 1302 403 ossa
1325 356 1448 418 legi!

235 436 338 482 Cur
362 435 509 482 modo
535 433 752 481 Vestalis
777 433 934 480 taedas
961 432 1137 479 invitor
1162 432 1225 479 ad
1250 433 1374 479 ullas
1564 434 1625 478 75

297 511 493 576 Turpis,
522 518 571 558 et
598 510 763 557 Iliacis
790 509 1056 556 inficianda
1080 508 1236 556 focis?

233 589 365 643 Quid
391 588 584 635 moror?
622 603 683 634 en
709 586 877 648 digitis
903 585 1137 647 designor
1163 585 1388 632 adultera
1412 585 1565 646 vulgi.

301 665 446 712 Desit
465 664 684 719 famosis,
712 663 797 726 qui
823 670 962 710 notet
985 678 1085 718 ora,
1113 663 1290 726 pudor.

233 741 518 798 Hactenus;
560 748 609 788 et
633 748 823 788 vestem
848 740 1051 787 tumidis
1080 740 1346 803 praetendit
1370 739 1568 786 ocellis:

299 820 466 883 Atque
491 820 560 866 ita
585 835 637 866 se
664 819 713 865 in
737 819 935 882 rapidas
960 818 1156 881 perdita
1180 817 1315 864 misit
1340 833 1513 880 aquas.
1563 820 1625 862 80

236 897 572 961 Supposuisse
598 912 773 943 manus
800 897 862 943 ad
888 903 1089 960 pectore
1114 896 1333 942 lubricus
1360 894 1517 942 amnis

301 974 521 1029 Dicitur3
563 979 613 1020 et
637 973 757 1020 socii
778 974 891 1035 jura
915 973 1115 1019 dedisse
1138 972 1247 1019 tori.

232 1050 304 1097 Te
330 1066 533 1112 quoque
559 1049 797 1096 credibile
823 1056 902 1096 est
928 1049 1097 1111 aliqu&
1125 1048 1339 1095 caluisse
1366 1047 1555 1111 puella:

301 1127 402 1174 Sed
428 1142 630 1173 nemora
653 1133 703 1172 et
728 1126 863 1171 silvae
890 1125 1103 1172 crimina·
1120 1131 1285 1172 vestra
1308 1130 1499 1186 tegunt.

235 1204 368 1250 Dum
394 1204 585 1266 loquor,
614 1202 820 1249 increvit
844 1202 956 1249 latis
984 1202 1251 1265 spatiosius
1273 1201 1434 1254 undis,
1565 1203 1625 1246 85

301 1281 410 1328 Nec
436 1281 570 1343 capit
596 1280 838 1327 admissas
866 1280 1034 1326 alveus
1061 1279 1190 1325 altus
1217 1294 1390 1341 aquas.

234 1359 367 1413 Quid
392 1375 606 1414 mecum,
634 1358 831 1412 furiose,
859 1357 984 1404 tibi?
1022 1356 1143 1419 quid
1173 1363 1345 1402 mutua
1369 1354 1537 1401 differs

302 1435 532 1482 Gaudia?
570 1435 690 1497 quid
717 1441 952 1497 coeptum,
981 1433 1182 1487 rustice,
1210 1432 1397 1495 rumpis
1426 1431 1550 1478 iter?

235 1512 401 1567 Quid?
440 1513 479 1558 si
505 1512 782 1574 legitimum
808 1511 1004 1565 fiueres,
1033 1510 1073 1556 si
1099 1510 1263 1556 nobile
1289 1508 1508 1555 flumen?

304 1590 357 1636 Si
382 1590 471 1636 tibi
498 1605 585 1652 per
610 1596 765 1636 terras
792 1589 1011 1634 maxima
1034 1587 1166 1634 fama
1186 1586 1346 1633 foret?
1564 1587 1627 1631 90

237 1666 434 1713 Nomen
458 1667 612 1713 habes
639 1667 845 1721 nullum,
873 1665 987 1711 rivis
1013 1665 1220 1711 collecte
1247 1662 1472 1715 caducis3

303 1743 412 1790 Nec
438 1743 527 1789 tibi
555 1752 670 1790 sunt
694 1743 872 1797 fontes,
896 1757 987 1788 nec
1014 1740 1104 1787 tibi
1130 1747 1265 1786 certa
1290 1740 1484 1785 domus..

279 1960 332 1989 78.
360 1958 617 2000 Desitfizmosus]
637 1960 797 1999 Legerem,
811 1958 895 1988 Desit

225 2008 365 2049 sinuosi&
381 2011 431 2048 qui
454 2015 534 2038 natet
550 2019 612 2043 ora,
628 2010 746 2047 pudm·;
774 2007 895 2038 adulte-

964 1956 1007 1987 ita
1023 1957 1176 1998 capienda
1199 1956 1255 1987 illa
1270 1956 1420 1992 Suetonii,
1437 1955 1542 1986 Tiber.
1559 1965 1629 1995 cap.

965 2007 996 2037 7.
1044 2007 1137 2037 Semel
1160 2018 1192 2036 ex
1218 2017 1342 2036 occursu
1362 2006 1449 2035 visam
1472 2006 1544 2034 adeo
1559 2015 1627 2033 eou-

236 2056 276 2088 ris
293 2056 382 2093 notis,
393 2062 424 2087 et
434 2057 499 2098 jam
512 2057 692 2087 criminibus
707 2067 740 2087 se
757 2056 895 2098 polluere

236 2105 385 2141 adsuetis,
402 2106 483 2136 desit
501 2105 618 2147 pudor;
643 2106 697 2136 sed
713 2105 800 2141 mihi,
820 2107 896 2136 Ves-

235 2154 290 2185 tali
316 2154 438 2196 virgini,
463 2160 493 2185 et
523 2154 660 2190 intactze,
682 2154 790 2197 pudor,
815 2155 896 2196 quod

236 2202 344 2243 digitis
380 2202 533 2244 designer,
563 2203 658 2239 subit,
688 2208 719 2233 et
756 2203 899 2245 prohibet

237 2251 327 2292 plura
354 2252 452 2293 loqui.
488 2258 519 2282 et
542 2252 612 2282 ideo
636 2258 754 2283 vestem
780 2251 897 2293 pudore

236 2301 389 2331 subeunte
406 2300 503 2331 oculis
518 2300 694 2342 praetendit.
740 2302 855 2331 Enim.

281 2351 333 2380 79.
359 2351 519 2391 Tumidis]
553 2350 652 2381 Recte
683 2352 805 2381 tumidis
833 2351 897 2385 Pu-

237 2406 366 2430 teaneus
380 2405 411 2430 et
424 2404 555 2440 quatuor
567 2399 632 2435 alii,
645 2410 682 2430 ex
691 2400 765 2430 fletu
777 2404 899 2430 tumen-

237 2454 284 2479 tes
310 2448 469 2489 intelligit.
515 2447 659 2478 Tibullus
682 2447 737 2479 lib.
759 2447 780 2478 i.
808 2449 897 2489 Elcg.

239 2508 304 2527 vni.

285 2545 323 2574 Et
353 2551 405 2575 lua
421 2545 586 2586 jnmfletn
614 2546 729 2576 lumina
740 2546 825 2588 fessa
851 2553 899 2577 ίίι-

325 2601 416 2624 ment.
740 2596 856 2627 llfflss.

240 2642 410 2673 Confirmat
426 2642 557 2679 Ileiusii,
573 2654 642 2684 quae
661 2648 692 2674 et
708 2645 825 2675 Douzae
842 2645 900 2676 fuit

238 2691 325 2727 olim,
343 2692 563 2722 correctionem
575 2692 852 2725 Francofurtensis.
870 2700 899 2724 ct

966 2058 1054 2086 tentis
1082 2062 1109 2086 et
1137 2057 1317 2086 tumentibus
1343 2056 1435 2085 oculis
1457 2059 1630 2093 prosecutus

964 2112 1018 2136 est.
1043 2105 1096 2135 ubi
1112 2105 1225 2135 frustra
1247 2103 1404 2144 corrigunt
1419 2102 1475 2133 viri
1500 2101 1626 2137 eruditi,

966 2161 997 2185 et
1012 2154 1065 2185 alii
1082 2160 1226 2184 tumentes
1240 2153 1358 2188 oculos,
1375 2150 1551 2186 amatorios,
1574 2161 1627 2181 ex-

966 2208 1094 2238 stantes,
1119 2208 1150 2233 et
1172 2202 1275 2233 nescio
1300 2212 1377 2242 quos
1400 2205 1572 2242 exponunt.
1597 2205 1628 2230 et

966 2251 1010 2283 sic
1029 2258 1182 2293 turgentes
1202 2262 1294 2293 gemis
1317 2251 1444 2281 Senecae
1459 2249 1628 2289 Agamem.

968 2301 1042 2331 760.
1059 2300 1229 2331 vindicavit
1245 2298 1430 2331 Gronovius.
1454 2303 1540 2328 notat
1555 2308 1628 2328 vero

968 2349 1078 2380 Douza
1092 2350 1261 2391 obnuptam
1279 2354 1310 2378 et
1319 2348 1455 2378 velatam
1470 2346 1521 2377 hic
1537 2346 1628 2378 indu-

967 2398 994 2429 ci
1024 2399 1116 2430 Iliam
1145 2410 1182 2430 cx
1214 2399 1274 2428 ritu
1302 2397 1403 2438 prisco
1436 2395 1626 2438 nuptiarum.

967 2449 1083 2479 Bunm.

1011 2499 1065 2528 82.
1091 2497 1253 2537 Soeiijura
1267 2497 1378 2527 dedisse
1394 2494 1478 2535 tori]
1499 2495 1627 2535 Sepulta

967 2546 1080 2577 dicitur
1108 2545 1169 2576 Ilia
1196 2546 1236 2576 ad
1257 2543 1403 2586 Tybridis
1428 2543 1521 2585 ripas,
1543 2543 1626 2575 uude

966 2607 1038 2626 cuin
1062 2595 1127 2637 ipso
1143 2594 1236 2626 ssuvio
1252 2594 1391 2636 nupsisse
1416 2598 1514 2635 poetae
1531 2592 1627 2623 tradi-

966 2645 1098 2683 derunt;
1121 2651 1153 2675 et
1178 2644 1308 2685 egregie·
1323 2643 1425 2674 dictus
1440 2643 1479 2673 ab
1500 2642 1579 2672 Hor.
1604 2642 1626 2672 i.

968 2694 1029 2725 Oil.
1045 2694 1078 2724 ii.
1094 2695 1146 2725 20.
1197 2694 1324 2724 Uim-ius
1337 2694 1441 2723 amnis.
1486 2690 1603 2721 ΑΜΛΗ.
