1849 3198
616 211 959 254 HEROIDES.
995 213 1086 254 ΕΡ.
1122 213 1311 255 XVIII.

1571 217 1655 259 251

275 328 384 377 Hoc
400 345 492 392 ego
511 329 629 376 dum
649 334 888 392 spectem,
908 326 1140 384 Colchos,
1159 337 1209 377 et
1232 330 1281 377 in
1304 330 1475 389 ultima
1490 330 1656 389 Ponti,

341 407 556 470 Quaque
580 407 709 453 viam
734 405 852 452 fecit
876 403 1119 452 Thessala
1142 407 1305 469 pinus,
1333 424 1471 456 eam:

274 483 340 531 Et
357 486 590 548 juvenem
615 484 803 548 possim
829 498 1064 546 superare
1090 482 1378 532 Palaemona
1402 486 1581 542 nando,

339 561 571 624 Miraque
592 577 740 624 quem
761 560 925 607 subito
945 560 1161 606 reddidit
1179 560 1334 608 herba
1353 562 1533 610 Deum.
1568 567 1660 611 160

275 638 420 703 Saepe
444 655 533 703 per
557 638 791 686 adsiduos
816 638 1054 700 languent
1078 637 1198 685 mihi
1222 638 1428 686 brachia
1451 648 1632 697 motus,

337 715 537 780 Vixque
561 731 649 779 per
674 715 942 762 immensas
967 714 1100 762 fessa
1122 715 1383 763 trahuntur
1407 732 1579 780 aquas.

274 792 367 840 His
393 810 485 856 ego
510 809 623 840 cum
649 792 770 848 dixi,
798 792 1022 839 Pretium
1048 808 1146 839 non
1169 792 1264 839 vile
1288 793 1487 850 laboris,

338 870 369 917 J
374 887 452 918 am
476 871 687 918 dominae
712 870 851 918 vobis
877 870 1005 917 colla
1027 870 1245 917 tenenda
1269 871 1399 918 dabo
1420 888 1429 920 :

274 947 506 995 Protinus
532 948 616 995 illa
629 948 810 1003 valent,
830 954 982 1010 atque
1002 947 1065 994 ad
1090 962 1180 994 sua
1203 948 1408 1011 praemia
1425 948 1658 1007 tendunt;

342 1025 413 1074 Ut
436 1025 712 1091 celer-Eleo
738 1041 937 1073 carcere
962 1025 1143 1072 missus
1170 1041 1348 1088 equus.

1571 1030 1662 1074 166

275 1102 393 1167 Ipse
418 1120 554 1151 meos
579 1103 728 1166 igitur
753 1119 910 1159 servo,
938 1102 1121 1165 quibus
1147 1118 1276 1159 uror,
1305 1119 1496 1151 amores
1518 1121 1527 1151 :

341 1180 530 1244 Teque,
558 1180 716 1243 magis
741 1180 866 1228 coelo
892 1179 1044 1242 digna
1068 1179 1249 1242 puella,
1278 1196 1475 1244 sequor.

277 1257 442 1321 Digna
467 1258 670 1322 quidem
695 1258 836 1314 coelo,
865 1258 953 1305 sed
980 1257 1142 1304 adhuc
1168 1258 1344 1305 tellure
1369 1274 1588 1307 morare:

340 1334 444 1383 Aut
467 1336 564 1391 dic,
593 1336 655 1382 ad
684 1335 903 1398 Superos
929 1340 980 1382 et
1003 1334 1123 1381 mihi
1150 1335 1252 1398 que
1279 1335 1343 1382 sit
1366 1336 1474 1383 iter.

275 1526 347 1556 gere
368 1515 498 1547 Horatio
520 1520 552 1547 et
575 1515 655 1547 aliis.
681 1516 744 1546 vid.
767 1516 806 1546 ad
829 1516 936 1546 Valet.

276 1564 363 1596 Flac.
380 1565 402 1596 i.
423 1567 474 1597 18.
499 1566 551 1597 ubi
566 1566 657 1608 plura
672 1566 822 1597 dicemus.
846 1566 937 1597 BUR-

276 1625 425 1646 ramnus.

323 1664 396 1694 158.
423 1663 561 1694 Thessala
588 1664 723 1705 puppis]
762 1664 939 1694 Puteaneus

276 1719 308 1744 et
330 1712 383 1743 alii
406 1712 548 1743 meliores
568 1724 680 1754 magno
696 1724 834 1749 numero,
852 1713 939 1743 Thes-

275 1763 340 1793 sala
353 1764 454 1801 pinus.
479 1763 572 1798 bene,
590 1762 707 1794 Statius
721 1763 822 1793 Theb.
837 1762 883 1793 iii.

468 1813 573 1843 Primci
590 1824 656 1843 cnm
669 1814 745 1852 pube
760 1815 904 1844 virentem

322 1862 419 1892 Semid
422 1873 464 1893 eos
475 1863 483 1892 i
488 1869 552 1893 nter
563 1865 652 1902 pinus
661 1873 703 1892 me
714 1863 851 1893 Thessala
861 1874 941 1905 reges

322 1911 468 1942 Duceret.

277 1959 342 1990 Alii
376 1965 481 1990 tamen
509 1959 594 2000 Argo
624 1959 779 2001 sagineam
806 1960 939 1991 faciunt.

279 2008 454 2039 Praesertim
478 2009 582 2040 Graeci
611 2009 731 2040 Po'etae.
764 2010 939 2041 mesms.

279 2058 389 2088 Horat.
406 2058 508 2100 Epod.
525 2059 590 2089 xvi.
607 2059 662 2089 57.

323 2106 394 2137 Non
409 2107 466 2137 hnc
482 2109 580 2149 Argoo
595 2109 747 2139 contendit
768 2110 877 2150 remige
895 2111 941 2148 pi-

365 2167 434 2186 nus.

280 2203 342 2234 Sed
358 2214 419 2235 non
434 2210 498 2235 tam
515 2203 554 2235 ad
576 2204 748 2242 materiem,
761 2206 844 2237 unde
860 2206 944 2249 Argo

280 2252 372 2284 fuerit
395 2253 559 2289 fabricata,
583 2254 734 2296 respicere
750 2256 863 2286 Poiitas
887 2268 943 2298 pu-

283 2309 355 2338 tem,
379 2313 451 2333 cum
472 2305 578 2342 pinum
602 2310 724 2340 vocent,
743 2315 837 2346 quam
862 2306 944 2346 quod

283 2362 390 2382 omnes
421 2362 517 2383 naves
549 2354 641 2392 pinus
669 2364 778 2384 vocare
815 2354 945 2385 soleant.

283 2411 474 2443 quamquam
504 2407 536 2433 et
561 2402 671 2433 Valer.
702 2404 789 2434 Flac.
820 2403 842 2434 i.
867 2404 944 2445 Arg.

288 2451 361 2481 123.
399 2451 523 2481 Pineum
538 2450 632 2482 fuisse
645 2451 774 2483 indicet.
799 2453 946 2484 solemnis

284 2510 356 2531 vero
372 2510 480 2531 vocum
502 2503 609 2541 puppis
625 2507 656 2532 et
678 2504 768 2541 pinus
791 2503 943 2534 confusio.

285 2547 347 2579 vid.
364 2548 433 2580 infr.
448 2549 483 2580 ii.
497 2549 572 2580 Am.
590 2551 632 2581 xi.
657 2552 710 2582 43.
735 2557 767 2583 et
783 2552 816 2583 ii.
864 2553 946 2584 Fast-

290 2599 359 2629 101.
383 2605 414 2630 et
426 2599 512 2630 alibi.
536 2601 653 2631 Bcrm.

332 2649 404 2679 160.
444 2650 538 2683 Quem
575 2651 664 2681 herba
700 2653 777 2680 mira
814 2653 945 2682 reddidit

288 2697 413 2739 Deum]
441 2699 597 2730 Glaucum
622 2699 786 2740 significat,
807 2701 859 2742 qui
877 2712 945 2731 cnm

286 2746 418 2787 piscator
441 2755 520 2780 esset
545 2749 627 2790 apud
650 2749 869 2781 Anthedonem
885 2752 946 2782 Eu-

1574 1340 1666 1383 170

1003 1515 1138 1553 boicam,
1150 1523 1181 1548 et
1191 1517 1293 1559 pisces
1308 1517 1339 1548 in
1352 1517 1453 1549 littore
1469 1517 1583 1559 positos
1595 1529 1667 1559 gus-

1005 1571 1070 1596 tata
1085 1566 1221 1607 quadam
1245 1567 1341 1598 herba
1362 1567 1393 1598 in
1416 1578 1501 1598 mare
1524 1567 1669 1598 resiliisse

1005 1615 1144 1652 vidisset,
1162 1622 1193 1646 et
1208 1616 1274 1658 ipse
1290 1617 1357 1659 ejus
1377 1616 1479 1647 herbae
1496 1616 1559 1647 vim
1575 1628 1669 1659 expe—

1005 1665 1057 1696 riri
1082 1665 1238 1696 decrevit:
1263 1677 1326 1707 qua
1348 1672 1483 1707 gustata,
1510 1666 1612 1698 statim
1638 1667 1669 1697 in

1006 1725 1092 1746 mare
1117 1726 1150 1745 se
1173 1714 1392 1757 praecipitavit,
1416 1724 1448 1747 et
1463 1717 1551 1747 Deus
1570 1717 1670 1747 factus

1007 1769 1063 1795 est.
1088 1764 1159 1795 vide
1173 1763 1267 1795 Ovid.
1284 1765 1316 1795 7.
1333 1765 1467 1795 Metam.
1506 1764 1594 1796 Dicit
1609 1765 1668 1807 igi-

1007 1820 1057 1846 tur
1081 1814 1233 1851 Leander,
1259 1814 1427 1845 dummodo
1451 1821 1571 1857 spectet
1594 1815 1670 1846 ami—

1007 1874 1076 1895 cam
1101 1874 1201 1899 suam,
1230 1874 1262 1894 se
1287 1874 1376 1904 posse
1401 1874 1546 1905 superare
1568 1864 1672 1895 nando

1008 1913 1188 1944 Palaemona
1204 1918 1235 1943 et
1250 1912 1419 1949 Glaucum,
1435 1913 1510 1943 deos
1525 1912 1628 1944 maris.

1053 1964 1126 1994 168.
1154 1962 1250 2003 Teque
1263 1962 1387 2004 magis]
1415 1963 1524 1993 Forte:

1097 2013 1191 2053 Teque
1206 2013 1295 2048 mari,
1307 2013 1377 2043 coelo
1391 2013 1485 2053 digna
1498 2012 1613 2051 puella,
1627 2022 1670 2042 se-

1137 2073 1221 2103 quor.
1512 2062 1631 2092 Hem-s.

1012 2111 1197 2152 Perperam:
1236 2117 1266 2142 te.
1304 2111 1403 2153 magis
1432 2110 1558 2152 dignam
1594 2111 1675 2142 inter

1009 2160 1115 2191 stellas
1130 2160 1225 2203 recipi
1241 2166 1272 2191 et
1289 2161 1391 2191 Deam
1407 2161 1485 2196 fieri,
1500 2171 1595 2202 quam
1608 2160 1674 2191 An-

1011 2208 1169 2245 dromeda,
1186 2209 1326 2240 Ariadna
1341 2215 1372 2240 et
1387 2209 1467 2240 aliae.

1059 2259 1128 2290 169.
1155 2259 1275 2290 Tellwre
1299 2259 1444 2299 morare]
1472 2258 1521 2289 Ita
1537 2258 1568 2288 in
1584 2257 1674 2288 Aldi-

1013 2307 1060 2338 nis
1085 2307 1226 2345 habetur,
1251 2307 1357 2349 itaque
1380 2307 1550 2347 legendum
1574 2307 1677 2349 potius

1012 2356 1172 2395 existimo3
1189 2363 1222 2388 ut
1233 2357 1273 2387 sit
1287 2356 1462 2398 imperativi
1478 2356 1571 2391 modi,
1582 2367 1676 2397 quam

1012 2409 1122 2436 morari
1149 2406 1311 2442 infinitivo,
1336 2414 1389 2437 aut
1411 2408 1536 2437 moraris
1558 2406 1677 2437 indicam

1013 2455 1075 2486 tivo
1090 2456 1193 2486 modo.
1240 2456 1325 2486 Nam
1348 2463 1379 2486 et
1400 2466 1533 2497 sequens
1549 2456 1677 2486 verbum

1013 2503 1153 2546 ejusdem
1169 2504 1251 2535 modi
1267 2511 1330 2543 est3
1355 2515 1426 2535 cum
1442 2504 1501 2535 ait:

1057 2554 1119 2584 Aut
1136 2556 1195 2591 dic,
1211 2557 1249 2585 ad
1267 2566 1385 2594 superos
1400 2556 1469 2584 hine
1485 2555 1554 2584 mihi
1566 2566 1623 2593 qua
1639 2555 1678 2583 sit·

1099 2605 1170 2634 iter.
1510 2604 1633 2633 me..

1017 2651 1147 2682 Moraris
1165 2653 1345 2684 Puteaneus
1361 2658 1391 2683 et
1407 2653 1458 2683 alii
1476 2652 1578 2682 multi.
1604 2657 1677 2686 tres,

1016 2704 1154 2732 moreris:
1180 2713 1259 2733 unus
1274 2705 1394 2733 morari.
1420 2703 1538 2732 llissixs.
