1849 3198
520 176 709 219 ARTIS
743 176 1101 220 AMATORIAE
1134 179 1254 221 LIB.
1290 182 1326 221 I.

1548 184 1633 225 467

229 290 356 338 Tum
381 292 443 339 de
469 300 517 339 te
545 300 708 339 narret
722 310 740 355 ς.
771 299 877 339 tum
902 295 1255 355 persuadentia
1279 297 1429 344 verba

293 369 487 427 Addat,-
527 377 577 417 et
601 370 774 417 insano
793 371 929 433 juret
953 386 1120 418 amore
1147 373 1287 419 mori.

228 445 331 494 Sed
356 445 582 511 propera,
609 463 672 495 ne
696 448 806 495 vela
830 448 1028 503 cadant,
1056 464 1292 512 auraeque
1318 450 1553 498 residant.

296 523 366 571 Ut
390 524 576 586 fragilis
603 524 804 586 glacies,
835 525 1004 571 interit
1027 525 1099 571 ira
1122 526 1276 572 mora.

226 599 437 657 Quaeris,
465 618 527 648 an
551 602 678 648 hanc
705 601 866 665 ipsam
893 602 1049 665 prosit
1072 603 1245 650 vitiare
1271 604 1576 651 ministram?

292 677 497 726 Talibus
523 679 753 725 admissis
780 679 889 726 alea
913 678 1113 740 grandis
1140 679 1284 727 inest.

1527 683 1622 727 376

226 754 351 802 Haec
378 772 407 802 a
429 756 699 803 concubitu
723 756 779 803 fit
803 756 998 813 sedula;
1038 756 1223 803 tardior
1247 757 1352 804 illa:

294 831 418 880 Haec
443 833 656 880 dominae
682 849 863 879 munus
889 840 938 879 te
964 840 1122 896 parat,
1150 833 1234 880 illa
1259 833 1370 879 sibi.

227 910 390 958 Casus
416 910 465 956 in
490 917 670 957 eventu
695 917 787 957 est.
815 910 932 957 licet
957 910 1063 956 haec
1091 910 1346 972 indulgeat
1371 910 1528 964 ausis;

293 987 572 1034 Consilium
596 995 764 1035 tamen
790 995 867 1034 est
892 987 1193 1034 abstinuisse
1219 1003 1402 1034 meum.

1527 990 1624 1033 380

229 1064 343 1111 Non
369 1081 462 1127 ego
487 1081 576 1129 per
595 1080 818 1128 praeceps
844 1072 894 1111 et
920 1070 1066 1110 acuta
1091 1064 1352 1110 cacumina
1376 1063 1578 1111 vadam:

293 1141 403 1188 Nec
424 1143 663 1205 juvenum
689 1142 972 1205 quisquam,
1002 1158 1079 1188 me
1106 1142 1250 1197 duce,
1278 1148 1455 1205 captus
1481 1140 1588 1187 erit.

229 1219 283 1266 Si
308 1226 476 1266 tamen
502 1219 586 1266 illa
609 1219 717 1274 tibi,
745 1219 864 1265 dum
890 1219 991 1274 dat,
1020 1218 1298 1282 recipitque
1323 1218 1551 1270 tabellaS,

295 1296 533 1360 Corpore,
561 1313 659 1344 non
684 1304 878 1343 tantum
905 1296 1186 1350 sedulitate,
1214 1296 1403 1359 placet;

227 1373 327 1422 Fac
353 1374 556 1420 domina
578 1374 769 1437 potiare
794 1374 955 1438 prius:
996 1389 1164 1420 comes
1190 1373 1275 1419 illa
1299 1380 1554 1435 sequatur.

294 1451 409 1498 Non
432 1451 523 1498 tibi
549 1453 611 1498 ab
638 1452 819 1499 ancilla
845 1459 923 1499 est
948 1451 1231 1514 incipienda
1255 1449 1444 1496 Venus.

1529 1451 1624 1494 386

229 1527 339 1575 Hoc
366 1529 519 1576 unum
544 1545 723 1576 moneo
750 1532 767 1591 (
773 1530 814 1576 si
840 1530 962 1592 quid
988 1529 1135 1576 modo
1163 1528 1381 1575 creditur
1406 1528 1521 1582 arti;

296 1605 343 1651 N
349 1622 404 1653 ec
431 1622 544 1654 mea
567 1607 703 1654 dicta
726 1623 881 1671 rapax
908 1624 996 1671 per
1020 1623 1155 1671 mare
1180 1613 1356 1654 ventus
1382 1604 1526 1665 agit.)

226 1683 330 1730 Aut
354 1699 451 1730 non
476 1684 702 1739 tentariS‚
731 1691 817 1731 aut
841 1674 1257 1753 perficejtoliitur
1282 1682 1457 1735 index;

296 1760 427 1807 Cum
453 1761 607 1808 semel
633 1761 682 1806 in
708 1768 900 1824 partem
926 1761 1144 1807 criminis
1166 1761 1278 1823 ipsa
1303 1759 1450 1805 venit.

227 1893 353 1925 residat.
393 1894 579 1924 Micx‘LLt's.
619 1895 816 1935 l'ntoerasipse
830 1894 894 1925 Re-

227 1943 308 1984 gius.
331 1943 422 1979 alius,
437 1950 553 1982 poteras
575 1945 647 1983 ipsa.
672 1943 748 1973 nihil
773 1943 897 1974 videtur

227 1991 427 2023 mutandum.
473 1992 546 2023 Non
562 1991 676 2033 poteris
691 1993 791 2023 vicem
803 1992 848 2023 illi
865 1993 896 2023 in

229 2040 363 2072 amando
379 2041 505 2072 referre.
552 2041 671 2072 Hem-s.

271 2091 347 2121 373.
371 2090 427 2121 Sed
451 2101 588 2131 propera,
616 2102 653 2121 ne
684 2092 747 2122 vela
774 2093 896 2126 cadant,

228 2143 337 2180 imque
368 2140 530 2181 residunt]
577 2140 615 2170 In
649 2139 898 2171 Commeliniano

230 2196 297 2220 erat
311 2189 424 2231 glossa,
440 2191 488 2220 sed
502 2201 640 2230 propera.
660 2190 692 2221 id
708 2195 765 2227 est,
782 2192 897 2221 vindic-

230 2245 289 2269 tam
313 2249 394 2269 sume
413 2240 449 2269 de
461 2240 583 2279 pellice:
608 2245 642 2270 ut
656 2240 751 2270 verba
766 2239 827 2270 sint
843 2250 898 2270 an-

231 2289 313 2319 cillae
331 2287 370 2318 ad
383 2288 554 2319 dominam.
568 2295 599 2319 et
610 2288 653 2320 ita
666 2299 736 2319 cum
752 2288 898 2329 Micyllo‚

232 2337 347 2380 referre
361 2339 451 2367 tieem
469 2336 539 2373 erit,
558 2337 667 2368 ulcisci
687 2337 820 2367 amantis
845 2348 898 2366 ve-

231 2386 306 2417 teris
330 2386 504 2428 perfidiam,
529 2386 582 2428 qui
612 2385 770 2428 pellicem,
793 2385 825 2415 id
854 2391 900 2416 est

231 2435 326 2467 aliam
343 2435 477 2466 amicam
492 2436 628 2478 praescrt.
645 2435 728 2466 malo
743 2442 846 2466 tamen
861 2435 900 2465 ad

233 2485 362 2515 Po'e'tam
387 2485 509 2520 referre,
525 2485 579 2526 qui
603 2491 708 2515 monet
730 2494 898 2526 properan-

231 2533 307 2565 dum
331 2543 412 2569 esse,
437 2533 511 2564 dum
536 2534 653 2576 puella,
677 2533 751 2564 laesa
773 2532 898 2574 pellice,

234 2582 311 2613 iram
327 2582 506 2624 conceperit
521 2588 629 2613 eontra
653 2588 821 2617 amantem,
837 2591 899 2622 quo

233 2637 372 2673 tempore
405 2637 479 2673 apta
509 2631 578 2674 capi
613 2632 680 2673 ejus
715 2642 804 2661 mens
841 2637 898 2661 est.

237 2682 355 2711 Brun.

279 2731 352 2760 379.
377 2730 468 2760 Casw

493 2733 522 2760 in
548 2738 652 2760 escula
679 2739 732 2762 (¹51.
761 2732 826 2760 lice!
855 2732 900 2758 hi·

1529 1761 1626 1804 390

964 1896 1121 1936 indulgeat
1137 1893 1244 1932 auxia]
1294 1893 1440 1932 Expone:
1468 1891 1555 1922 Licet
1578 1890 1626 1920 liic

963 1949 1104 1978 eventus,
1131 1942 1195 1973 sive
1217 1952 1318 1976 casus,
1342 1941 1399 1970 hoc
1424 1948 1469 1971 cst
1492 1941 1626 1973 fortuna.

965 1993 1128 2034 indulgeat
1147 1991 1241 2022 ausis.
1286 1991 1412 2020 Mmu.

1008 2044 1082 2074 389.
1105 2042 1238 2072 Tollitur
1262 2042 1360 2075 index,
1388 2040 1464 2069 Cum
1487 2040 1571 2070 semel
1596 2042 1625 2068 in

964 2099 1079 2132 partein
1096 2092 1231 2122 criminis
1246 2091 1301 2120 illa
1317 2089 1428 2129 veiim]
1473 2089 1545 2119 Non
1561 2094 1629 2118 tan-

966 2148 1031 2172 tum
1047 2141 1086 2172 de
1102 2139 1228 2176 indicio,
1245 2139 1328 2181 quod
1343 2139 1382 2169 ad
1399 2137 1556 2169 dominam
1573 2138 1628 2168 de-

966 2190 1037 2222 ferri
1057 2196 1170 2232 potest,
1192 2188 1429 2230 accipiendum:
1455 2187 1510 2218 sed
1532 2187 1632 2228 magis

966 2241 1005 2271 de
1022 2250 1070 2275 eo,
1087 2239 1169 2281 quod
1194 2238 1233 2269 ad
1255 2238 1367 2274 virum,
1388 2237 1451 2268 sive
1475 2237 1631 2267 maritum.

967 2289 1056 2331 quasi
1073 2289 1203 2323 diceret,
1218 2298 1379 2328 nunquam
1389 2286 1443 2317 illa
1454 2286 1492 2317 de
1505 2285 1632 2317 domina

968 2337 1119 2370 indicabit
1140 2336 1261 2376 marito,
1278 2341 1441 2378 postquam
1465 2335 1532 2377 ipsa
1555 2345 1631 2376 quo-

968 2387 1073 2428 quein
1089 2385 1200 2416 eadem
1217 2385 1311 2426 culpa
1325 2384 1392 2419 elit,
1407 2384 1480 2414 etin
1497 2383 1629 2414 societa-

970 2442 1031 2465 tem
1047 2434 1185 2466 criminis
1200 2434 1296 2464 venit.
1323 2434 1513 2463 Max-mss.
1562 2432 1631 2462 Pel-

970 2487 1047 2515 litur
1063 2486 1146 2515 inde]
1168 2482 1310 2514 Francos.
1324 2492 1377 2525 pro
1393 2482 1476 2512 varia
1490 2481 1633 2512 lectione.

966 2544 1024 2574 ego
1039 2539 1114 2575 puto
1130 2543 1254 2563 sensum
1271 2542 1350 2566 esse,
1368 2531 1392 2561 si
1414 2530 1484 2572 quis
1507 2530 1633 2561 tentarit

969 2582 1059 2613 modo
1084 2582 1243 2617 ancillam,
1268 2591 1327 2611 non
1353 2579 1527 2622 perfecerit,
1542 2579 1632 2610 illum

968 2631 1097 2672 perdere
1122 2630 1282 2664 ancillam.
1307 2640 1376 2671 quae
1401 2629 1495 2660 index
1520 2635 1577 2664 est,
1602 2634 1633 2658 ct

969 2679 1072 2710 omnia
1089 2679 1172 2709 (licta
1189 2686 1220 2709 et
1235 2679 1318 2709 facta
1334 2678 1466 2708 ‹lominae
1491 2677 1634 2709 amatoris

972 2729 1073 2763 rvart,
1092 2736 1123 2758 ut
1141 2738 1210 2757 mox
1229 2727 1314 2757 dicit.
1364 2728 1475 2758 Brun,

1059 2783 1082 2811 ll
1102 2783 1118 2811 h
1137 2784 1154 2812 ‘2
