1849 3198
181 163 266 213 360

576 165 626 206 Ρ.
660 164 875 206 OVIDII
910 163 1192 206 NASONIS

184 278 332 332 Quod
358 278 450 326 fuit
473 278 707 341 Argolico
725 279 921 343 juvenis
947 279 1179 327 Phoceus
1207 279 1424 327 Orestae:
1521 281 1577 326 15

252 354 361 402 Hoc
386 355 493 411 tibi,
521 356 639 403 dum
663 356 818 411 licuit,
848 355 1086 412 Psittace‚
1113 362 1275 403 turtur
1298 363 1420 403 erat.

185 432 318 486 Quid
343 439 510 480 tamen
535 433 631 480 ista
653 433 808 479 fides?
845 432 966 495 quid
992 432 1087 479 rari
1112 431 1268 479 forma
1292 433 1498 480 coloris?

249 509 383 563 Quid
408 526 505 556 vox
530 509 781 556 mutandis
807 508 1066 570 ingeniosa
1090 509 1254 556 sonis?

183 585 316 639 Quid
336 587 493 649 juvat,
521 594 576 634 ut
599 588 746 634 datus
773 602 842 641 es,
870 593 1051 633 nostrae
1078 586 1327 649 placuisse
1352 586 1561 650 puellae?

249 662 429 711 Infelix
455 664 617 711 avium
642 663 813 727 gloria,
840 678 1020 726 nempe
1039 663 1198 725 jaces.
1514 666 1579 709 20

182 739 258 786 Tu
284 747 481 804 poteras
507 741 686 788 virides
711 739 888 803 pennis
913 739 1150 787 hebetare
1176 740 1497 802 ZmarangS,

248 817 427 866 Tincta
450 834 626 881 gerens
652 818 799 864 rubro
825 817 1007 880 punica
1032 825 1191 864 rostra
1214 834 1376 865 croco.

184 894 301 941 Non
325 895 418 943 fuit
441 896 490 942 in
515 895 657 943 terris
683 911 860 942 vocum
886 895 1195 941 simulantior
1220 896 1347 942 ales:

251 972 522 1020 Reddebas
547 973 702 1020 blaeso
727 979 829 1020 tam
854 973 982 1019 bene
1007 975 1159 1020 verba
1183 989 1321 1020 sono.

186 1049 381 1112 Raptus
408 1066 461 1097 es
489 1050 693 1097 invidia.
733 1067 830 1096 non
855 1057 908 1097 tu
935 1050 1038 1097 fera
1060 1051 1194 1098 bella
1218 1050 1480 1097 movebas:
1514 1053 1578 1096 25

250 1126 508 1182 Garrulus,
536 1133 587 1174 et
611 1127 821 1190 placidae
849 1127 986 1190 pacis
1013 1134 1203 1174 amator
1227 1143 1353 1174 eras.

184 1201 334 1259 Ecce,
363 1204 643 1250 coturnices
664 1204 792 1251 inter
818 1219 908 1250 sua
931 1204 1106 1266 proelia
1130 1204 1321 1251 vivunt:

249 1280 476 1327 Forsitan
500 1288 550 1328 et
573 1281 694 1328 fiant
718 1281 833 1328 inde
858 1281 1144 1344 frequenter
1169 1298 1310 1328 anus.

183 1357 369 1405 Plenus
395 1374 504 1405 eras
530 1358 756 1406 minimo:
797 1374 888 1405 nec
914 1374 1016 1421 prae
1042 1359 1284 1405 sermonis
1310 1374 1477 1405 amore

250 1435 309 1481 In
334 1435 516 1482 multos
541 1442 740 1498 poteras
766 1451 851 1481 ora
875 1450 1050 1481 vacare
1076 1435 1233 1482 cibos.

1514 1438 1580 1481 30

184 1511 304 1558 Nux
330 1519 435 1559 erat
459 1528 576 1559 esca
598 1513 714 1569 tibi3
756 1528 1050 1575 caussaeque
1075 1528 1324 1576 papavera
1347 1513 1506 1559 somni
1527 1527 1536 1556 :

249 1589 579 1652 Pellebatque
604 1589 736 1636 sitim
762 1589 1001 1652 simplicis
1027 1591 1205 1636 humor
1230 1606 1392 1653 aquae.

183 1667 318 1714 Vivit
338 1668 467 1714 edax
493 1668 672 1723 vultur,
701 1668 994 1729 ducensque
1019 1684 1107 1730 per
1132 1667 1243 1714 a'era
1268 1683 1418 1730 gyros

251 1743 456 1800 Miluus,
484 1750 534 1791 et
559 1744 737 1808 pluviae
759 1744 990 1806 graculus
1017 1751 1190 1791 auctor
1215 1759 1375 1806 aquae.

227 1878 275 1907 18.
292 1877 453 1907 Mutandis
467 1876 574 1916 uotis]
605 1876 771 1918 Antiquior
782 1876 844 1908 lec-

181 1927 224 1957 tio
239 1925 315 1957 mihi
331 1926 430 1968 magis
443 1927 602 1968 probatur.
620 1937 689 1966 quae
712 1932 768 1963 est,
784 1937 845 1957 non

183 1979 269 2014 ηηίἰε,
284 1977 339 2008 sed
354 1979 441 2013 sonis,
462 1976 492 2006 id
514 1982 562 2008 est
585 1976 731 2007 modulis.
770 1977 846 2007 MA-

184 2037 272 2057 RIUS.

225 2076 280 2105 20.
299 2075 412 2114 Nempe
422 2076 534 2115 jaces]
562 2074 654 2115 Eleg.
671 2074 845 2110 Palatinus,

183 2132 271 2161 taces,
287 2124 371 2166 quod
386 2124 517 2165 garrulae
533 2124 582 2155 avi
599 2123 846 2154 convenientius.

225 2175 277 2205 21.
296 2173 412 2204 Virides
425 2176 530 2213 pennis
545 2175 680 2204 hebetare
700 2173 844 2215 Zmarag-

181 2224 259 2264 dos.]
290 2222 453 2263 Zmaragdi
468 2222 589 2265 proprie
604 2222 727 2253 virides.
734 2222 845 2265 Scripti

184 2278 288 2303 tamen
303 2271 446 2302 meliores
461 2281 576 2313 magna
591 2282 629 2302 ex
648 2279 746 2312 parte,
762 2277 794 2301 et
815 2271 847 2302 in

182 2321 231 2352 ihs
264 2321 454 2356 Puteaneus,
480 2320 626 2362 fragiles.
671 2320 846 2351 Hzmsxus.

184 2371 272 2401 Licet
284 2370 419 2412 fragiles
443 2374 526 2399 recte
548 2368 611 2399 dici
628 2368 744 2410 possint
758 2369 847 2400 Zma—

183 2419 284 2462 ragdi,
308 2424 340 2449 et
367 2429 385 2448 a
415 2417 517 2448 Plinio
540 2428 664 2459 quoque
692 2417 847 2453 dicantur,

181 2475 305 2512 propter
325 2468 509 2509 adjunctum
524 2473 629 2498 tamen
644 2468 783 2503 verbum,
799 2469 846 2499 he-

181 2521 291 2554 betare,
314 2517 480 2559 requiritur
503 2516 554 2547 hie
577 2527 647 2553 vox,
671 2527 742 2558 quae
765 2517 847 2548 colo—

183 2579 247 2599 rem
262 2566 402 2598 lucidum
419 2570 516 2601 notet,
532 2571 564 2596 et
586 2565 630 2595 ita
652 2566 762 2596 virides
776 2566 846 2596 reti-

184 2617 308 2649 nuimus
335 2620 367 2647 et
402 2614 599 2646 defendimus
633 2614 774 2656 pluribus
807 2615 846 2646 ad

190 2667 313 2697 Petron.
330 2675 398 2706 cap.
413 2663 455 2694 lv.
495 2664 610 2694 BunM.

228 2715 282 2744 29.
306 2714 415 2743 Plenus
438 2724 501 2742 eras
525 2712 673 2750 minima]
708 2713 846 2743 Francos.

918 1876 1034 1907 Parcas
1057 1888 1121 1907 eras
1146 1883 1236 1916 pom:
1275 1881 1306 1905 et
1335 1880 1419 1905 certe
1447 1886 1582 1917 sequens

914 1925 1068 1957 distichon
1095 1926 1214 1956 indicat
1237 1924 1414 1967 praecedere
1434 1925 1579 1956 debuisse

914 1976 1019 2007 cibum
1044 1981 1075 2006 et
1099 1981 1221 2017 potum.
1247 1973 1309 2015 legi
1332 1980 1446 2015 posset,
1469 1986 1580 2014 parcus

914 2038 979 2056 eras
1002 2032 1097 2065 potus.
1123 2030 1157 2055 ut
1179 2035 1290 2065 parcus
1312 2025 1417 2060 somni,
1441 2026 1524 2061 vini5
1548 2030 1580 2055 et

913 2074 1040 2105 similia.
1086 2075 1206 2104 BunM.

958 2125 1009 2154 30.
1038 2123 1076 2153 In
1110 2124 1218 2153 multos
1251 2128 1370 2160 poteras
1398 2132 1451 2151 ora
1477 2132 1581 2151 vocare

913 2173 1017 2213 cibos]
1066 2173 1115 2203 Ita
1130 2171 1220 2202 multi
1244 2182 1281 2201 ex
1306 2169 1437 2212 scriptis.
1459 2175 1491 2201 at
1515 2171 1577 2201 Pu-

915 2228 1045 2253 teaneus
1067 2227 1099 2252 et
1121 2220 1363 2255 Arondelianus,
1386 2226 1503 2260 poteras
1527 2232 1580 2250 ora

916 2283 1031 2302 vacare.
1046 2271 1184 2312 eleganti
1200 2269 1381 2301 Graecismo.
1398 2270 1481 2311 quod
1497 2275 1528 2300 et
1547 2270 1579 2300 in

915 2320 977 2351 suis
992 2319 1178 2350 Dominicus
1192 2317 1315 2348 Marius
1338 2317 1437 2358 Niger
1459 2317 1580 2349 videtur

916 2369 1084 2399 invenisse.

959 2419 1010 2448 33.
1030 2418 1107 2447 Viuit
1131 2418 1203 2447 edas
1226 2417 1342 2451 vultur,
1367 2418 1508 2456 ducitque
1527 2428 1580 2456 per

915 2470 987 2497 abra
1009 2478 1099 2509 gyros
1127 2466 1274 2506 Miluus]
1307 2465 1511 2507 Apertissirne
1537 2465 1581 2496 ita

915 2517 1063 2559 scriptum
1092 2515 1213 2557 repperi
1242 2515 1274 2545 in
1302 2514 1412 2545 iisdem
1441 2513 1496 2545 lib.
1542 2515 1579 2545 In

917 2564 1071 2607 impressis
1087 2565 1167 2595 male
1183 2568 1241 2599 est,
1260 2564 1396 2593 Milvim.
1443 2562 1503 2593 Sed
1520 2563 1578 2593 hac

916 2615 954 2645 de
971 2625 1002 2645 re
1018 2613 1050 2644 in
1074 2615 1227 2646 observat.
1252 2613 1282 2643 in
1307 2613 1361 2643 lib.
1386 2613 1468 2643 Fast.
1493 2619 1525 2642 et
1547 2612 1579 2643 in

915 2665 1070 2695 observat.
1095 2663 1124 2693 in
1156 2662 1366 2704 Metamorph.
1399 2662 1579 2692 CiofANus.

922 2713 1034 2743 Mil'rins
1060 2713 1248 2746 Puteaneus,
1276 2710 1517 2743 Arondelianus.
1548 2716 1577 2740 et
