1849 3198
191 189 277 232 :318

586 187 636 227 P.
671 184 885 228 OVIDII
918 181 1199 226 NASONIS

198 306 306 352 Scit
329 306 457 352 bene
477 302 597 365 quid
623 317 842 364 gramen,
865 299 986 362 quid
1010 305 1139 345 torto
1156 295 1352 344 concita
1375 293 1581 341 rhombo

264 383 415 437 Licia,
444 381 564 443 quid
588 380 751 427 valeat
774 379 905 424 virus
931 375 1142 424 amantis
1168 389 1329 436 equae.

195 460 328 506 Cum
352 458 522 514 voluit,
548 464 653 504 toto
680 457 1014 519 glomerantur
1038 453 1209 500 nubila
1232 451 1372 498 coelo.

265 537 394 583 Cum
414 535 584 591 voluit,
610 550 734 598 puro
759 533 916 596 fulget
940 533 989 578 in
1014 533 1133 579 orbe
1158 530 1282 577 dies.
1526 528 1584 570 10

200 614 452 677 Sanguine
478 613 543 675 (si
568 627 669 674 qua
692 610 838 670 fides)
865 609 1101 656 stillantia
1126 608 1289 654 sidera
1312 604 1439 652 vidi:

263 692 552 754 Purpureus
579 688 731 735 Lunae
758 686 998 748 sanguine
1022 685 1186 732 vultus
1212 689 1333 730 erat.

198 768 342 816 Hanc
369 785 460 830 ego
486 774 751 813 nocturnas
775 765 935 812 vivam
960 763 1162 810 volitare
1187 776 1276 824 per
1300 758 1501 806 umbras

269 846 522 909 Suspicor,
550 851 600 891 et
623 844 793 906 pluma
818 857 997 905 corpus
1023 839 1152 886 anile
1176 837 1295 899 tegi.

198 923 463 986 Suspicor3
504 928 554 968 et
578 921 709 967 falna
732 926 824 966 est.
863 917 1019 965 oculis
1045 931 1249 980 quoque
1283 912 1472 977 pupula
1495 911 1585 957 du-

266 1000 531 1054 Fulminat‚
554 1006 603 1046 et
628 997 823 1060 gemino
843 996 1013 1042 lumen
1038 994 1100 1041 ab
1126 992 1245 1039 orbe
1268 990 1417 1037 venit.
1447 988 1587 1051 [plex

200 1077 390 1124 Evocat
414 1075 631 1138 antiquis
658 1089 865 1138 proavos
892 1079 1166 1133 atavosque
1192 1067 1460 1132 sepulcris:
1531 1068 1586 1111 17

266 1154 332 1201 Et
356 1153 565 1200 solidam
589 1153 736 1214 longo
763 1150 982 1198 carmine
1005 1147 1150 1194 findit
1173 1147 1396 1193 humum.

201 1231 324 1278 Haec
351 1229 444 1277 sibi
469 1229 728 1293 proposuit
751 1227 996 1274 thalamos
1021 1232 1265 1272 temerare
1290 1221 1529 1286 pudicos:

269 1308 377 1355 Nec
402 1315 569 1354 tamen
595 1305 791 1368 eloquio
815 1305 985 1367 lingua
1002 1308 1213 1350 nocente
1238 1307 1390 1348 caret.

1527 1301 1592 1344 20

202 1385 323 1432 Fors
348 1401 427 1432 me
453 1384 666 1431 sermoni
691 1390 872 1431 testem
897 1382 1060 1441 dedit.
1089 1381 1173 1427 illa
1196 1378 1431 1426 monebat

268 1462 435 1520 Talia;
476 1478 555 1509 me
581 1461 808 1524 duplices
835 1461 1097 1508 occuluere
1122 1458 1279 1505 sores:

200 1639 269 1679 ipsa
298 1647 335 1667 ex
359 1636 486 1667 Colchis
507 1635 657 1677 profecta,
684 1635 715 1665 in
740 1635 866 1666 Italiam

202 1686 305 1717 venit:
342 1685 397 1716 sed
426 1690 457 1716 et
486 1684 610 1715 Medeae
640 1684 866 1715 incantationes

200 1735 260 1766 hoc
276 1735 343 1765 loco
359 1734 458 1776 accipi
473 1738 612 1775 possunt.
657 1734 785 1764 M1crL.

247 1785 276 1815 7.
303 1783 463 1823 Rhombo]
493 1783 531 1813 In
556 1783 647 1812 MSS.
676 1782 811 1813 Glaserii
836 1787 868 1813 et

201 1840 273 1864 octo
299 1832 368 1863 aliis
392 1837 469 1867 erat,
491 1832 635 1871 plumb0;
660 1831 748 1873 cujus
773 1831 867 1861 etiam

203 1894 278 1914 usus
292 1881 323 1912 in
337 1880 479 1922 magicis.
496 1879 558 1910 vid.
574 1879 608 1910 ii.
625 1880 709 1910 Fast.
726 1880 799 1910 575.
814 1879 869 1910 ubi

203 1931 313 1962 similis
324 1929 458 1960 varietas
473 1934 504 1959 et
518 1928 562 1959 ibi
574 1928 744 1970 Neapolim.
761 1928 815 1960 sed
830 1928 869 1959 de

207 1981 336 2010 Rhombo
351 1978 492 2009 Martial.
507 1978 548 2008 ix.
565 1979 617 2009 29.
664 1978 784 2008 mes.

253 2030 302 2061 13.
327 2029 417 2059 Hanc
437 2039 488 2070 ego
510 2034 671 2058 nocturnas
690 2029 781 2058 visam
797 2028 869 2057 voli-

205 2086 270 2109 tare
280 2089 334 2118 per
344 2079 463 2107 umbras
479 2076 645 2116 Suspicor]
673 2076 791 2117 Opiuor
805 2087 869 2106 sue-

203 2135 266 2159 -tam
281 2126 490 2158 scribendum.
514 2125 628 2156 mutari
643 2130 748 2155 autem
764 2124 870 2166 hujus-

205 2175 290 2207 modi
306 2175 452 2206 veneficae
477 2175 508 2205 in
523 2174 639 2215 Striges
654 2174 871 2205 credebantur.

205 2226 239 2256 id
256 2226 371 2256 Noster
385 2225 444 2255 hoc
459 2224 527 2255 loco
541 2223 653 2255 innuit.
698 2224 870 2254 mesms.

208 2275 321 2311 Nemo,
350 2274 404 2315 qui
432 2273 544 2315 strigas
572 2284 638 2304 esse
662 2272 721 2303 sibi
745 2283 869 2314 persua-

207 2324 314 2360 debat,
324 2333 384 2353 non
393 2333 444 2353 eas
454 2332 558 2353 versas
570 2332 636 2352 esse
650 2321 806 2357 credebat,
817 2321 871 2352 sed

208 2372 348 2414 plerique
384 2370 605 2402 existimabant
641 2381 708 2401 esse
746 2371 872 2401 umbras

208 2426 399 2452 mortuarum
418 2431 563 2461 sagarum
580 2421 630 2451 vel
651 2420 873 2451 maleficarum.

209 2470 264 2501 sed
280 2469 360 2500 hanc
377 2469 471 2500 etiam
487 2468 590 2500 vivam
614 2468 740 2510 strigem
762 2469 873 2499 carmi-

210 2519 302 2550 nibus
330 2517 394 2549 suis
422 2517 488 2548 fieri
521 2528 621 2559 posse,
652 2528 734 2548 nunc
762 2516 874 2547 innuit.

210 2578 308 2608 quare
323 2568 419 2597 vivam
434 2565 545 2596 retinui
560 2578 568 2604 ;
591 2566 649 2596 hoc
665 2565 747 2596 enim
763 2564 874 2596 diffici-

210 2615 270 2647 lius
294 2615 419 2647 librario
434 2615 465 2646 in
489 2620 625 2646 mentem
642 2615 745 2646 venire
763 2615 873 2656 potuit,

211 2676 306 2707 quam
331 2676 454 2701 versam,
470 2670 505 2695 ut
520 2665 632 2706 vulgus
655 2675 744 2695 omne
768 2664 874 2694 crede-

210 2716 275 2747 bat.
298 2714 370 2746 talis
391 2714 449 2746 fuit
470 2714 525 2745 illa
539 2713 669 2745 Milonis
692 2724 768 2744 uxor
791 2712 873 2754 apud

934 1635 1062 1677 Apulej.
1079 1634 1134 1665 lib.
1154 1632 1188 1664 ii.
1210 1643 1279 1674 quae
1301 1643 1330 1662 se
1351 1638 1435 1662 nocte
1459 1632 1491 1660 ιή
1514 1641 1593 1660 avem

932 1686 1099 1725 plumabat.
1145 1684 1264 1713 BURM.

982 1735 1032 1765 15.
1045 1734 1165 1774 Pupula
1177 1730 1316 1772 duplex]
1328 1730 1403 1761 Vid.
1413 1729 1500 1761 Gell.
1514 1729 1556 1760 ix.
1566 1730 1597 1759 4.

935 1789 966 1814 et
999 1783 1080 1813 Plin.
1109 1781 1162 1813 vii.
1187 1780 1219 1811 ii.
1243 1778 1388 1811 Elmenh.
1414 1778 1454 1810 ad
1478 1778 1598 1809 Arnob.

935 1843 1009 1874 pag.
1039 1833 1094 1862 63.
1143 1830 1244 1861 Ptole.
1273 1829 1380 1871 Heph.
1409 1829 1466 1859 lib.
1496 1840 1529 1859 v.
1558 1827 1597 1858 de

937 1881 1117 1913 Candaules
1138 1890 1245 1916 uxore,
1260 1879 1311 1910 cui
1330 1884 1396 1910 erat
1409 1877 1526 1920 duplex
1540 1888 1598 1918 pu-

937 1932 1022 1973 pula.
1043 1936 1074 1961 et
1097 1931 1141 1960 ita
1157 1929 1234 1960 forte
1250 1928 1370 1960 Fabula
1392 1929 1446 1959 lib.
1458 1926 1511 1958 vii.
1525 1926 1598 1956 Me·

938 1987 1012 2011 tam.
1028 1980 1101 2010 365.
1116 1978 1155 2010 de
1169 1978 1372 2009 Telchinibus
1385 1975 1601 2017 intelligenda.

939 2030 1113 2060 szmsxus.
1160 2027 1314 2067 Pupulam
1330 2037 1386 2068 pro
1395 2026 1516 2066 pupilla
1537 2023 1600 2055 dici

938 2078 1045 2109 docuit
1077 2078 1209 2108 Salmas.
1237 2076 1277 2107 ad
1308 2075 1445 2118 Capitol.
1478 2074 1599 2105 Pertin.

937 2137 1007 2169 cap.
1022 2127 1085 2157 xiv.

985 2177 1033 2206 18.
1058 2174 1189 2216 Longa]
1218 2174 1321 2204 Primo
1334 2179 1380 2204 est
1396 2173 1428 2203 in
1441 2171 1600 2203 Palatino.

938 2230 1021 2256 recte
1038 2225 1125 2260 forte,
1138 2223 1172 2253 id
1187 2227 1235 2253 est
1249 2222 1341 2253 simul
1356 2233 1392 2253 ac
1408 2228 1535 2253 cantare
1551 2220 1599 2251 in-

939 2274 1025 2316 cipit.
1049 2273 1107 2304 nisi
1133 2274 1217 2313 privo
1241 2271 1463 2314 reponendum,
1485 2270 1517 2301 id
1540 2276 1600 2307 est,

939 2323 997 2355 sibi
1013 2321 1145 2365 proprio.
1168 2321 1207 2352 de
1224 2331 1285 2362 quo
1296 2321 1335 2351 ad
1350 2321 1395 2351 ix.
1408 2321 1489 2351 Met.
1503 2321 1556 2350 20.
1571 2324 1603 2351 et

939 2374 962 2405 i.
979 2373 1065 2404 Fast.
1084 2373 1156 2402 113.
1200 2372 1319 2401 Bunm.

983 2423 1038 2454 22.
1070 2422 1213 2461 Duplices
1231 2420 1348 2462 fores]
1384 2420 1463 2456 Quae
1483 2418 1602 2460 duplici

941 2472 1050 2503 tabula
1064 2471 1260 2506 constabant,
1277 2469 1505 2511 dupliciterque
1529 2478 1602 2510 ape—

941 2521 1110 2552 riebantur.
1134 2519 1254 2551 Graecis
1269 2519 1335 2561 pari
1350 2518 1440 2548 modo
1454 2516 1601 2554 δικλίδες.

942 2571 1059 2601 ΗΕΙΝΞ.

987 2618 1179 2658 ΟεοιιΙιιει·ε.]
1198 2618 1364 2648 Detinuere
1379 2615 1603 2647 Mentelianus.

943 2680 982 2701 an
997 2670 1171 2705 diminuere,
1187 2662 1369 2709 separarunt
1385 2666 1423 2697 ab
1440 2664 1515 2696 illis.
