1849 3198
244 158 286 188 40
646 154 856 186 BENTLEII
880 152 1250 185 EMENDATIONES.

244 243 309 274 646
657 240 769 272 mediis
785 240 816 272 in
831 240 974 284 partibus
989 242 1096 281 ipsum,

333 296 449 327 Versus
465 296 539 332 728,
552 295 614 326 748
632 305 688 337 pro
702 294 816 337 spuriis
832 295 928 326 habet
945 295 1164 333 Burmannus;
1190 290 1354 323 Bentleius
1369 294 1475 321 autem
1493 285 1650 320 admittit:

373 349 469 386 idem,
486 347 574 380 nobis
591 348 707 391 placet,

707 467 886 504 LIBER
914 465 1190 504 DECIMUS.

266 565 308 594 42
567 568 780 605 steteruntque
796 562 915 593 Ixionis
928 564 1026 593 orbes.-
1057 561 1118 603 [ix.
1137 561 1229 601 123.]

249 620 310 649 144
333 618 475 650 Concilio
490 617 613 649 medius
631 619 724 648 turbae

245 673 309 704 342
570 671 684 703 retinet
696 671 799 702 malus
814 681 896 702 error
912 676 1043 707 euntem,

245 727 306 758 531
335 725 559 767 Piscosamque
579 725 715 761 Gnidon,

245 781 306 811 721
333 780 550 817 Semianimem,
566 779 661 821 inque
675 789 731 810 suo

663 896 842 935 LIBER
871 896 1229 935 UNDECIMUS.

266 996 309 1026 45
572 993 612 1024 Te
627 992 765 1024 carmina
780 1003 863 1035 saepe
879 998 994 1024 secutae

244 1050 305 1081 153
608 1057 664 1078 sua
679 1058 805 1078 munera
822 1046 889 1088 (vel
904 1046 1049 1088 numina)
1066 1045 1235 1089 Nymphis,

243 1105 304 1135 221
610 1105 618 1118 ‘
633 1100 727 1137 Dea,'
750 1100 884 1137 dixerat,
908 1105 916 1117 ‘
930 1100 1021 1138 u‹loe‚'

242 1158 306 1189 262
609 1166 664 1185 sua
678 1154 809 1186 brachia
825 1156 960 1186 tendens.

243 1213 307 1244 294
333 1212 444 1242 Frater
459 1215 537 1246 erat,

243 1267 307 1298 319
567 1263 762 1306 progenitore
778 1266 889 1294 nitenti

245 1323 308 1353 320
332 1321 409 1351 Esse
423 1326 494 1349 satae
509 1318 659 1360 prodest?

244 1376 304 1407 381
332 1375 461 1405 Damna
476 1384 531 1403 sua

244 1430 308 1461 403
331 1428 443 1459 Donec
461 1427 633 1457 inhaerentis

243 1485 307 1514 412
503 1482 596 1511 animi
611 1479 833 1517 oblectamina,
850 1480 917 1522 (vel
933 1481 1013 1511 omui
1028 1480 1192 1510 luctamine
1212 1479 1304 1519 [425.
1320 1478 1394 1508 446.
1412 1477 1469 1507 461
1480 1476 1524 1516 .])
1540 1480 1648 1511 sortes,

243 1537 307 1568 460
569 1545 696 1576 corpore
713 1541 772 1565 toto
787 1540 843 1566 est.

243 1593 307 1623 494
568 1595 719 1631 tantaque
734 1589 890 1631 potentior
906 1596 970 1622 arte
987 1595 1032 1621 est
1046 1590 1051 1619 !

245 1647 305 1678 591
330 1645 428 1676 Tecta
445 1643 525 1686 petit
539 1645 629 1683 spissa
645 1643 702 1674 sub
718 1644 796 1674 nube

246 1701 308 1730 772
333 1700 434 1731 Cerva
450 1698 570 1739 lupum,
588 1696 715 1737 longer-e
730 1696 801 1727 lacu

641 1816 819 1854 LIBER
847 1815 1242 1854 DUODECIMUS.

262 1916 303 1945 97
564 1911 687 1942 decimo
701 1917 806 1942 tamen
822 1912 894 1943 orbe
910 1918 1061 1942 moratur.

243 1971 304 2001 132
561 1968 733 2008 capuloque
749 1966 881 1998 adversa
896 1966 1026 1997 reducto

243 2024 305 2054 182
565 2021 654 2062 longa
669 2026 819 2056 vetustas,

243 2079 306 2108 338
330 2076 416 2106 Dum
432 2074 512 2116 fugit
527 2080 673 2104 astantem

242 2132 305 2162 379
330 2129 459 2161 Eminus
472 2140 480 2167 3
506 2127 666 2168 Iphinoum

244 2186 307 2215 395
566 2181 671 2211 barbae
690 2180 773 2211 color
789 2191 899 2212 aureus
915 2194 920 2210 :
949 2190 1043 2212 aurea
1058 2180 1117 2215 Ex,
1133 2185 1194 2212 etc.
1210 2179 1333 2221 (deleto
1348 2192 1394 2221 τῳ
1411 2178 1490 2221 que)

243 2239 306 2269 453
330 2235 444 2267 Stravit
465 2235 676 2275 Erigdupum:

244 2293 307 2322 472
334 2289 539 2321 Commannit?
564 2293 763 2328 mentemque

239 2346 302 2376 624
646 2342 713 2371 solis
726 2340 896 2371 Telamone
911 2342 1019 2371 creatis

564 2459 739 2496 LIBER
770 2460 806 2495 Ι)
816 2459 1030 2496 ECIMUS
1062 2458 1323 2496 TERTIUS.

245 2559 303 2589 1:38
325 2557 410 2587 Num
427 2556 504 2597 petit
521 2556 573 2585 illa

243 2613 301 2642 177
328 2611 434 2651 thue
451 2610 522 2639 alins
536 2614 655 2639 taceam

243 2667 302 2696 189
329 2664 417 2694 Hanc
434 2662 614 2704 (equidem,
632 2663 740 2697 fateor,
761 2662 902 2703 fassoque
919 2661 1060 2702 ignoscat
1075 2660 1237 2697 Atrides,)
1268 2654 1274 2663 ’

244 2720 304 2750 ]9,0
648 2727 839 2750 Γιυιιιιιιιιινιη,
856 2714 990 2748 (irwvia.
1007 2725 1147 2745 caussam
