1849 3198
254 219 282 260 2
645 219 695 261 P.
720 217 932 261 OVIDII
966 219 1245 262 NASONIS

254 333 402 398 Troja
419 336 555 398 jacet
578 341 728 391 certe,
757 334 943 382 Danais
968 335 1124 382 invisa
1147 334 1341 399 puellis.

316 412 416 459 Vix
442 412 668 460 Priamus
691 413 831 469 tanti,
857 420 1060 476 totaque
1085 412 1247 476 Troja,
1273 412 1379 460 fuit.

255 488 298 537 O
325 489 512 537 utinam
527 496 661 546 tunc,
677 505 792 537 cum
809 489 1167 537 Lacedaemona
1183 491 1342 538 classe
1361 489 1580 554 petebat,
1607 493 1636 537 5

322 565 543 614 Obrutus
567 565 751 614 insanis
777 574 910 614 esset
934 567 1124 614 adulter
1149 568 1316 630 aquis!

254 642 369 690 Non
392 659 486 706 ego
510 644 706 692 deserto
725 644 995 707 jacuissem
1019 644 1196 706 frigida
1218 646 1363 698 lecto,

320 720 367 767 N
373 737 429 768 ec
455 738 686 784 quererer
709 723 874 769 tardos
900 722 968 770 ire
993 722 1165 769 relicta
1188 722 1293 769 dies
1313 739 1323 770 ε

255 797 362 845 Nec
388 799 522 855 mihi,
550 800 789 862 quaerenti
814 800 1083 863 spatiosam
1107 799 1274 847 fallere
1299 806 1511 854 noctem,

321 874 551 923 Lassaret
572 876 742 924 viduas
768 877 984 941 pendula
1005 877 1106 924 tela
1129 892 1319 923 manus.
1579 878 1637 922 10

252 982 305 1012 ubi
320 982 359 1013 de
374 983 519 1025 Epistolis
534 982 597 1014 suis
617 983 691 1024 agit,
711 984 813 1015 minus
828 990 910 1015 recte

251 1030 410 1062 intellecto
420 1044 429 1070 3
453 1032 507 1073 qui
522 1032 671 1063 Amorum
695 1033 772 1064 libro
787 1033 820 1065 ii.
838 1033 910 1064 Ele-

251 1080 304 1120 gia
322 1081 371 1112 19.
387 1087 506 1111 exstat:

254 1129 340 1163 Quod
358 1130 446 1160 Paris
462 1137 489 1160 et
508 1130 678 1168 Macareus,
694 1137 723 1162 et
741 1133 816 1171 qvod
834 1132 910 1162 mule

292 1185 399 1219 gratus
418 1179 521 1215 Juson,
552 1179 766 1221 Hippolytique
790 1191 908 1220 pareus,

295 1227 532 1268 Hippolytusque
548 1229 638 1270 legat.

252 1275 343 1306 Certe
366 1277 441 1315 quod
463 1277 552 1306 Paris
578 1278 671 1319 legat,
697 1282 744 1308 est
769 1276 909 1318 Epistola

250 1324 289 1354 ad
306 1325 450 1355 Paridem
462 1325 592 1368 scripta:
618 1336 686 1367 quae
699 1336 781 1356 nunc
797 1332 908 1363 exstat,

249 1384 361 1416 nempe
395 1375 531 1405 OEnones
572 1375 611 1405 ad
647 1374 804 1406 Paridem.
847 1375 908 1406 Pa-

248 1433 318 1453 rens
340 1423 502 1466 Hippolyti
525 1429 571 1454 est
588 1423 737 1459 Theseus,
754 1424 793 1454 ad
815 1434 908 1465 quam

247 1468 387 1502 'Ariadne
412 1471 528 1509 scribit,
554 1483 623 1513 quae
648 1483 731 1503 nunc
755 1472 909 1504 Ariadnes

250 1520 290 1551 ad
304 1521 459 1552 Theseum
482 1521 606 1552 dicitur.
651 1521 743 1558 Quod
760 1522 907 1563 Hippoly-

251 1577 298 1600 tus
323 1571 413 1612 legat,
436 1577 492 1607 est,
519 1582 612 1612 quam
637 1571 677 1602 ad
702 1572 907 1614 Hippolytum

249 1619 383 1650 Phaedra
409 1619 541 1661 scripsit,
566 1620 649 1662 quod
678 1631 767 1651 nemo
796 1621 906 1652 nescit.

249 1668 340 1698 DAN.
354 1669 528 1699 Hraxxsrus.

294 1718 323 1748 l.
348 1718 470 1758 Hanc]
502 1718 605 1749 Semel
630 1718 719 1748 modo
756 1719 905 1750 Ovidium

246 1766 303 1797 hoc
322 1767 510 1808 pronomine,
527 1767 745 1798 subintellecta
762 1769 904 1808 Epistola,

245 1826 353 1854 usum;
370 1815 550 1847 Ciceronem
566 1827 689 1858 quoque
704 1818 799 1847 semel
818 1829 904 1849 usur-

245 1875 345 1906 passe,
361 1866 503 1896 observat
518 1865 772 1906 diligentissimus
784 1867 904 1898 Vavas-

245 1924 293 1943 sor
315 1913 354 1944 de
370 1913 411 1944 vi
435 1919 465 1944 et
489 1925 547 1945 usu
569 1914 773 1955 quorumdam
795 1917 902 1946 verbo—

245 1973 323 1998 rum,
340 1974 372 2004 p.
387 1964 440 1993 86.
486 1963 571 1993 Infra
595 1973 718 2004 quoque
744 1964 844 2005 Epist.
869 1977 901 1997 Χ.

244 2022 309 2042 ver.
319 2013 350 2042 3.
360 2012 487 2053 quidam
502 2012 624 2043 codices
634 2012 791 2049 exhibent,
806 2014 902 2048 Quum

246 2062 328 2102 legis,
342 2072 411 2102 quae
429 2061 453 2092 si
469 2072 541 2092 vera
560 2061 600 2092 sit
622 2061 724 2097 lectio,
741 2062 814 2092 addi
830 2063 901 2094 huic

245 2109 450 2140 observationi
478 2110 603 2151 poterit.
641 2110 718 2141 vid.
745 2116 776 2141 et
800 2112 900 2153 Epist.

245 2158 309 2188 xvi.
327 2159 357 2189 l.
395 2159 624 2189 BuuMANNus.

288 2207 458 2247 Penelopen]
480 2208 557 2238 Haee
579 2208 706 2248 Amyre,
722 2208 770 2238 vel
788 2207 900 2239 Arnaea

243 2255 387 2297 primum,
399 2256 471 2286 dein
488 2256 642 2297 Penelope
654 2255 748 2291 dicta,
765 2257 803 2286 ab
819 2257 898 2297 ejus-

244 2305 315 2335 dem
331 2304 461 2335 nominis
476 2305 594 2341 avibus,
611 2316 680 2345 quae
697 2305 865 2346 expositam
881 2317 899 2336 a

242 2355 421 2397 parentibus
448 2355 669 2391 educaverunt,
703 2361 737 2386 ut
771 2355 898 2386 Pindari

240 2405 343 2436 scribit
359 2405 519 2446 interpres,
558 2405 691 2436 Pnunn.

286 2454 406 2494 Lenta]
434 2454 471 2484 ld
487 2461 542 2490 est,
560 2466 619 2485 uon
634 2460 753 2485 tautum
769 2455 822 2496 qui
838 2461 897 2486 tar-

241 2504 295 2534 das
312 2503 408 2534 redire
424 2503 462 2534 ad
479 2514 538 2540 me,
551 2503 605 2534 sed
619 2503 672 2545 qui
689 2515 748 2534 non
764 2515 897 2535 commo-

241 2552 320 2583 veris
334 2551 486 2583 desiderio
500 2553 612 2589 uxoris,
628 2563 727 2594 neque
743 2553 809 2594 ejus
823 2563 897 2584 cura

242 2600 387 2641 tangeris,
417 2606 450 2631 ut
478 2601 521 2631 ita
546 2612 627 2642 saepe
654 2602 778 2631 Noster.
816 2601 893 2633 vid.

239 2643 377 2674 Turneb.
405 2644 433 2673 1.
464 2643 546 2675 Λᾶν.
574 2645 623 2675 15.
655 2650 686 2675 et
715 2644 825 2675 lleins.
855 2645 895 2675 ad

241 2692 341 2734 Epist.
358 2703 410 2723 xv.
430 2693 501 2723 169.
526 2700 556 2723 et
582 2693 645 2724 xix.
663 2695 716 2724 81.
746 2700 777 2724 et
806 2693 893 2725 alibi.

240 2742 357 2772 Burin.

286 2790 372 2821 Ulixe
390 2797 420 2822 ct
441 2802 495 2823 nos
513 2790 573 2827 hic,
590 2796 621 2822 et
642 2791 755 2833 ubique
772 2791 887 2834 recepi-

978 994 1057 1020 mus,
1073 985 1111 1015 ob
1134 983 1276 1015 codicum
1294 984 1357 1015 fere
1377 984 1515 1015 omnium
1530 990 1636 1015 aucto-

977 1033 1113 1064 ritatem.
1154 1032 1275 1074 Regius
1290 1038 1393 1064 tamen
1406 1033 1444 1063 ad
1461 1032 1597 1070 Quintil.
1614 1033 1636 1064 i.

976 1088 1019 1119 iv.
1049 1089 1165 1130 Ulysses
1184 1089 1317 1131 praefert,
1334 1089 1409 1130 quia
1432 1100 1469 1120 ex
1491 1089 1637 1120 Dialecto

976 1138 1102 1169 AEolica
1118 1140 1156 1169 ab
1169 1137 1354 1175 Οὐδυσσεῦς
1368 1137 1545 1168 deducitur.
1572 1138 1635 1168 Vo-

975 1186 1111 1217 cativum
1140 1198 1212 1218 vero
1244 1186 1274 1217 in
1313 1186 1361 1217 his
1390 1186 1564 1218 nominibus
1593 1186 1637 1218 ita

973 1235 1121 1267 extulisse
1150 1242 1269 1267 veteres
1303 1235 1415 1267 docent
1447 1236 1634 1267 membranae

974 1285 1212 1316 emendatiores.
1259 1285 1376 1316 Burin.

1017 1334 1218 1365 Retinuimus
1238 1334 1422 1376 scripturam
1445 1343 1465 1364 a
1479 1333 1635 1365 Gronovio

974 1384 1138 1425 prolatam.
1172 1383 1279 1414 Scribo
1294 1382 1421 1425 quidem
1435 1382 1492 1414 tibi
1506 1383 1591 1414 lento
1605 1389 1636 1414 et

974 1432 1156 1470 immemori,
1167 1444 1227 1464 non
1238 1433 1307 1463 ideo
1319 1439 1434 1469 tamen,
1442 1438 1476 1463 ut
1487 1432 1636 1464 rescribas

975 1482 1061 1519 mihi,
1077 1482 1142 1513 redi
1158 1482 1240 1513 enim
1258 1482 1322 1524 ipse
1341 1482 1455 1524 potius.
1492 1483 1610 1514 Bmm.

1021 1532 1227 1573 Trojajacet]
1240 1532 1364 1562 Indicat
1375 1531 1467 1562 facile
1478 1531 1540 1562 fore
1549 1532 1632 1574 quod

974 1582 1142 1623 proposuit.
1159 1588 1246 1623 potes
1260 1581 1370 1618 redire,
1387 1592 1459 1612 nam
1476 1581 1568 1623 Troja
1583 1581 1630 1623 ja-

973 1637 1033 1662 cet.
1043 1631 1146 1661 diruta
1161 1637 1219 1662 est.
1245 1631 1342 1662 Dicta
1356 1636 1402 1661 est
1416 1630 1508 1672 Troja
1522 1641 1540 1662 a
1553 1631 1632 1663 Troe

972 1691 1055 1721 rege,
1077 1680 1269 1711 Erichthonii
1291 1686 1321 1710 et
1343 1679 1530 1712 Callirrhoes
1558 1681 1633 1712 Sca—

972 1729 1092 1760 mandri
1108 1729 1182 1760 filio.
1201 1736 1293 1760 antea
1308 1729 1434 1760 Teucria
1459 1740 1477 1760 a
1494 1730 1632 1770 Teum-03

972 1784 1003 1809 et
1019 1778 1180 1810 Dardania
1195 1789 1214 1809 a
1229 1779 1377 1810 Dardano
1394 1779 1567 1811 dicebatur.

1015 1829 1118 1870 Hujus
1133 1828 1218 1859 verbi
1235 1828 1407 1859 antitheton
1422 1829 1547 1859 Manet.

1326 1878 1415 1918 Troja
1429 1885 1571 1915 maneret,

972 1920 1133 1961 P›·<rceptis
1150 1922 1267 1951 Priami
1282 1921 1397 1962 sisar-et
1414 1932 1465 1951 usa
1479 1924 1566 1953 senis.

1446 1964 1628 1996 (homimis.

1013 2013 1045 2042 4.
1074 2012 1127 2042 Vis
1148 2012 1287 2043 Priamus
1312 2013 1418 2053 iamt]
1446 2014 1490 2044 Ut
1510 2014 1630 2046 tamdiu

970 2061 1051 2091 absis
1067 2061 1223 2092 nimirum.
1270 2063 1395 2093 Frustra
1417 2062 1512 2103 igitur
1529 2074 1561 2094 se
1576 2075 1630 2095 ex-

969 2116 1074 2141 ercent
1096 2110 1153 2140 hoc
1175 2110 1207 2140 in
1224 2111 1292 2141 loco
1307 2110 1364 2142 viri
1386 2111 1511 2142 eruditi.
1557 2113 1630 2145 Fuit

968 2169 1038 2189 cum
1062 2165 1092 2189 et
1113 2170 1170 2200 ego
1185 2170 1307 2190 versum
1321 2170 1418 2190 unum
1434 2160 1627 2203 alterumque

966 2208 1117 2239 excidisse
1140 2208 1325 2250 suspicarer.
1342 2209 1396 2240 sed
1419 2210 1524 2240 nullus
1544 2211 1628 2242 exci-

966 2256 1024 2287 dit.
1070 2257 1190 2288 mes.

1010 2308 1041 2337 5.
1073 2307 1310 2347 Lacedaemona]
1339 2307 1544 2339 Lacedaemon
1567 2309 1627 2340 Pe-

965 2355 1123 2397 loponnesi
1135 2357 1218 2392 urbs,
1234 2356 1377 2387 Menelai
1396 2357 1491 2397 regia,
1508 2368 1625 2389 nuncu-

965 2410 1037 2445 pata
1053 2415 1070 2435 a
1086 2405 1309 2435 Lacedaemone
1318 2406 1336 2436 J
1340 2405 1405 2436 ovis
1417 2405 1480 2436 filio
1492 2417 1530 2437 ex
1544 2407 1625 2449 Tay-

964 2459 1045 2494 gete,
1062 2453 1198 2484 Atlantis
1212 2460 1243 2485 et
1257 2453 1412 2485 Pleiones.
1458 2455 1545 2486 ΛΝΤ.

1008 2503 1039 2532 7.
1064 2503 1131 2532 Non
1158 2502 1234 2543 ega]
1260 2502 1341 2533 Mire
1365 2503 1509 2545 exprimit
1531 2505 1623 2536 muli-

963 2550 1031 2585 eris,
1048 2562 1117 2592 quae
1143 2550 1280 2592 legitime
1302 2558 1385 2583 amat
1401 2552 1499 2583 virum
1521 2564 1621 2589 suum,

962 2599 1132 2640 ingenium.
1147 2599 1229 2640 quod
1242 2599 1407 2631 dicendum
1419 2600 1488 2636 suit,
1501 2612 1539 2632 ne
1552 2602 1623 2643 quis

962 2648 1139 2689 Penelopen
1150 2648 1340 2690 impudicam
1352 2659 1370 2680 a
1378 2650 1475 2680 Po'eta
1485 2650 1619 2681 effictam

961 2702 1060 2738 putet.
1108 2697 1288 2728 Clonmus.

1001 2746 1033 2775 9.
1048 2745 1208 2784 Spatiosam
1216 2746 1333 2787 fallere
1346 2746 1483 2787 noctem]
1501 2747 1619 2778 Oxoni-

957 2793 1039 2825 ensis
1053 2799 1083 2825 et
1101 2793 1325 2826 Lincoluiensis
1348 2796 1487 2834 spatiosas
1507 2802 1612 2833 noctes,
