1849 3198
186 186 272 228 348

577 184 627 225 P.
661 183 876 225 OVIDII
909 182 1190 225 NASONIS

195 300 515 348 Carminibus
541 315 738 347 cessere
763 299 920 347 fores:
962 300 1246 362 insertaque
1272 299 1419 363 posti,

263 376 501 431 Quamvis
526 377 675 424 robur
699 384 820 432 erat,
847 377 1064 423 carmine
1088 376 1220 422 victa
1244 392 1354 422 sera
1378 383 1469 423 est.

197 453 331 508 Quid
356 454 476 500 mihi
500 453 738 517 profuerit
760 453 906 500 velox
932 459 1159 499 cantatus
1186 452 1442 499 Achilles?

265 530 398 585 Quid
423 547 511 594 pro
536 548 616 578 me
642 530 843 577 Atrides
870 530 992 576 alter
1018 536 1068 576 et
1092 530 1215 576 alter
1240 529 1422 591 agant?

1522 532 1587 574 30

200 607 400 671 Quique
424 615 498 655 tot
523 608 748 663 errandO,
778 614 901 670 quot
924 607 1072 661 bello,
1101 607 1318 670 perdidit
1342 606 1530 654 annos?

266 684 463 749 Raptus
489 692 539 732 et
563 684 838 731 Haemoniis
863 684 1043 731 flebilis
1070 682 1258 730 Hector
1282 682 1453 745 equis?

199 761 282 818 At,
310 761 434 809 facie
459 769 642 809 tenerae
667 762 869 808 laudata
897 777 1032 823 saepe
1057 760 1253 823 puellae,

266 839 347 886 Ad
371 845 551 894 vatem,
579 839 794 903 pretium
820 838 1067 893 carminis,
1091 837 1201 901 ipsa
1223 837 1374 884 venit.

201 915 391 978 Magna
414 916 560 963 datur
584 932 791 964 merces.
831 915 1037 962 heroum
1064 914 1197 961 clara
1220 915 1381 961 valete
1527 915 1590 959 35

269 992 513 1040 Nomina:
553 1009 650 1039 non
676 1000 793 1056 apta
816 998 893 1039 est
918 991 1076 1054 gratia
1099 998 1263 1038 vestra
1287 990 1423 1037 mihi.

202 1068 281 1116 Ad
307 1085 420 1116 mea
442 1069 669 1115 formosae
694 1069 858 1115 vultus
885 1067 1119 1115 adhibete
1146 1068 1326 1131 puellae

272 1146 522 1202 Carmina,
549 1161 826 1209 purpureus
853 1162 965 1208 quae
991 1145 1109 1192 mihi
1135 1145 1291 1192 dictat
1315 1144 1483 1191 Amor.

687 1447 988 1494 ELEGIA
1043 1446 1114 1493 II.

208 1569 371 1623 Quem
396 1586 550 1632 penes
577 1577 653 1616 est
677 1570 928 1617 dominam
954 1568 1180 1616 servandi
1206 1583 1338 1621 cura,
1369 1566 1554 1628 Bago'e,

277 1646 411 1692 Dum
437 1662 620 1709 perago
646 1653 813 1693 tecum
839 1662 1015 1710 pauca,
1045 1645 1134 1691 sed
1160 1651 1291 1707 apta,
1318 1660 1454 1690 vaca.

210 1722 461 1770 Hesterna
487 1724 586 1770 vidi
612 1725 911 1787 spatiantem
936 1724 1046 1769 luce
1073 1721 1306 1785 puellam,

278 1801 386 1857 Illa,
415 1817 526 1863 quae
550 1802 713 1849 Danai
737 1802 957 1866 porticus
983 1815 1161 1862 agmen
1186 1799 1353 1845 habet.

253 1990 306 2020 30.
333 1988 415 2023 Quid
435 2000 490 2028 pro
514 2001 557 2019 me
578 1990 710 2029 Ajacem
742 1990 779 2020 In
803 1989 871 2031 qui-

210 2038 343 2069 busdam
370 2040 502 2073 Atrides,
524 2049 586 2069 non
610 2040 728 2078 Ajaces.
753 2045 873 2070 utrum—

212 2099 273 2128 que
297 2093 427 2118 rectum.
459 2088 674 2119 NAuc-Emvs.
723 2088 873 2119 Nonnulli

212 2137 335 2167 codices
363 2136 433 2166 loco
459 2138 575 2176 Ajaces,
600 2139 722 2167 Atrides
747 2138 874 2168 liabent.

214 2186 294 2222 Quae
310 2185 402 2215 lectio
417 2185 442 2215 si
463 2185 520 2216 tibi
547 2186 662 2228 placet,
679 2187 696 2216 ὁ
712 2188 819 2222 lector,
836 2186 874 2217 de

212 2234 448 2275 Agamemnone
473 2240 504 2264 et
519 2235 666 2265 Menelao
681 2235 799 2266 dictum
824 2246 876 2265 ac-

213 2282 293 2324 cipe,
308 2282 361 2323 qui
375 2282 413 2312 ab
427 2282 523 2313 Atreo
535 2294 633 2323 genus
646 2284 821 2314 trahebant.
836 2283 875 2313 de

215 2331 329 2372 quibus
340 2331 431 2361 Maro
443 2330 498 2361 lib.
510 2331 542 2361 ii.
555 2332 682 2362 2Eneid.
696 2333 769 2362 500.
778 2332 873 2362 dixit:

260 2379 454 2418 Geminosque
468 2381 501 2409 in
516 2381 616 2410 limine
630 2381 767 2411 Atridas.

681 2430 833 2460 MAnlvs.

259 2476 311 2506 31.
351 2476 496 2516 Quique]
535 2477 681 2517 Ulyssem
712 2478 798 2514 dicit,
824 2478 877 2520 qui

215 2525 325 2555 decem
342 2534 437 2555 annos
456 2526 540 2556 bello
558 2526 690 2567 Trojano
706 2526 876 2568 impendit:

215 2574 326 2604 decem
343 2573 430 2609 alios,
441 2574 515 2604 dum
531 2575 622 2616 plura
635 2575 761 2606 videndi
776 2577 878 2607 studio

218 2633 271 2663 per
285 2628 435 2653 terrarum
451 2624 555 2653 orbem
571 2630 696 2661 erraret,
711 2636 874 2667 consump-

215 2670 270 2701 sit:
308 2677 338 2701 et
367 2671 492 2702 tandem
516 2678 586 2714 post
611 2674 794 2714 vigesimum
822 2686 876 2706 an-

219 2730 303 2755 num,
319 2731 445 2751 uxorem
461 2721 575 2752 revisit.

983 1995 1037 2025 35.
1064 1994 1199 2023 Heroum
1222 1995 1307 2023 clara
1334 1994 1426 2023 valete
1452 1994 1599 2034 nomina]

940 2042 1085 2085 Respicit
1098 2042 1155 2072 illa
1171 2042 1377 2072 Anacreontis
1392 2042 1462 2073 Ode
1480 2042 1499 2072 i.

986 2092 1133 2133 Χαίροιτε
1147 2093 1266 2122 λοιπὸν
1284 2090 1365 2132 ἡμῖν

985 2140 1116 2183 Ἠρώες,
1135 2139 1156 2178 ἡ
1171 2139 1253 2181 λύρη
1271 2141 1334 2180 γὰρ

988 2191 1120 2226 Μόνους
1135 2190 1257 2231 ἔρωτας
1272 2187 1351 2219 (ἴδει.
1445 2190 1560 2220 Bunm.

990 2289 1017 2318 l.
1057 2287 1184 2329 Bagou]
1226 2287 1263 2316 In
1293 2286 1464 2317 Bai-barino
1497 2287 1604 2318 codice

945 2343 1011 2368 erat
1048 2337 1161 2378 glossa,
1193 2338 1300 2377 lingua
1331 2336 1453 2366 Persica
1491 2338 1607 2367 dicitur

945 2386 1054 2425 Spado.
1080 2390 1111 2415 et
1126 2385 1170 2415 ita
1191 2384 1274 2426 apud
1291 2385 1434 2415 Curtium
1449 2395 1531 2426 saepe
1555 2396 1605 2415 oc-

946 2435 1051 2466 currit.
1098 2434 1218 2475 Bngous
1241 2444 1313 2464 vero
1329 2444 1347 2464 a
1369 2434 1488 2465 Latinis
1512 2435 1606 2465 etiam

946 2484 1060 2514 dicitur
1083 2494 1138 2524 pro
1156 2483 1282 2525 Bagoas.
1327 2484 1525 2514 Vocabulum
1541 2495 1607 2514 esse

947 2533 1168 2567 Chaldaicum,
1193 2538 1225 2563 et
1249 2533 1316 2573 ejus
1341 2532 1490 2573 originem
1516 2533 1607 2563 docet,

947 2581 1111 2612 Codurcus
1125 2582 1163 2611 ad
1180 2581 1251 2612 Jobi
1268 2591 1336 2623 cap.
1352 2592 1427 2611 xxx.
1444 2582 1473 2611 5.
1490 2581 1560 2611 vide
1577 2587 1608 2612 ct

948 2629 988 2660 ad
1005 2629 1159 2665 Quinctil.
1175 2641 1206 2659 v.
1228 2631 1276 2660 12.
1300 2663 1303 2668 ι
1324 2630 1441 2659 Eunu.

989 2673 1020 2702 4.
1048 2673 1119 2708 Illa,
1136 2684 1197 2712 quir
1221 2673 1327 2702 Daua'i
1346 2675 1477 2711 porticus
1502 2684 1606 2713 agmen

947 2722 1063 2761 habet]
1082 2721 1239 2752 Porticum
1256 2721 1410 2763 Apollinis
1426 2721 1586 2763 intelligit.
