1849 3198
229 266 287 309 22
615 267 666 309 P.
699 267 912 310 OVIDII
944 266 1224 310 NASONIS

233 382 329 429 Cui
353 397 465 430 mea
485 381 736 445 virginitas
761 383 932 431 avibus
955 383 1110 431 libata
1133 383 1357 440 sinistris,
1522 387 1613 431 115

299 459 554 524 Castaque
577 459 739 507 fallaci
764 476 887 507 zona
909 460 1127 507 recincta
1148 476 1314 507 manu,

231 536 468 584 Pronuba
490 537 759 601 Tisiphone
782 538 1010 585 thalamis
1035 538 1240 585 ululavit
1262 537 1313 584 in
1336 537 1448 593 illis,

297 613 365 661 Et
387 614 567 662 cecinit
589 621 820 661 moestum
844 614 987 661 devia
1010 630 1209 661 carmen
1233 613 1351 661 avis.

231 689 405 738 Adfuit
429 691 625 747 Alecto,
651 691 885 738 brevibus
910 697 1141 754 torquata
1164 691 1406 747 colubris3

301 768 527 831 Suntque
553 768 813 832 sepulcrali
836 768 1023 816 lumina
1045 775 1180 815 mota
1202 767 1325 816 face.
1524 770 1615 814 120

233 942 447 985 OlympiacOS.
461 945 551 975 Sacer
565 945 693 975 Eurotas
704 945 837 986 Virgilio
851 947 891 977 ob

232 993 462 1025 Palaestricam:
486 1002 589 1036 posset
603 1001 708 1025 tamen
723 995 785 1035 legi
801 997 890 1026 celer.

232 1042 307 1084 quia
326 1045 456 1073 admissae
470 1055 552 1083 aq'aae
575 1043 726 1085 sequitur.
744 1043 788 1075 sic
804 1055 822 1075 a
837 1045 890 1075 Se-

231 1103 302 1122 nec.
322 1092 423 1123 Theb.
444 1093 519 1124 607.
540 1101 667 1124 vocatur
688 1096 812 1133 rapidus
829 1095 890 1124 He-

232 1142 313 1171 brus.
326 1146 357 1171 et
372 1141 415 1171 ita
429 1141 451 1172 i.
465 1141 571 1172 Amor.
585 1141 650 1172 viii.
664 1143 718 1173 50.

281 1189 323 1220 Ut
338 1191 413 1220 celer
424 1192 555 1221 admissis
567 1192 678 1221 labitur
693 1193 787 1221 amnis
798 1193 890 1232 equis.

673 1241 846 1271 Hmusms.

278 1288 318 1318 Et
345 1299 427 1319 sacer
450 1289 619 1329 admissas.]
649 1289 699 1320 Ita
724 1290 891 1331 legendum

231 1337 333 1380 potius
355 1338 482 1368 arbitror
504 1349 598 1379 quam
622 1340 746 1375 emissas,
767 1346 890 1381 propter

232 1388 360 1417 verbum
395 1389 498 1429 erigit,
526 1393 561 1418 ut
587 1387 740 1429 significet
774 1389 890 1420 celeres

233 1446 340 1477 aquas,
357 1447 433 1478 quas
452 1438 575 1468 Hebrus
590 1448 681 1468 cursu
697 1448 751 1468 suo
774 1437 888 1479 exigat,

232 1491 263 1514 et
278 1485 366 1525 quasi
376 1486 526 1527 propellat
539 1486 569 1516 in
584 1496 680 1516 mare.
694 1497 764 1517 nam
778 1492 808 1517 et
819 1487 890 1517 Vir-

233 1532 325 1574 gilius
340 1535 472 1565 celerem
493 1535 632 1564 Hebrum
649 1542 747 1569 vocat.
770 1535 822 1566 ubi
844 1535 889 1566 in-

234 1582 313 1624 quit,
329 1584 598 1625 celeremquesuga
616 1587 808 1624 pravertitur
825 1586 887 1616 He-

234 1633 330 1663 brum.
377 1634 492 1663 Bmm.

279 1682 349 1712 115.
375 1682 433 1712 Cui
454 1682 544 1722 mem]
567 1682 699 1712 Mallem
714 1682 771 1712 hoc
788 1682 887 1713 Disti-

233 1730 313 1762 chon
327 1731 429 1772 legere
450 1742 520 1762 cum
540 1738 613 1762 nota
633 1732 888 1773 interrogationis,

234 1785 268 1811 ut
282 1783 331 1811 cui
348 1792 419 1812 cum
441 1781 598 1811 stomacho
619 1781 841 1822 pronuntietur,
856 1782 888 1813 id

231 1835 279 1861 est
293 1841 386 1871 quam
401 1830 496 1861 infido
507 1836 538 1861 et
552 1831 672 1872 perjuro
687 1832 814 1861 amatori
829 1831 889 1862 vir-

231 1878 393 1919 ginitatem
427 1879 585 1910 libandam
624 1879 720 1910 dedi?
756 1880 887 1922 Epistol.

231 1938 298 1969 seq.
329 1929 382 1960 61.
411 1930 469 1960 Cui
496 1940 541 1960 me
568 1931 692 1960 violente
726 1931 888 1971 relinquis?

232 1977 350 2008 Bunm.

278 2027 348 2056 116.
375 2026 518 2066 Castaque
530 2026 646 2068 jaliaci
670 2038 739 2057 zona
754 2029 886 2058 recincta

230 2075 352 2114 mamm]
368 2074 535 2115 Cingulum
548 2075 694 2105 solutum.
718 2076 811 2106 Hunc
823 2087 886 2106 mo-

229 2133 294 2153 rem
308 2123 442 2153 ostendit
456 2124 506 2153 M.
518 2124 628 2155 Varro.
675 2124 782 2155 Novus
797 2124 888 2154 mari-

230 2176 280 2202 tus
295 2171 407 2202 tacitus
427 2171 523 2202 taxim
544 2172 647 2203 uxoris
662 2173 801 2203 solvebat
822 2173 887 2203 cin-

230 2220 349 2260 gulum,
379 2231 472 2261 quem
500 2221 598 2251 multo
623 2222 722 2262 magis
750 2221 888 2254 declarat

230 2269 339 2300 Festus
362 2270 393 2300 in
414 2270 507 2303 verbo
534 2270 683 2311 Cingulo.-
707 2270 796 2312 cujus
817 2271 885 2302 haec

229 2323 301 2349 sunt
316 2319 425 2349 verba:
454 2319 583 2361 Cingulo
607 2331 681 2350 *nova
701 2327 796 2360 nupta
808 2331 884 2359 prce-

228 2368 414 2409 cingebatur,
430 2370 505 2408 quad
526 2371 573 2399 vir
594 2370 627 2399 in
653 2370 725 2400 lecto
749 2371 884 2406 solvebat,

219 2414 345 2456 factum
370 2428 403 2447 em
425 2418 493 2448 lana
520 2420 595 2447 ovis:
618 2424 653 2448 ‘ut
675 2420 750 2448 sicut
776 2420 829 2448 illa
853 2420 884 2450 in

227 2466 336 2505 glomos
350 2467 466 2495 sublata
481 2469 640 2506 cmiju'ncta
655 2469 732 2498 inter
746 2469 829 2508 sefit,
844 2469 885 2499 sic

229 2515 276 2543 vir
290 2524 360 2544 suus
374 2524 470 2545 secum
481 2516 607 2551 cinctus,
621 2518 789 2556 ivinqtusqac
801 2523 882 2547 esset.

235 2562 325 2593 Hunc
337 2563 525 2593 Herculaneo
540 2566 613 2594 nodo
624 2567 756 2595 vinctum
771 2567 818 2595 vir
831 2567 885 2595 sol-

229 2612 271 2640 vit
293 2612 397 2641 ominis
416 2613 538 2651 gratia.-
562 2619 597 2642 ut
612 2615 652 2643 sic
676 2614 828 2655 ipsefhlioe
849 2616 887 2643 sic

230 2661 262 2689 in
276 2661 466 2699 suscipiendis
482 2662 589 2697 liberis,
605 2663 713 2702 ulsuit
734 2663 887 2697 Hercules,

230 2710 281 2748 qui
298 2708 363 2739 lxx.
376 2710 477 2739 liberas
495 2713 628 2750 reliquit.
668 2710 839 2742 Dicebatur
855 2719 885 2743 et

228 2764 348 2788 cestus:
374 2757 464 2788 Unde
486 2758 610 2790 incest-”e
639 2759 753 2801 nuptiae
779 2761 884 2802 appel-

230 2804 313 2842 latae,
328 2805 501 2848 prohibitae,
516 2817 576 2838 non
596 2807 753 2849 legitima),
770 2809 800 2840 in
816 2809 884 2851 qui-

958 947 1017 977 bus
1028 952 1130 978 cestus
1142 956 1202 976 non
1215 950 1295 976 esset
1308 944 1478 977 adhibitus.
1502 945 1617 988 Hypsi-

958 996 1031 1037 pyle
1053 996 1135 1037 apud
1156 995 1288 1026 Statium
1309 995 1365 1026 lib.
1388 1007 1420 1027 v.
1438 995 1540 1026 Theb.
1559 996 1616 1026 sub

958 1044 1144 1086 principium
1155 1056 1161 1074 :

1003 1094 1066 1124 Illa
1083 1094 1207 1133 Paphon
1221 1099 1356 1131 veterem,
1371 1099 1546 1134 centumque
1571 1094 1616 1124 al-

1045 1145 1123 1173 taria
1144 1144 1278 1183 linquens

1003 1193 1066 1223 Nec
1091 1193 1186 1228 uultu,
1209 1203 1262 1222 nec
1285 1193 1367 1222 crine
1386 1193 1481 1231 prior,
1504 1192 1617 1221 solvisse

1034 1243 1174 1282 jugalem
1191 1242 1307 1272 Ceston.
1479 1241 1572 1272 CIOF.

959 1291 1037 1322 Haec
1063 1282 1255 1321 illustrarunt
1279 1289 1346 1320 Viri
1368 1288 1549 1321 Doctissimi
1577 1289 1618 1320 ad

958 1339 1085 1372 Callim.
1113 1340 1210 1382 Hym.
1240 1339 1272 1371 in
1297 1340 1420 1370 Jovem.
1443 1350 1474 1368 v.
1501 1340 1556 1369 21.
1587 1344 1618 1369 et

956 1390 1124 1433 Spanhem.
1138 1389 1177 1420 ad
1189 1389 1286 1430 Hym.
1303 1388 1334 1418 in
1347 1386 1444 1418 Dian.
1460 1389 1512 1419 14.
1532 1388 1618 1418 Bris-

955 1451 1022 1471 son.
1036 1440 1074 1469 de
1089 1438 1149 1469 ritu
1166 1439 1307 1480 Nupt.p.
1319 1438 1372 1468 49.
1411 1437 1560 1468 Brodaeus
1576 1437 1616 1468 ad

958 1489 1088 1520 Anthol.
1100 1488 1156 1519 lib.
1170 1487 1215 1518 iii.
1227 1499 1297 1529 cap.
1309 1489 1359 1518 12.
1373 1493 1404 1518 et
1413 1486 1486 1522 alii-.
1500 1487 1616 1520 EuRM.

1004 1539 1075 1568 117.
1095 1538 1235 1567 Pronuba
1249 1537 1433 1577 Tisiphone.]
1450 1537 1616 1578 Interpres‚

957 1593 988 1617 et
1004 1586 1091 1628 quasi
1106 1585 1271 1626 sequestris
1289 1585 1476 1626 nuptiarum,
1493 1596 1562 1626 quae
1578 1596 1615 1616 ex

955 1642 1042 1677 parte
1057 1634 1114 1666 viri
1129 1641 1160 1665 et
1174 1634 1276 1664 uxoris
1291 1640 1362 1664 sunt
1384 1634 1615 1670 contrahendae.

955 1684 1068 1715 dicitur
1083 1684 1233 1725 pronuba.
1247 1682 1329 1724 quod
1346 1682 1504 1724 epitheton
1517 1684 1615 1714 Juno-

956 1733 988 1763 ni
1010 1733 1112 1763 datur.
1136 1732 1222 1762 Infra
1248 1731 1348 1773 Epist.
1364 1731 1405 1762 vi.
1431 1732 1524 1763 Cror.
1564 1732 1615 1763 Sic

955 1784 1073 1814 Seneca
1088 1781 1195 1823 OEdip.
1208 1782 1287 1812 644.

1000 1832 1040 1862 Et
1069 1842 1182 1862 mecum
1200 1830 1343 1870 Erimzyn
1361 1831 1524 1869 pronubam
1548 1831 1609 1860 tha-

1043 1882 1112 1911 lami
1129 1881 1260 1910 traham.

954 1928 1072 1960 Auctor
1087 1928 1228 1960 Octaviae
1244 1938 1324 1959 vers.
1339 1928 1393 1957 24.

978 1977 1049 2015 Illa,
1065 1979 1119 2008 illa
1134 1979 1203 2008 meis
1217 1978 1311 2007 tristis
1328 1976 1462 2016 Erinnys

976 2027 1126 2058 Thalamis
1134 2027 1250 2067 Stygios
1258 2026 1391 2065 praetulit
1405 2027 1496 2067 ignes.
1508 2026 1612 2060 HEIN.

954 2076 1043 2107 Nihil
1078 2074 1268 2117 frequentius
1296 2073 1410 2111 Poetis,
1438 2085 1532 2115 quam
1567 2075 1614 2106 in-

956 2125 1064 2156 faustis
1090 2124 1205 2166 nuptiis
1233 2124 1388 2165 pronubas
1417 2129 1448 2154 et
1473 2124 1615 2166 auspices

955 2174 1063 2205 Furias
1079 2174 1192 2205 facere.
1207 2174 1327 2206 Lucan.
1340 2171 1406 2203 viii.
1420 2173 1474 2203 90.

1041 2223 1092 2253 Me
1104 2224 1238 2262 pronuba
1253 2222 1339 2251 duait
1357 2221 1502 2262 Erinnys,

953 2272 1034 2303 Vide
1058 2273 1206 2303 Nostrum
1232 2271 1330 2313 Epist.
1354 2270 1397 2300 xi.
1424 2272 1496 2301 103.
1520 2276 1550 2301 et
1566 2269 1609 2302 vi.

952 2323 1086 2353 Metam.
1096 2322 1171 2352 430.
1181 2321 1311 2352 Stat.iv.
1324 2319 1425 2351 Theb.
1438 2322 1510 2351 133.
1524 2326 1555 2351 et
1567 2330 1610 2351 xl.

953 2373 1027 2402 491.
1058 2372 1170 2402 AEsch.
1201 2371 1366 2412 Agamem.
1395 2371 1468 2401 471.
1501 2370 1608 2401 Valer.

953 2421 1041 2452 Flac.
1064 2421 1098 2451 ii.
1117 2422 1188 2452 173.
1210 2433 1240 2451 ν.
1259 2420 1369 2452 Heins.
1392 2421 1431 2452 ad
1457 2419 1570 2451 Claud.
1587 2418 1611 2450 i.

952 2470 990 2501 de
1006 2470 1103 2511 Rapt.
1118 2470 1205 2501 Pros.
1218 2470 1272 2500 40.
1319 2471 1437 2501 Bona.

999 2520 1071 2549 119.
1102 2519 1279 2559 Tot-quatu]
1301 2519 1399 2561 Cujus
1420 2524 1544 2559 torques
1565 2522 1611 2549 est

954 2578 990 2597 ex
1007 2566 1212 2609 serpentibus.
1259 2567 1345 2598 ANT.

1000 2617 1072 2646 120.
1102 2616 1226 2645 Lumina
1243 2616 1348 2656 inerim]
1365 2614 1508 2645 Invenies
1523 2624 1606 2644 eain-

955 2665 1026 2695 dein
1052 2665 1176 2706 phrasin
1202 2664 1308 2695 Amor.
1322 2666 1343 2694 i.
1365 2664 1453 2704 Eleg.
1473 2662 1505 2694 ii.
1525 2664 1558 2692 2.
1577 2671 1609 2693 et

952 2714 1032 2743 Met.
1053 2713 1094 2743 iv.
1109 2714 1183 2743 508.
1205 2719 1278 2743 etx.
1298 2714 1329 2743 7.
1344 2723 1438 2754 quare
1459 2711 1540 2744 male
1563 2712 1607 2745 t'af

951 2762 1047 2798 ciunt,
1063 2762 1116 2802 qui
1138 2773 1175 2793 ex
1198 2763 1290 2792 MSS.
1305 2762 1353 2792 hic
1376 2763 1478 2792 limina
1493 2760 1606 2791 substi-

953 2817 1056 2842 tuunt.
1080 2810 1249 2842 Vossianus
1264 2811 1418 2853 lataface.
1464 2811 1579 2841 Bunm.
1602 2850 1606 2852 μ
