1849 3198
640 183 985 227 HEROIDES.
1020 183 1112 224 ΕΡ.
1142 182 1278 225 XVI.
1566 185 1651 226 2223

258 306 399 354 Neve
424 311 586 368 puteS,
610 318 707 350 non
726 316 821 355 me,
840 299 932 346 nisi
953 299 1194 355 cominus,
1216 315 1326 346 esse
1345 299 1645 347 timendum:

325 382 516 445 Figitur
540 381 590 427 in
609 382 751 443 jusso
777 385 946 425 nostra
969 377 1152 439 sagitta
1175 378 1300 424 loco.

257 460 392 508 Num
417 466 560 522 potes
585 458 691 503 haec
717 455 785 501 illi
812 455 983 518 primae
1009 455 1127 502 dare
1152 454 1283 502 facta
1300 455 1554 518 juventae?

324 537 576 584 Instruere
602 534 812 582 Atriden
839 549 957 579 num
983 539 1126 596 potes
1152 538 1257 579 arte
1282 532 1426 579 mest?

259 615 442 662 Omnia
457 614 496 661 si
516 612 736 669 dederis;
766 611 1009 673 numquid
1025 610 1167 657 dabis
1185 608 1405 656 Hectora
1418 609 1648 657 fratrem?

325 692 467 739 Unus
494 691 534 738 is
560 689 802 737 innumeri
828 689 996 736 militis
1023 689 1176 736 instar
1201 688 1367 734 habet.
1552 690 1648 735 366

258 770 391 825 Quid
415 770 622 825 valeam,
650 768 813 815 nescis
833 784 842 815 ε
883 774 934 814 et
957 773 1007 814 te
1032 782 1144 813 mea
1167 766 1343 812 robora
1365 763 1556 812 fallunt.

325 848 548 911 Ignoras,
577 846 657 893 cui
684 845 751 891 sis
777 851 934 909 nupta
958 844 1123 892 futura
1145 844 1265 891 viro.

257 924 360 972 Aut
385 925 533 986 igitur
558 923 691 969 nullo
717 922 834 969 belli
860 922 1083 986 repetere
1106 921 1352 968 tumultu:

323 1001 426 1048 Aut
450 1002 632 1049 cedent
657 1000 808 1047 Marti
836 1000 1021 1047 Dorica
1044 1005 1212 1046 castra
1235 1014 1363 1045 meo.
1554 999 1652 1043 370

260 1079 307 1126 N
313 1096 369 1127 ee
395 1086 562 1126 tamen
587 1078 815 1141 indigner
839 1095 927 1142 pro
952 1078 1090 1126 tant&
1115 1093 1310 1125 sumere
1333 1076 1517 1123 ferrum

327 1157 556 1220 Conjuge
570 1175 580 1214 3
622 1162 875 1203 certamen
900 1156 1105 1219 praemia
1128 1170 1310 1217 magna
1333 1159 1549 1200 movent.

257 1234 334 1281 Tu
361 1250 578 1297 quoque,
606 1233 646 1279 si
672 1233 734 1280 de
760 1240 810 1281 te
834 1239 968 1280 totus
994 1232 1307 1280 contenderit
1329 1230 1479 1285 orbis,

326 1311 525 1358 Nomen
550 1311 611 1358 ab
638 1311 822 1358 aeternfii
847 1310 1138 1374 posteritate
1163 1309 1308 1356 feres.

263 1389 365 1453 Spe
391 1390 538 1436 modo
564 1405 663 1435 non
688 1388 877 1445 timida,
907 1388 998 1435 Dis
1023 1388 1138 1434 hine
1166 1402 1366 1450 egressa
1391 1383 1640 1439 secundis,

327 1466 488 1529 Exige
513 1482 628 1513 eum
653 1465 801 1529 plen&
825 1482 1032 1512 munera
1055 1472 1204 1529 pacta
1227 1464 1340 1511 fide.
1555 1462 1652 1507 376

303 1623 380 1653 362.
419 1621 458 1652 In
487 1622 604 1662 jussa]
646 1620 841 1652 Claudianus
879 1620 921 1652 iv.
1035 1621 1111 1651 371.
1138 1619 1200 1650 Nec
1217 1626 1315 1650 tamen
1334 1619 1474 1660 indigner
1492 1627 1546 1656 pro
1568 1622 1655 1647 tanta

261 1672 356 1703 Cons.
373 1672 456 1702 Hon.
472 1672 548 1702 529.
992 1681 1105 1700 summe
1129 1670 1238 1699 bellum
1261 1667 1421 1709 Conjzige]
1448 1666 1570 1696 Sumere
1590 1665 1655 1705 fer-

492 1721 631 1761 Cei-tique
644 1722 753 1760 petitor
992 1730 1059 1749 rum
1077 1719 1255 1749 Puteaneus
1271 1724 1302 1749 et
1317 1716 1407 1747 multi
1423 1715 1490 1746 alii.
1515 1725 1572 1745 nec
1588 1714 1656 1745 vul-

350 1771 500 1807 Vulneris,
527 1777 555 1801 et
568 1773 687 1811 jussum
715 1771 836 1800 mentiri
863 1781 923 1800 nes-
993 1774 1102 1809 gaium
1130 1779 1244 1798 sumere
1267 1768 1377 1797 bellum
1406 1771 1522 1795 temere
1551 1770 1656 1795 tamen

389 1822 452 1850 cius
468 1822 572 1850 ictum.
762 1819 880 1848 Burin.
993 1817 1219 1848 damnandum.
1244 1816 1338 1847 Silius
1353 1815 1409 1845 lib.
1427 1814 1447 1844 i.
1463 1814 1539 1844 272.

305 1870 380 1899 366.
406 1869 490 1899 Unus
507 1871 529 1899 is
545 1870 696 1898 innumeri
712 1870 815 1898 militis
831 1870 926 1898 instar
1040 1867 1184 1906 Bellaque
1217 1872 1313 1896 sumta
1344 1868 1405 1895 viro
1435 1864 1504 1893 belli
1537 1864 1657 1902 *majoris

262 1919 350 1959 erin]
380 1918 484 1959 Longe
499 1918 674 1959 elegantius
694 1918 725 1947 in
741 1928 793 1947 sex
810 1917 926 1947 codici·
1079 1927 1188 1946 amore.

264 1969 332 2003 bus,
351 1970 446 1997 instar
466 1969 561 1997 habet.
599 1967 774 1997 mesws.
822 1966 925 1996 Cicer.
994 1964 1100 1994 Scribe
1116 1970 1276 2006 praeterea,
1296 1962 1358 1992 Nec
1383 1968 1481 1991 tamen
1504 1963 1656 2002 indigner.

263 2017 309 2047 iii.
326 2017 365 2047 de
381 2017 436 2047 Of.
453 2018 484 2047 3.
534 2017 640 2046 Omnia
665 2028 697 2046 er
722 2017 818 2045 altera
841 2022 927 2055 parte
995 2025 1032 2044 ne
1050 2014 1191 2054 indigner
1217 2023 1271 2054 pro
1295 2018 1325 2042 te
1348 2021 1485 2053 pugnare
1501 2010 1576 2041 facit
1599 2021 1655 2040 no-

264 2068 386 2103 collata,
403 2069 451 2097 vir
473 2069 588 2098 minimi
605 2067 742 2096 monzen‘z'
759 2067 854 2095 insint·
874 2066 926 2094 ha-
995 2074 1076 2099 men,
1094 2063 1175 2105 quod
1192 2069 1351 2103 tamquam
1371 2060 1531 2102 praemium
1548 2071 1566 2091 a
1589 2071 1658 2102 pos-

267 2116 346 2147 bent.
996 2113 1118 2144 teritate
1134 2113 1287 2144 relaturus
1302 2122 1380 2143 sum.
1411 2111 1529 2141 Hfflxs.
