1849 3198
181 207 268 250 266
569 206 620 246 P.
654 203 869 246 OVIDII
902 203 1183 245 NASONIS

184 323 355 386 Atque
374 322 443 369 ita
458 321 673 385 quisque
696 337 811 368 suas
837 321 1016 368 iterum
1036 319 1296 366 redeamus
1323 319 1385 365 ad
1411 319 1575 366 urbes.

252 399 522 461 Exiguum,
550 398 638 445 sed
662 398 791 461 plus,
820 414 970 461 quam
996 396 1133 452 nihil,
1160 396 1282 442 illud
1308 396 1416 443 erit.
1486 399 1578 442 170

184 476 278 524 Vel
304 477 463 540 pudor
487 475 567 523 hie
589 475 795 531 utinam,
824 475 910 537 qui
937 491 1025 521 nos
1051 474 1180 520 clam
1206 473 1340 535 cogit
1364 489 1546 528 amare,

251 554 345 601 Vel
369 553 573 601 timidus
598 552 742 599 famae
769 552 947 599 cedere
972 551 1122 598 vellet
1146 550 1307 597 amor!

186 631 334 679 Nunc
349 631 480 678 male
501 647 578 677 res
593 631 797 693 junctae,
815 629 948 675 calor
964 635 1014 675 et
1029 628 1317 683 reverentia,
1335 633 1575 691 pugnant.

252 709 387 764 Quid
412 724 593 772 sequar
612 708 661 754 in
680 707 832 754 dubio
854 713 945 753 est.
985 706 1091 751 haee
1112 705 1286 762 deeet;
1317 705 1398 752 ille
1419 706 1576 768 juvat.

186 787 259 835 Ut
282 787 436 834 semel
460 785 659 832 intravit
685 784 901 831 Colchos
929 782 1201 844 Pagasaeus
1228 781 1404 839 I'ason3
1485 784 1577 828 175

251 864 546 928 Impositam
572 861 720 909 celeri
746 860 969 908 Phasida
993 875 1164 924 puppe
1188 859 1317 929 tulit.

186 942 258 989 Ut
281 942 435 990 semel
461 941 628 988 Idaeus
656 939 1018 988 Lacedaemona
1040 940 1176 986 venit
1201 939 1420 996 a‘dulter3

251 1019 381 1066 Cum
406 1018 575 1083 praeda
600 1018 745 1065 rediit
770 1018 994 1082 protinus
1020 1017 1103 1064 ille
1130 1018 1239 1064 sua.

183 1096 275 1153 Tu,
304 1112 454 1160 quam
480 1111 615 1159 saepe
640 1095 769 1158 petis
797 1095 931 1157 quod
957 1110 1110 1150 amas,
1138 1100 1240 1141 tam
1273 1110 1406 1157 saepe
1432 1093 1576 1140 relin-

252 1173 318 1220 Et
343 1173 538 1237 quoties
565 1189 712 1235 grave
739 1172 793 1219 fit
818 1172 1073 1236 puppibus
1100 1171 1185 1227 ire,
1214 1178 1371 1218 natas.
1413 1171 1575 1234 [quisz

186 1251 269 1298 Sic
295 1257 478 1306 tamen,
511 1250 540 1296 ὃ
558 1249 774 1313 juvenis,
802 1250 1104 1296 tumidarum
1129 1249 1285 1296 vietor
1317 1265 1577 1312 aquarum,

252 1329 335 1376 Sic
360 1328 510 1375 facito
537 1344 758 1392 spernas,
786 1334 841 1374 ut
864 1344 1081 1383 vereare,
1108 1327 1304 1374 fretum.
1487 1329 1578 1372 182

182 1406 303 1454 Arte
326 1407 562 1454 laboratae
587 1407 851 1453 vincuntur
877 1407 938 1453 ab
965 1421 1164 1469 aequore
1190 1420 1383 1468 puppes
1404 1421 1413 1451 ;

249 1485 326 1531 Tu
350 1492 436 1532 tua
460 1485 572 1548 plus
598 1484 746 1532 remis
773 1485 977 1532 brachia
1002 1499 1149 1548 posse
1175 1482 1357 1546 putes?

184 1562 331 1617 Quod
357 1563 516 1626 cupis,
544 1563 637 1610 hoc
664 1571 826 1610 nautae
853 1568 1096 1617 metuunt,
1121 1560 1362 1615 Leandre,
1390 1565 1576 1605 natare.

252 1640 431 1687 Exitus
456 1641 536 1687 hie
562 1640 731 1688 fractis
757 1641 1011 1704 puppibus
1038 1655 1148 1686 esse
1174 1638 1318 1684 solet.
1488 1638 1577 1682 186

185 1717 271 1764 Me
292 1717 548 1764 miseram!
577 1718 724 1781 cupio
750 1734 848 1764 non
874 1717 1201 1781 persuadere;
1232 1714 1365 1777 quod
1385 1713 1575 1760 hortor:

254 1795 452 1859 Sisque,
480 1812 672 1859 precor,
700 1796 899 1843 monitis
925 1795 1093 1842 fortior
1118 1793 1225 1856 ipse
1252 1791 1392 1838 meis.

917 1966 1037 1996 firmare
1049 1963 1166 1995 ausim:
1191 1968 1225 1993 ut
1236 1962 1485 2004 etfrnuguniur.
1500 1961 1582 2002 quod

916 2016 947 2045 iu
970 2015 1166 2045 Menteliano
1187 2018 1267 2044 erat:
1293 2010 1468 2052 elegantius
1484 2011 1579 2047 enim,

229 1966 302 1996 169.
328 1967 424 2006 Atque
447 1967 624 2007 iniquisque
648 1978 715 1997 suas
741 1969 849 1997 ilerum.

181 2016 336 2045 redeamus
361 2017 400 2045 ad
429 2016 542 2056 urbes.]
582 2016 766 2046 Notandum
798 2016 848 2047 1116

183 2065 312 2095 verbum
329 2065 459 2105 quisque,
475 2064 514 2095 (le
532 2065 654 2095 duobus
669 2065 744 2095 (1161.
771 2065 847 2095 Cro-

185 2124 303 2144 FANus.
349 2114 399 2144 lta
414 2119 445 2144 et
460 2115 589 2144 Sueton.
607 2114 692 2155 Aug.
705 2115 757 2145 26.
808 2115 848 2145 Ut

187 2162 295 2202 Cujum
319 2169 346 2192 et
374 2163 504 2192 Lucium
516 2164 611 2203 filias,
636 2174 687 2192 suo
710 2174 850 2203 quemque

187 2210 346 2251 Tyrocinio
354 2212 511 2241 deduceret
525 2211 680 2252 iuforum.
697 2210 848 2248 Quinctil.

184 2259 228 2290 iii.
244 2259 349 2290 Instit.
364 2261 452 2290 Orat.
468 2261 497 2289 6.
544 2261 601 2290 Sed
617 2262 645 2290 iu
662 2261 713 2290 huc
726 2263 849 2300 propriu

185 2310 712 2349 quisqueemvtmqiucslionenitetur.
730 2310 848 2339 Bunm.

233 2358 305 2388 175.
353 2357 501 2398 Pegaseus
533 2357 649 2398 Risum]
700 2358 850 2398 Pugureus

186 2406 378 2436 Puteaneus.
403 2405 485 2446 quod
511 2412 558 2436 est
579 2407 723 2447 Pagasens
739 2398 851 2437 (iraeca

187 2456 413 2487 enuntiatione.
429 2463 462 2487 ut
478 2468 559 2498 sirpe
571 2457 659 2487 alibi.
677 2458 850 2489 Ilfflxsus.

187 2504 262 2536 vid.
278 2506 317 2536 ad
331 2505 431 2547 Epist.
449 2505 513 2536 xvi.
531 2507 606 2537 345.

233 2555 307 2585 183.
342 2556 416 2585 Arte
447 2557 583 2586 Iulmrutae
620 2557 784 2586 vincuntur
816 2558 851 2586 ab

187 2616 300 2645 u¹quore
335 2605 471 2645 puppes]
520 2605 634 2636 Melior
672 2605 780 2635 lectio:
819 2605 850 2636 111

188 2653 269 2690 aliis,
308 2661 374 2684 arte
416 2656 555 2685 laboratu·
597 2662 778 2695 merguntur
815 2657 851 2685 ‹tl›

188 2714 300 2742 (equore
320 2714 442 2743 puppes.
467 2704 561 2734 (Hor.
608 2704 669 2734 Sed
691 2716 748 2743 ego
773 2704 851 2735 illud

190 2760 380 2794 merguntur,
406 2753 539 2795 glossam
563 2765 628 2784 csse
655 2753 769 2784 librarii
797 2753 850 2783 ad-

916 2070 948 2095 et
978 2075 995 2094 a
1025 2063 1110 2104 vulgi
1139 2073 1197 2092 usu
1226 2061 1373 2093 remotius
1400 2062 1581 2090 vincuntur.

918 2113 1028 2154 virgil.
1045 2112 1088 2142 ix.
1106 2113 1157 2142 91.

962 2163 1008 2192 Ne
1023 2172 1113 2192 cursu
1127 2169 1268 2201 quassum
1292 2160 1367 2195 ullo,
1385 2169 1444 2189 *neu
1462 2160 1582 2188 turbine

1006 2212 1085 2241 renti

964 2261 1148 2291 Vincuntur.
1422 2258 1538 2288 Eunu.

918 2309 1077 2340 Adludere
1089 2308 1139 2339 1116
1152 2314 1275 2350 poetam
1287 2307 1326 2338 ad
1340 2307 1470 2337 ‘tutelam
1482 2307 1581 2344 navis,

919 2359 982 2389 sive
999 2359 1115 2388 affabre
1131 2359 1295 2388 udan-utam
1319 2355 1454 2387 numinis
1470 2356 1580 2397 imagi-

919 2419 989 2438 nem
1019 2408 1051 2440 in
1079 2407 1186 2449 puppi,
1216 2406 1319 2437 minus
1351 2412 1433 2437 recte
1462 2406 1583 2437 censuit

918 2459 1128 2488 Burmannus.
1153 2457 1302 2487 LENNEP.

965 2508 1034 2537 186.
1070 2506 1252 2546 Puppibus]
1290 2506 1425 2535 Nauibus
1447 2505 1582 2546 Regius.

919 2556 1002 2597 quod
1031 2556 1145 2597 placet,
1175 2555 1250 2596 quia
1275 2566 1386 2595 puppes
1419 2554 1579 2596 praecedit.

919 2607 1028 2636 Douza
1048 2605 1098 2635 hic
1124 2612 1229 2635 natare
1249 2616 1303 2647 pro
1331 2604 1475 2645 navigare
1501 2604 1581 2646 posi-

919 2661 983 2685 tum
1000 2654 1124 2696 accipit.
1148 2660 1179 2685 et
1194 2654 1282 2695 legit,
1295 2656 1396 2685 *emus
1409 2653 1466 2689 hic,
1480 2653 1510 2683 id
1523 2659 1580 2688 cst,

920 2704 976 2735 hoc
1004 2705 1072 2735 loco
1097 2705 1176 2735 solvt
1205 2704 1308 2734 venire
1335 2703 1448 2739 exitus,
1475 2702 1505 2732 id
1535 2709 1581 2733 est

919 2754 1088 2784 submersio
1104 2760 1132 2784 el
1151 2753 1281 2795 perditio
1297 2752 1423 2793 navigii.
1462 2753 1579 2782 Verum
