1849 3198
666 222 963 265 AMORUM.
1011 222 1130 262 LIB.
1164 222 1201 263 Ι.
1233 223 1277 263 2.

759 402 1062 451 ELEGIA
1119 403 1188 451 ΙΙ.

283 505 408 553 Esse
434 505 554 567 quid
580 505 673 551 hoc
698 503 878 558 dicam,
907 503 1043 565 quod
1074 509 1177 549 tam
1206 502 1327 548 mihi
1352 502 1477 549 dura
1501 502 1668 549 viden-

350 583 533 637 Strata.,
560 597 725 644 neque
744 580 795 626 in
813 580 944 626 lecto
969 579 1120 643 pallia
1143 584 1312 624 nostra
1337 579 1542 626 sedent?
1570 580 1671 640 [tur

283 657 349 705 Et
372 674 558 705 vacuus
585 673 759 703 somno
784 662 998 711 noctem,
1027 670 1178 718 quani
1203 654 1366 716 longa,
1394 655 1561 717 peregi
1583 674 1592 711 ;
1664 642 1670 648 ’

350 733 607 796 Lassaque
627 732 808 780 versati
834 731 1054 795 corporis
1080 747 1197 778 ossa
1220 731 1390 778 dolent
1409 732 1427 778 '3

284 811 416 859 Nam
441 817 561 875 puto
587 810 838 865 sentirem,
867 808 907 855 si
932 824 1030 871 quo
1056 815 1273 855 tentarer
1298 823 1481 856 amore.
1644 812 1672 855 5

351 888 432 935 An
457 886 607 942 subit,
635 893 686 934 et
709 885 863 933 tacita
890 884 1099 932 callidus
1126 890 1230 931 arte
1255 885 1436 931 nocet?

286 965 372 1013 Sic
396 971 517 1013 erat.
556 965 808 1010 haeserunt
831 969 1008 1009 tenues
1035 961 1084 1007 in
1110 961 1259 1008 corde
1285 961 1509 1024 sagittae:

353 1041 420 1089 Et
445 1057 679 1105 possessa
702 1040 834 1088 ferus
860 1046 1065 1103 pectora
1087 1046 1253 1086 versat
1277 1038 1447 1085 Amor.

288 1119 559 1167 Cedimus?
579 1134 641 1165 an
657 1117 877 1165 subitum
892 1115 1129 1162 luctando
1146 1115 1466 1162 accendimus
1482 1115 1677 1177 ignem?

355 1196 626 1244 Cedamus.
654 1195 762 1242 leve
788 1194 859 1250 fit,
888 1194 1024 1257 quod
1050 1193 1179 1240 bene
1204 1192 1372 1247 fertur,
1400 1209 1541 1239 onus.
1620 1195 1678 1239 10

287 1272 402 1320 Vidi
428 1289 520 1335 ego
541 1273 756 1336 jactatas
782 1271 919 1318 mota
945 1270 1053 1317 face
1079 1285 1304 1317 crescere
1329 1270 1584 1325 flammas;

355 1349 423 1397 Et
445 1350 543 1397 vidi
569 1350 703 1396 nullo
729 1348 1045 1396 concutiente
1071 1347 1210 1394 mori.

289 1426 512 1475 Verbera
529 1427 673 1490 plura
691 1425 872 1481 ferunt,
895 1440 1046 1487 quam
1067 1440 1193 1487 quos
1213 1424 1355 1486 juvat
1375 1439 1494 1471 usus
1515 1424 1678 1479 aratri,

358 1504 653 1551 Detrectant
677 1502 836 1567 pressi
862 1502 982 1550 dum
1000 1502 1124 1564 juga
1148 1501 1308 1565 prima
1331 1502 1499 1548 boves.

291 1581 454 1646 Asper
479 1598 638 1644 equus
664 1580 799 1628 duris
825 1579 1145 1627 contunditur
1170 1594 1255 1626 ora
1278 1578 1478 1642 lupatis.
1625 1579 1682 1624 15

361 1658 523 1707 Frena
546 1658 710 1705 minus
736 1657 902 1712 sentit,
930 1656 1160 1719 quisquis
1186 1655 1248 1702 ad
1275 1670 1411 1702 arma
1435 1653 1580 1701 facit:

335 1782 366 1812 2.
392 1781 497 1811 Pallia
521 1787 622 1812 nostra
642 1780 774 1821 sedent]
802 1779 956 1821 Intelligit

292 1829 357 1865 illa,
369 1830 483 1872 quibus
495 1836 526 1861 et
541 1830 573 1861 in
588 1830 662 1861 toris
678 1829 908 1866 tricliniaribus‚
925 1835 956 1860 et

294 1879 454 1910 nocturnis
469 1880 532 1921 tegi
547 1880 699 1910 solebant.
712 1879 767 1910 inf.
783 1879 832 1909 El.
847 1878 888 1909 iv.
904 1880 956 1910 50.

340 1929 463 1959 Conscia
478 1931 514 1959 ‹le
526 1931 641 1970 gremio
652 1930 750 1968 pallia
765 1930 847 1958 deme
863 1935 924 1959 1110.

295 1978 356 2008 Pro
372 1980 472 2008 sedent
491 1988 560 2009 vero
574 1979 694 2017 jacent,
709 1976 759 2008 vel
776 1983 895 2007 manent
911 1983 958 2007 est

295 2027 327 2058 in
354 2027 498 2058 francof.
525 2033 556 2057 et
586 2026 655 2057 aliis
678 2025 879 2068 quibusdam.
902 2025 957 2056 sed

295 2079 394 2107 sedent
415 2082 462 2107 est
481 2076 611 2112 haerent,
626 2076 671 2106 ita
691 2081 725 2106 ut
747 2074 878 2115 vestigia
893 2085 957 2105 cor-

296 2125 376 2167 poris
400 2125 461 2155 mei
485 2124 517 2155 in
542 2135 604 2155 uno
624 2129 747 2155 tantum
770 2123 839 2154 loco
862 2134 958 2165 appa-

296 2181 396 2210 reant,
415 2185 516 2215 neque
540 2184 651 2216 corpus
673 2184 793 2204 versem
818 2179 872 2204 aut
890 2173 958 2215 jac-

297 2228 371 2258 tem,
380 2233 566 2265 peromnem
576 2222 705 2258 lectum,
718 2227 753 2253 ut
764 2221 863 2253 solent
875 2222 960 2263 aegri.

298 2272 416 2303 Bunm.

340 2323 374 2353 5.
402 2320 577 2360 Temni-en]
605 2320 643 2350 In
659 2318 804 2350 Palatino
816 2324 848 2350 et
863 2320 959 2350 Fran—

297 2370 408 2402 cofurt.
428 2376 506 2407 erat,
524 2376 695 2407 tractarem
720 2369 808 2405 sorte,
824 2379 878 2410 pro
890 2371 961 2408 jac-

300 2427 382 2451 tarer
404 2419 548 2450 librarius
570 2419 601 2450 id
624 2418 796 2461 supposuit.
819 2417 963 2459 quamvis

298 2480 359 2510 ego
387 2475 521 2500 tentarer
550 2479 612 2499 non
636 2479 702 2500 esse
731 2466 962 2498 sollicitandum

301 2517 444 2548 arbitrer.
469 2525 516 2548 est
541 2516 624 2547 enim
649 2517 777 2547 verbum
803 2515 834 2545 in
860 2525 963 2545 amore

301 2565 471 2607 proprium.
497 2564 559 2595 vid.
591 2565 612 2595 i.
630 2566 698 2595 Art.
725 2565 800 2595 Am.
827 2565 902 2595 365.
933 2570 963 2595 et

302 2615 447 2645 Lambin.
464 2615 503 2645 ad
520 2615 629 2645 Horat.
642 2614 664 2644 i.
682 2614 745 2644 Od.
763 2615 817 2644 28.
844 2614 960 2643 Burni.

345 2664 375 2695 7.
400 2663 448 2694 Sic
460 2664 553 2704 erat]
576 2664 644 2693 Erit
659 2664 881 2703 Fragmentum
899 2662 963 2692 Re-

301 2712 398 2753 gium.
419 2713 545 2744 Terent.
570 2713 648 2744 Eun.
664 2711 706 2742 iv.
724 2714 756 2743 5.
786 2712 847 2741 Hoc
864 2723 962 2741 rernm

303 2764 440 2800 erit,sine
452 2762 558 2794 Cerere
567 2769 593 2792 et
610 2761 839 2801 Bam-heeriget
859 2760 964 2791 rmum.

1023 1779 1156 1810 Metam.
1173 1778 1205 1809 ii.
1223 1779 1298 1809 703.

1387 1829 1407 1843 “
1421 1825 1482 1856 Sub
1498 1827 1559 1857 illis

1070 1882 1087 1894 “
1103 1877 1266 1912 ,Homilai-s,
1278 1877 1387 1916 inquit,
1401 1876 1529 1906 erunt?
1547 1875 1586 1905 Et
1601 1882 1687 1904 erant

1111 1928 1163 1956 sub
1176 1926 1320 1956 montibus
1334 1926 1408 1955 illis.

1026 1976 1076 2006 Ita
1102 1975 1217 2017 quippe
1241 1973 1451 2009 scribendum,
1481 1978 1515 2003 ut
1540 1983 1595 2003 suo
1620 1972 1688 2002 loco

1026 2024 1212 2055 monebitur.
1228 2024 1402 2054 mesws.
1425 2023 1492 2063 Ego
1504 2021 1580 2052 nihil
1593 2026 1690 2051 muto.

1027 2074 1155 2115 elegans
1170 2072 1254 2103 enim
1278 2071 1420 2107 formula,
1437 2077 1467 2101 et
1482 2076 1549 2112 post
1563 2069 1688 2101 dubita-

1028 2122 1144 2153 tionem
1160 2121 1285 2151 usitata.
1310 2120 1368 2151 inf.
1384 2119 1431 2149 iii.
1457 2119 1531 2149 Am.
1549 2118 1604 2149 xii.
1621 2120 1654 2149 8.

1071 2171 1120 2201 Sic
1135 2177 1213 2200 erat.
1228 2170 1347 2211 ingenio
1359 2170 1492 2208 prostitit
1506 2169 1561 2198 illa
1574 2179 1645 2198 meo.

1028 2219 1143 2250 Vicina
1166 2219 1238 2249 huic
1256 2217 1396 2248 formulae
1415 2217 1525 2253 altera,
1544 2218 1595 2248 hoc
1611 2223 1689 2247 erut.

1028 2268 1143 2300 Claud.
1159 2268 1229 2299 Bel.
1244 2267 1332 2298 Gild.
1345 2267 1423 2297 236.

1073 2318 1139 2348 Hoc
1154 2323 1231 2348 erat.
1257 2316 1417 2357 insi-atres
1432 2316 1526 2346 medio
1545 2316 1691 2347 discordia

1117 2367 1229 2397 M'auro

1075 2416 1233 2446 Nascitur.

1032 2464 1109 2495 Vid.
1133 2465 1172 2496 ad
1198 2465 1325 2496 Petron.
1350 2474 1419 2506 cap.
1445 2463 1528 2494 xciii.
1574 2462 1623 2492 Sic
1653 2468 1692 2491 est

1032 2513 1307 2544 Francofurtensis.
1353 2513 1468 2543 Brun.

1080 2564 1129 2593 13.
1157 2563 1236 2597 Quos
1251 2565 1347 2602 juvat
1376 2561 1475 2601 usus]
1513 2560 1694 2600 Numquam

1032 2614 1236 2653 putojuvnre,
1253 2612 1285 2642 id
1301 2618 1348 2642 est
1360 2611 1529 2645 delectare,
1547 2619 1635 2639 usum
1652 2608 1693 2638 rei

1031 2660 1133 2702 gravis
1157 2666 1188 2691 et
1215 2660 1366 2691 molestae.
1400 2659 1488 2694 forte,
1519 2660 1608 2687 [emt.
1637 2656 1693 2687 nisi

1024 2713 1116 2749 jurat
1133 2709 1239 2751 capias
1253 2720 1307 2751 pro
1322 2709 1417 2743 levat,
1433 2707 1464 2738 id
1483 2713 1540 2742 cst,
1556 2704 1629 2737 facit
1652 2706 1694 2736 le-

1034 2759 1101 2789 vius
1119 2763 1267 2789 aratrum.
1314 2757 1429 2787 Brun.
