1849 3198
645 268 989 312 HEROIDES.
1035 268 1127 308 ΕΡ.
1162 268 1297 311 XIV.

284 386 387 433 Sed
411 393 578 435 tamen
603 385 847 450 experiar.

1587 273 1670 314 173

921 382 1075 430 Modo
1099 383 1231 431 facta
1254 388 1548 450 crepuscula
1569 395 1666 437 ter-

352 464 542 513 Ultima
566 481 679 529 pars
704 464 846 518 lucis,
875 461 1135 526 primaque
1161 464 1322 510 noctis
1348 473 1479 513 erat:

1555 467 1641 529 [ris
1655 486 1664 525 ;

283 540 527 589 Ducimur
552 541 817 589 Inachides
842 538 1009 601 magni
1035 540 1126 585 sub
1152 545 1287 587 tecta
1311 541 1558 604 Tyranni;

349 618 416 666 Et
441 635 581 666 socer
606 626 819 666 armatas
846 616 1029 679 accipit
1052 616 1159 662 aede
1184 633 1352 665 nurus.

283 694 521 759 Undique
546 697 794 743 collucent
818 693 1099 758 praecinctae
1124 693 1380 758 lampades
1407 712 1540 745 auro.

1607 702 1670 746 25

349 773 544 821 Dantur
567 774 618 820 in
642 774 820 821 invitos
847 771 1000 834 impia
1023 777 1135 817 tura
1158 771 1310 819 focos.

281 848 489 913 Vulgus,
518 851 736 916 Hymen,
766 849 1060 913 Hymenaee,
1086 857 1292 897 vocant:
1332 850 1458 914 fugit
1481 852 1563 900 ille
1587 870 1669 902 vo-

350 927 470 991 Ipsa
492 928 522 975 J
527 930 629 976 ovis
655 929 840 991 conjux
865 926 1017 974 cessit
1041 927 1104 973 ab
1130 929 1253 975 urbe
1279 945 1383 976 sua.

323 1090 376 1120 21.
404 1090 499 1121 Facta
525 1092 699 1131 crepuscula
727 1089 840 1130 terris]
869 1088 942 1119 Cre-

276 1141 437 1178 pasculum
453 1146 499 1171 est
522 1146 645 1182 tempus
668 1139 758 1176 illud,
774 1150 845 1170 cum
870 1149 941 1169 noc-

281 1192 400 1219 tescere
430 1189 553 1230 incipit.
610 1190 725 1220 Errant
754 1194 871 1223 autem,
912 1192 944 1217 et

281 1237 410 1278 quidem
432 1239 573 1280 turpiter,
597 1240 650 1280 qui
674 1237 854 1269 existimant
879 1248 942 1267 cre-

277 1289 438 1326 pusculum
455 1288 549 1318 etiam
565 1299 631 1318 esse
648 1287 775 1318 dubiam
792 1286 878 1316 illam
894 1286 942 1316 lu-

281 1346 361 1372 cem,
392 1344 559 1378 antequam
589 1338 725 1368 diescat:
760 1347 831 1367 cum
861 1335 943 1378 apud

281 1387 397 1427 priscos
418 1393 449 1417 et
463 1387 608 1428 probatos
629 1392 770 1417 auctores
785 1386 885 1416 solum
905 1386 943 1416 il-

280 1434 335 1465 lud
353 1442 475 1478 tempus
489 1437 545 1466 sub
562 1447 724 1477 vesperam
747 1446 813 1466 esse
834 1446 943 1477 perpe-

279 1489 334 1515 tuo
355 1486 538 1527 reperiatur.
587 1487 769 1516 Diluculum
796 1496 868 1516 vero
885 1486 942 1516 sub

281 1543 435 1565 auroram.
482 1535 576 1566 Cror.

325 1585 377 1615 22.
415 1584 529 1615 Ultima
557 1596 627 1625 pars
656 1586 759 1620 noctis,
788 1586 943 1624 primaque

283 1635 360 1665 lucis
374 1635 471 1675 erat.]
496 1635 610 1665 Ultima
626 1646 697 1674 pars
712 1636 816 1669 mstis,
829 1636 942 1674 prima-

280 1695 335 1725 que
351 1685 427 1715 lucis
451 1691 515 1715 erat
538 1685 718 1715 Puteaneus
743 1691 774 1715 et
799 1695 853 1715 sex
878 1684 942 1715 alii.

279 1740 376 1765 recte.
423 1734 461 1764 In
476 1734 608 1765 multam
631 1734 714 1764 enim
737 1740 857 1764 noctem
874 1745 943 1776 pro·

280 1783 382 1813 tracta
397 1784 499 1820 coena,
515 1785 572 1814 sub
588 1788 728 1814 exortum
750 1783 828 1814 lucis
851 1794 944 1825 spon-

281 1843 331 1863 sos
346 1843 418 1863 cum
428 1833 516 1863 novis
527 1832 632 1875 nuptis
648 1833 680 1863 in
691 1833 863 1864 thalamum
876 1833 944 1863 vult

282 1881 404 1913 ductos.
448 1883 526 1914 Haee
552 1888 621 1924 post
636 1893 761 1913 coenam
785 1883 868 1913 facta
893 1882 942 1913 hic

282 1930 511 1962 describuntur.
536 1931 710 1962 Hismsrus.
748 1932 942 1962 Protractum

282 1980 460 2011 convivium
480 1981 520 2011 ad
535 1981 702 2011 instantem
717 1992 868 2017 auroram,
889 1992 943 2023 ap-

280 2035 372 2071 paret
386 2041 423 2060 ex
440 2041 519 2061 vers.
538 2031 590 2060 71.
616 2030 670 2061 sed
693 2030 760 2061 haec
777 2030 910 2061 narratio
926 2042 943 2061 a

282 2090 412 2121 vespera
426 2079 587 2110 inchoatas·
609 2080 733 2121 nuptias
747 2086 849 2122 potest
870 2092 943 2111 con-

281 2127 391 2164 tinere,
407 2134 438 2160 et
452 2128 622 2171 perducere
645 2129 684 2159 ad
700 2140 853 2160 auroram.
872 2130 942 2160 vide

282 2189 363 2209 vers.
377 2180 430 2209 33.
447 2184 478 2209 et
494 2179 562 2215 hoc,
574 2180 756 2221 moclofrrcta
769 2182 945 2219 crepuscula

282 2228 402 2263 volunt,
420 2239 488 2269 quae
505 2228 543 2258 de
560 2228 738 2270 vespertino
761 2230 944 2270 crepusculo

283 2276 400 2308 debent
415 2277 496 2319 capi.
520 2288 591 2308 nam
606 2278 825 2309 deductionem
842 2278 873 2309 in
889 2279 943 2309 do-

283 2337 367 2357 mum
383 2327 492 2368 incipit
507 2338 643 2363 narrare,
662 2339 730 2368 quae
756 2329 812 2358 sub
835 2339 943 2370 vespe-

282 2386 347 2407 ram
364 2377 471 2407 fiebat.
497 2376 566 2406 ideo
591 2377 714 2418 praetuli
731 2377 854 2408 Ciofani
880 2378 943 2409 lec-

282 2424 412 2456 tionem.
460 2426 577 2456 Burni.

327 2475 381 2504 23.
401 2475 553 2515 Pelasga]
574 2476 654 2512 Quis
668 2476 721 2506 illc
738 2486 868 2516 magnus
888 2477 942 2506 Pe-

285 2525 405 2565 lasgus?
428 2524 575 2554 Danaum
592 2525 641 2555 vel
663 2526 835 2567 AEgypturn
861 2532 943 2555 certe

288 2572 437 2613 Pelasgos
453 2572 546 2603 fuisse
565 2584 625 2603 non
641 2574 715 2614 legi.
740 2581 770 2604 et
797 2574 943 2605 Danaum

284 2631 346 2652 non
371 2628 454 2653 recte
483 2623 649 2663 Pelasgum
668 2623 729 2654 dici
746 2634 834 2665 posse
858 2631 944 2666 puto,

283 2670 358 2701 licet
374 2670 416 2701 ita
433 2671 582 2702 Heinsius
597 2672 637 2702 ad
654 2672 709 2703 lib.
727 2673 761 2703 ii.
779 2673 848 2703 Art.
866 2674 941 2704 421.

283 2718 338 2749 sed
362 2730 399 2750 ex
424 2721 562 2762 AEgypto
588 2721 708 2752 venisse
733 2729 885 2757 narratur,
912 2728 944 2752 ct

284 2778 355 2799 cum
379 2769 491 2812 Populi
515 2770 560 2801 illi
586 2778 678 2801 antea
703 2772 827 2813 Pelasgi
851 2783 942 2803 voca-

285 2823 401 2855 rentur,
428 2819 548 2850 Danaos
574 2827 682 2862 postea
704 2831 722 2852 a
741 2832 797 2852 suo
820 2822 943 2854 nomine

1458 931 1667 992 [cantes.

1009 1088 1109 1120 dictos
1137 1089 1303 1129 habuisse3
1326 1102 1422 1133 quare
1446 1102 1509 1123 non
1537 1093 1673 1125 absurda

1010 1138 1104 1179 Regii
1120 1145 1149 1169 et
1162 1146 1294 1180 quatuor
1309 1141 1438 1172 aliorum
1450 1142 1593 1172 codicum
1608 1142 1671 1173 lec-

1010 1186 1064 1223 tio,
1089 1188 1142 1229 qui
1175 1188 1313 1229 Tyranni
1342 1190 1471 1226 habent,
1497 1196 1531 1222 ut
1556 1191 1671 1233 passim

1011 1237 1124 1268 Noster
1139 1238 1183 1269 ita
1198 1239 1305 1281 Reges
1322 1247 1421 1271 vocat.
1437 1241 1481 1271 sic
1497 1241 1520 1271 i.
1536 1242 1672 1273 Metam.

1010 1288 1086 1318 218.

1055 1339 1187 1368 Arcados
1203 1339 1271 1369 hinc
1286 1342 1375 1375 sedes,
1391 1346 1419 1369 et
1433 1340 1578 1380 inhospita
1594 1347 1671 1372 tecta

1100 1388 1238 1428 Tyranni

1055 1437 1226 1479 Ingredior,
1250 1439 1404 1469 traherent
1424 1450 1490 1469 cnm
1518 1450 1583 1469 sera
1608 1450 1671 1470 cre·

1093 1488 1219 1526 pusculcr
1236 1493 1360 1518 noctem.

1010 1536 1061 1567 Sic
1077 1543 1107 1567 et
1122 1537 1177 1568 lib.
1189 1538 1211 1567 i.
1224 1538 1361 1568 Metam.
1380 1538 1451 1567 170.
1466 1537 1500 1568 in
1514 1538 1672 1570 nonnullis

1010 1585 1172 1617 codicibus
1185 1592 1285 1617 exstat
1301 1598 1307 1616 ε

1055 1635 1123 1666 Hac
1142 1638 1199 1666 iter
1220 1642 1261 1666 est
1286 1638 1399 1675 superis
1420 1637 1459 1666 ad
1475 1639 1577 1677 magni
1594 1643 1671 1668 tecta

1101 1685 1251 1726 Tyranni.

1011 1734 1116 1775 Vulgo
1135 1735 1290 1766 Tonantis.
1315 1734 1370 1765 alii
1385 1734 1514 1776 capiunt
1526 1735 1565 1766 de
1580 1735 1671 1766 domo

1011 1784 1131 1825 antiqui
1144 1785 1252 1825 Regis,
1269 1784 1322 1826 qui
1338 1784 1412 1814 olim
1427 1784 1521 1826 Argis
1537 1785 1672 1828 impera-

1011 1840 1116 1871 verat3
1140 1834 1189 1864 vel
1212 1833 1308 1875 ipsius
1332 1833 1453 1869 Inachi,
1473 1834 1523 1864 vel
1547 1835 1673 1876 Pelasgi

1011 1883 1078 1924 ejus
1099 1883 1167 1913 filii.
1187 1883 1251 1913 vid.
1271 1884 1375 1913 Illust.
1395 1883 1513 1925 Spanh.
1537 1884 1577 1914 ad
1598 1885 1672 1915 Cal-

1010 1932 1078 1962 lim.
1109 1933 1207 1974 Hym.
1238 1933 1270 1963 in
1306 1932 1431 1963 Pallad.
1463 1934 1495 1963 4.
1526 1934 1609 1975 quod
1647 1934 1672 1964 si

1011 1981 1224 2018 admittamus,
1261 1981 1339 2012 nihil
1377 1981 1435 2012 erit
1467 1983 1670 2013 movendum.

1011 2032 1129 2062 Bumr.

1054 2082 1108 2112 26.
1134 2081 1276 2122 Invitos]
1306 2080 1343 2111 In
1366 2083 1504 2122 antiquos
1522 2080 1670 2112 Barbari-

1012 2141 1083 2161 nus.
1108 2142 1169 2161 non
1183 2132 1278 2162 male.
1303 2132 1477 2161 mesws.
1520 2131 1588 2161 Imo
1603 2140 1672 2172 per-

1012 2190 1131 2220 peram.
1149 2180 1318 2211 advenerat
1333 2180 1416 2210 enim
1428 2180 1520 2211 modo
1530 2180 1672 2210 Danaus.

1012 2229 1144 2271 ideoque
1161 2230 1282 2272 antiqui
1305 2230 1351 2260 illi
1375 2229 1436 2261 foci
1458 2229 1509 2260 vix
1525 2230 1587 2260 dici
1602 2240 1672 2271 pos-

1012 2286 1096 2310 sunt.
1120 2280 1164 2311 ita
1187 2281 1254 2310 eti.
1278 2280 1372 2310 Trist.
1399 2280 1444 2310 iii.
1468 2281 1520 2311 44.
1544 2279 1671 2320 quidam

1011 2330 1134 2360 codices
1162 2332 1298 2371 antiquos
1312 2330 1398 2373 jocos
1421 2329 1583 2360 exhibent.
1621 2329 1671 2359 hic

1011 2390 1094 2415 vere,
1110 2381 1274 2421 sequentia
1290 2380 1328 2410 de
1344 2381 1467 2411 Junone
1484 2390 1552 2420 quae
1573 2378 1673 2419 fugie-

1012 2430 1076 2465 bat,
1092 2431 1276 2460 confirmant
1295 2430 1504 2470 inritosjbcos.
1529 2428 1586 2459 nisi
1603 2428 1671 2469 quis

1010 2477 1121 2508 iterum
1137 2479 1374 2520 antnjzwstcus,
1390 2477 1489 2519 Regis
1501 2477 1593 2519 prisci
1610 2476 1670 2506 Pe-

1011 2527 1091 2568 lasgi
1114 2528 1229 2570 capiat,
1255 2529 1302 2558 vel
1329 2527 1424 2569 ipsius
1448 2527 1522 2557 olim
1547 2526 1670 2556 Inachi.

1013 2577 1096 2607 Nam
1111 2576 1244 2607 Ovidius
1255 2577 1347 2618 Argis
1361 2577 1440 2606 lianc
1457 2576 1574 2607 caedem
1589 2574 1670 2605 acci-

1013 2626 1094 2657 disse
1106 2626 1210 2662 tradit,
1223 2633 1255 2657 ut
1269 2637 1338 2656 mox
1353 2626 1537 2656 videbimus.
1554 2626 1670 2655 Brum-

1053 2676 1106 2706 27.
1146 2675 1260 2717 Vulgus
1290 2675 1410 2715 Hymen
1440 2675 1599 2715 Hyrnemfe
1625 2684 1670 2702 ru-

1009 2725 1089 2765 cat.]
1110 2724 1273 2765 Hymenora
1288 2723 1338 2754 hic
1355 2730 1386 2754 et
1402 2724 1502 2765 Epist.
1522 2722 1575 2752 xii.
1598 2721 1669 2750 143.

1010 2773 1116 2815 scripti
1139 2774 1201 2805 sere
1223 2784 1339 2809 omnes,
1356 2780 1488 2814 excepto
1509 2772 1670 2801 Puteaneo

1011 2834 1030 2854 a
1045 2833 1138 2854 manu
1163 2823 1275 2864 prima.
1300 2822 1354 2853 sed
1379 2832 1551 2864 perperam.
1598 2819 1670 2850 Ele-
