1849 3198
514 182 726 214 BENTLEII
749 179 1117 212 EMENDATIONES.
1480 173 1516 203 15

124 267 184 297 105
446 268 576 299 Vulnere
590 270 699 299 morior
711 267 787 298 isto:
816 266 905 307 [MS.
919 265 1027 305 Dun.]

125 319 186 350 116
209 319 391 361 Caussaque
407 320 447 351 sit
461 322 541 352 cert&

126 373 185 403 117
208 373 301 410 Quod
317 373 341 403 si
357 386 416 414 qua

123 427 184 456 118
207 427 228 458 J
231 426 399 458 amdudum
412 439 515 467 pecca,

125 479 186 509 133
449 481 604 522 Ceyceque
619 485 652 511 et
666 481 801 510 Autonoe
816 485 900 514 nata,
920 478 1008 518 [MS.
1022 475 1127 515 Dun.]

127 533 184 563 151
210 531 348 563 Sternuit
362 544 398 564 en
414 533 536 564 lumen:

127 585 188 616 153
490 586 610 617 medios
624 588 695 617 dum
711 587 806 617 stillat
822 585 854 616 in
870 585 973 626 ignes:

128 638 184 668 161
210 638 259 670 Ire
275 638 352 670 libet
367 641 476 670 medias

128 691 188 722 169
210 692 316 734 Atque
331 692 376 724 ita
391 700 516 734 uterque

129 745 185 775 171
487 746 570 777 clam
585 746 669 787 cogit
683 758 792 782 amore,

128 798 190 829 180
446 801 483 830 sit
498 801 629 839 passibus
643 800 698 836 ire,
714 805 814 831 natas.

130 853 188 882 183
214 852 288 884 Arte
303 853 451 885 laboratae
467 861 647 896 merguntur

128 906 189 937 207
213 907 289 948 Spes
303 913 409 938 tamen
423 913 470 938 est
483 909 585 938 stratis
603 906 674 948 [vii.
689 907 758 948 49.]

257 960 486 1002 Abjudicentur
498 972 548 991 vv.
563 961 616 997 29,
632 961 694 998 303
720 961 774 996 65,
793 961 854 998 663
884 960 955 996 147,
977 961 1050 991 148.

676 1078 855 1116 EPIST.
884 1079 978 1116 XX.

177 1178 196 1207 4
220 1177 283 1214 Qui
298 1187 386 1207 meus
400 1181 457 1212 est,
474 1175 538 1206 ulla
554 1181 640 1217 parte
655 1176 754 1206 dolere
772 1177 829 1205 tui.
847 1174 955 1215 [MSS.
972 1173 1059 1204 Dun.
1075 1173 1166 1213 Re1.]

154 1232 192 1262 13
216 1231 310 1261 Nunc
325 1240 448 1271 quoque
463 1229 547 1260 idem
563 1230 668 1268 cupio.-

154 1285 193 1315 15
492 1294 545 1313 nec
561 1287 698 1323 tempore
714 1282 817 1323 longo,

153 1340 194 1369 23
452 1336 511 1367 nisi
527 1338 575 1366 uti
590 1336 646 1366 tibi
657 1337 790 1378 jungere
806 1336 896 1367 runi?

154 1393 196 1422 24
219 1391 256 1422 Id
274 1398 312 1428 te,
327 1390 411 1433 quod
426 1389 575 1432 quereris,
589 1389 648 1430 [vi.
665 1389 739 1429 24.]

155 1447 197 1477 27
458 1443 503 1483 (si
519 1442 594 1485 quid
611 1449 714 1474 tamen
730 1442 868 1484 egimus)
883 1450 949 1473 arte
967 1443 1078 1484 [MSS.
1096 1442 1183 1472 Dun.
1197 1441 1288 1481 Reh]

157 1501 199 1530 33
457 1497 609 1538 mittoque
623 1498 779 1537 precantia
794 1497 900 1527 verba.

157 1554 200 1587 36
457 1560 569 1581 caveas
584 1557 612 1580 te
629 1550 715 1591 [MS.
730 1550 834 1590 Dun.]
848 1549 923 1580 licet
939 1551 998 1589 ipse
1013 1549 1087 1590 peti.
1105 1549 1190 1589 [MS.
1207 1547 1300 1587 Reh]

161 1608 202 1638 38
225 1606 349 1648 Scripta
363 1605 439 1636 mihi
455 1607 556 1635 astute'

161 1661 202 1691 46
225 1661 305 1696 Quae
321 1658 388 1695 tibi,
403 1658 428 1689 si
444 1660 557 1694 credas,

160 1715 201 1744 48
225 1713 326 1754 Inque
341 1715 398 1743 mei
412 1711 527 1754 cupido
545 1711 657 1752 [MSS.
674 1710 760 1741 Dun.
776 1709 869 1750 Reh]

225 1767 327 1808 Inque
341 1777 402 1797 meo
415 1767 519 1805 cupidi

163 1822 202 1853 67
227 1820 383 1852 Invidiam
394 1822 507 1860 patior:

165 1876 206 1906 70
506 1884 607 1913 nempe
621 1878 728 1903 secuta
743 1882 846 1902 suum.

165 1930 207 1959 74
507 1926 546 1957 sit
561 1925 754 1967 modosacta
769 1925 827 1956 tui.

167 1983 206 2013 77
231 1983 338 2023 thue
352 1980 600 2022 solentfamuloe,

167 2036 206 2067 87
232 2035 313 2066 Cum
328 2036 408 2066 bene
424 2045 467 2070 se,
483 2039 697 2075 quantumque
714 2035 799 2068 votes,

168 2092 208 2121 93
235 2090 299 2119 Hoc
315 2091 391 2130 quod
405 2089 598 2128 amor-jussit,
613 2087 762 2128 scriptum
778 2092 818 2117 est
834 2085 947 2128 injuria
961 2088 1071 2117 nostri:
1093 2086 1180 2126 [MS.
1196 2087 1300 2127 Dun.]

168 2145 210 2175 95
235 2143 298 2173 Nec
313 2141 425 2173 meruit

152 2198 209 2229 101
234 2196 338 2227 Testis
352 2195 410 2227 erit
425 2194 490 2236 (vel
506 2196 586 2225 adest
604 2194 673 2224 MS.
689 2192 797 2232 Dun.)
817 2193 972 2233 Calyd0n5
999 2204 1098 2232 nempe
1114 2203 1207 2235 aper3
1233 2196 1375 2225 nescimus
1390 2184 1429 2225 aiz
1446 2197 1501 2225 illa

152 2251 213 2281 113
236 2249 315 2281 Inde
332 2250 375 2283 fit.
390 2254 435 2284 ut,
452 2247 573 2289 quoties
587 2246 789 2288 hancfallere
806 2246 844 2287 [i.
859 2257 887 2277 e.
903 2245 1006 2286 fides]

155 2304 215 2334 120
239 2302 364 2344 Quique
379 2303 458 2332 subit
474 2301 564 2332 niveo
582 2302 654 2331 lenis
669 2300 701 2330 in
716 2310 766 2331 ore
783 2299 886 2330 rubor.
908 2299 995 2340 [MS.
1012 2299 1118 2338 Dun.]

158 2358 215 2388 121
242 2356 392 2388 Hostibus
406 2363 434 2386 et
450 2355 475 2386 si
491 2355 572 2397 quis,

156 2412 215 2442 127
240 2411 278 2441 In
295 2415 390 2452 caput
404 2411 455 2440 hoc

157 2466 217 2496 134
561 2463 742 2503 adsideoque
758 2467 835 2492 toro.

158 2520 218 2549 143
477 2521 595 2547 nostras
609 2517 764 2555 decerpere
778 2517 914 2546 messes?
941 2515 1028 2555 [MS.
1045 2514 1151 2554 Dun.]

159 2573 218 2603 144
242 2571 293 2602 Ad
308 2582 368 2611 spes
383 2570 510 2602 alterius
527 2570 617 2610 [MS.
633 2569 739 2609 Dun.]

159 2627 219 2657 155
243 2626 327 2656 Nam
343 2624 427 2666 quod
443 2624 538 2655 habes
553 2630 585 2654 et
597 2629 630 2654 tu
647 2624 772 2653 thalami

163 2679 221 2710 159
480 2677 547 2708 haec
562 2679 721 2717 sejuravit
738 2677 866 2708 amanti.
883 2677 970 2718 [MS.
987 2677 1090 2717 Dun.]

162 2734 217 2763 161
245 2732 305 2763 Hic
321 2731 431 2762 metuit
445 2731 591 2767 mendax,
609 2730 675 2761 haec
691 2737 716 2761 el
734 2731 856 2772 perjura
869 2730 985 2761 vocari.
1005 2731 1113 2770 [MSS.
1132 2731 1217 2760 Dun.
1231 2730 1320 2769 Re1.]
