1849 3198
205 203 292 246 234

599 199 650 241 Ρ.
683 197 897 240 OVIDII
930 195 1212 238 NASONIS

211 319 335 374 Quae
356 319 512 381 juvat,
541 322 596 362 ut
619 331 749 362 nunc
775 321 866 369 est,
888 313 1063 360 eadem
1089 311 1209 358 mihi
1234 310 1389 373 gloria
1412 310 1602 357 damno

278 396 344 442 Et
367 394 543 441 melius
568 393 711 440 famae
736 393 887 440 verba
910 390 1108 438 dedisse
1133 389 1273 436 foret.

1467 389 1566 449 [est
1583 405 1599 435 r

213 473 337 528 Nec,
366 471 500 535 quod
527 472 685 527 abest,
712 470 791 516 hic
825 485 903 515 me
929 474 1095 514 tecum
1120 466 1297 512 mirare
1321 464 1570 512 relictam:

279 549 506 596 Moribus
532 556 582 596 et
604 549 716 595 vitae
742 546 953 594 credidit
976 545 1058 591 ille
1082 560 1222 591 meae.

214 628 291 674 De
315 626 441 674 facie
465 626 656 681 metuit,
683 625 795 671 vitae
822 623 1053 671 confidit:
1094 629 1143 669 et
1166 621 1304 668 illum

281 705 523 751 Securum
547 702 786 766 probitas,
812 700 969 748 forma
991 699 1166 746 timere
1189 696 1323 744 facit.

212 781 460 845 Tempora
483 796 545 826 ne
570 785 776 843 pereant
799 778 927 824 ultro
952 777 1071 824 data
1093 774 1354 839 praecipis;
1394 780 1550 836 utque

282 858 533 922 Simplicis
558 864 755 904 utamur
780 854 1134 903 commoditate
1158 852 1263 899 viri.

1507 853 1605 898 176

214 935 281 982 Et
302 936 440 991 libet,
467 941 517 982 et
539 934 690 981 timeo
713 952 722 991 ;
763 950 854 981 nec
881 933 1043 980 adhuc
1069 936 1248 978 exacta
1272 929 1500 975 voluntas

281 1011 374 1060 Est
398 1012 517 1059 satis
539 1031 549 1069 3
589 1012 640 1058 in
664 1012 817 1059 dubio
844 1018 1047 1075 pectora
1071 1015 1239 1056 nostra
1261 1007 1449 1053 labant.

216 1088 281 1136 Et
303 1090 375 1135 vir
399 1090 543 1136 abest
566 1089 737 1145 nobis3
779 1095 829 1135 et
852 1095 907 1135 tu
934 1087 1038 1134 sine
1064 1086 1276 1148 conjuge
1297 1083 1481 1130 dormis
1503 1100 1513 1139 ;

281 1166 443 1229 Inque
466 1166 624 1213 vicem
643 1172 730 1212 tua
754 1181 849 1220 me,
877 1172 927 1211 te
951 1179 1063 1210 mea
1086 1162 1258 1217 forma,
1287 1160 1449 1224 capit:
1511 1162 1605 1207 180

214 1323 254 1352 Et
283 1321 365 1352 Plin.
394 1321 462 1351 viii.
493 1321 595 1363 Epist.
625 1322 678 1352 25.
704 1321 817 1351 Onerat
849 1328 876 1350 te

211 1377 363 1411 qzcoesturae
380 1370 548 1412 tuaefuma,
565 1382 653 1410 qztam
675 1382 708 1400 er
727 1369 875 1411 Bithynia

212 1422 515 1460 opiimumwvecristi.
561 1420 681 1451 Bumr.

259 1470 333 1500 170.
360 1469 587 1511 Dedissefuit]
616 1469 707 1500 Foret
722 1468 875 1499 nonnulli.

215 1519 390 1550 mesrvs.
437 1519 552 1549 Sensus
572 1523 630 1554 est,
652 1517 877 1559 impedimento

215 1573 272 1604 est,
288 1573 319 1598 et
334 1572 426 1598 nocet
440 1566 516 1597 mihi
533 1567 630 1608 gloria
644 1579 651 1605 3
678 1577 747 1608 quae
763 1567 876 1602 obstat,

216 1627 255 1647 ne
277 1617 376 1648 victas
396 1616 453 1647 tibi
476 1627 586 1646 manus
602 1616 686 1646 dem.
711 1622 742 1646 et
766 1615 878 1646 melius

215 1667 324 1697 fuisset
339 1677 388 1696 me
408 1667 473 1707 jam
494 1665 569 1696 olim
586 1665 707 1696 furtivis
723 1664 879 1695 amoribus

216 1720 374 1757 operatam
390 1714 495 1751 fuisse,
510 1721 542 1745 et
553 1714 715 1756 decepisse
730 1724 877 1750 rumores,

217 1775 293 1806 quos
309 1765 347 1796 de
370 1775 440 1795 mea
454 1764 606 1806 pudicitia
628 1763 770 1794 homines
789 1763 878 1794 diffe-

217 1814 338 1849 rebant,
378 1813 566 1854 fidelemque
611 1812 711 1844 virum
754 1812 876 1844 lusisse.

217 1873 313 1904 quare
332 1862 419 1904 foret
443 1862 574 1893 retineo.
600 1861 644 1892 ita
666 1863 764 1892 seculo
790 1863 879 1892 verba

217 1914 302 1942 dare.
349 1911 604 1952 Senec.Ep.88.
648 1911 879 1940 BURMANNUS.

224 1960 317 1991 Verba
357 1962 441 1996 dare,
486 1959 620 2002 primum
661 1958 788 2001 quidem
833 1965 880 1989 est

219 2012 317 2046 vei-lm,
342 2020 397 2051 pro
423 2011 509 2039 ¹rebus
530 2009 622 2047 dare3
645 2007 802 2050 promissis
823 2008 879 2038 fal-

218 2060 299 2090 lere:
338 2058 463 2094 deinde,
490 2058 633 2089 universe
658 2058 786 2100 fallere,
816 2063 880 2088 tam

219 2110 305 2139 rebus
329 2115 361 2139 et
382 2107 484 2144 factis,
508 2118 602 2149 quam
627 2109 742 2145 verbim
768 2107 880 2138 eximie

220 2157 347 2188 latendo
363 2157 483 2188 fallere.
530 2158 680 2188 LENNEP.

266 2206 339 2236 174.
366 2206 474 2236 Forma
500 2206 726 2247 timerefacit]
753 2205 882 2236 Locutio

222 2266 241 2286 a
256 2255 361 2286 Poetis
374 2254 623 2296 frequentissime
639 2260 801 2297 usurpata:
822 2256 883 2289 Qui

223 2306 289 2335 nali
310 2316 353 2334 me
378 2315 475 2334 coram
501 2315 621 2334 cernere
648 2305 739 2334 letum
761 2304 882 2335 Fecisti.

224 2353 315 2394 Virg.
333 2352 389 2384 lib.
405 2352 439 2383 ii.
458 2353 496 2383 In
511 2363 602 2394 prosa
616 2353 780 2389 diceretur,
797 2352 882 2389 facit,

223 2408 258 2433 ut
273 2401 391 2432 timeat.
437 2401 531 2432 C10r.

271 2452 344 2481 177.
371 2451 487 2481 Exacta
512 2451 680 2490 voluntas]
708 2450 887 2481 Puteaneus

226 2507 258 2533 et
276 2512 382 2532 omnes
400 2500 464 2531 fere
479 2500 585 2542 scripti
602 2502 744 2540 voluptas.
768 2500 822 2531 sed
838 2512 885 2530 im-

228 2552 330 2581 luntas
342 2550 507 2590 legendum
516 2550 583 2592 jam
595 2550 787 2580 Hubertinus
799 2549 887 2581 vidit.

228 2609 316 2630 mens
330 2599 413 2630 enim
437 2604 469 2629 et
489 2599 631 2630 voluntas
646 2599 777 2630 Helenae
792 2599 889 2630 dubia

229 2650 305 2684 erat,
317 2658 374 2678 nee
390 2647 464 2678 satis
479 2647 581 2679 adhuc
597 2648 782 2679 deliberata.
809 2648 887 2679 Gra-

231 2697 304 2728 tius.
321 2698 396 2728 259.
424 2697 535 2728 Tamen.
551 2699 608 2729 herc
623 2705 725 2729 eiacta
741 2699 889 2728 *voluntas

232 2757 302 2778 nam
329 2754 430 2778 emota
457 2747 578 2789 propria
606 2748 637 2779 in
663 2748 721 2779 hac
750 2758 780 2779 re
807 2759 888 2785 vox3

945 1317 1069 1360 quando
1086 1317 1161 1359 quid
1176 1316 1389 1359 perpenditur,
1406 1321 1440 1346 ut
1454 1325 1608 1356 exsequa-

943 1379 1022 1400 mur.
1068 1368 1185 1398 Burni.

990 1419 1061 1448 178.
1078 1416 1116 1448 Ιη
1129 1418 1217 1447 dubio
1227 1422 1347 1456 pectora
1357 1420 1457 1445 nostra
1472 1413 1604 1454 labaim]

946 1467 984 1499 Ιη
1001 1469 1076 1498 bivio
1091 1467 1265 1509 scripserat,
1276 1465 1309 1496 ni
1325 1465 1425 1500 fallor,
1437 1464 1538 1494 Naso.
1563 1464 1612 1494 Τὸ·

944 1519 1055 1549 bivium
1071 1517 1249 1558 frequenter
1261 1519 1438 1556 corruptum
1451 1518 1507 1549 est,
1524 1512 1608 1555 apud

944 1567 1108 1609 scriptores
1124 1566 1279 1607 antiquos,
1297 1565 1391 1606 culpa
1402 1563 1609 1598 librariorum,

945 1616 998 1657 qui
1014 1627 1068 1658 pro
1084 1617 1169 1651 bivio,
1184 1616 1306 1650 vinium,
1319 1619 1351 1644 et
1360 1615 1459 1643 vivum
1472 1612 1608 1654 plerum-

946 1676 1007 1706 que
1021 1669 1200 1695 exaramnt.
1224 1663 1359 1694 Remed.
1373 1662 1515 1692 Amoris:

994 1715 1035 1744 Ut
1052 1721 1121 1744 tuus
1132 1715 1164 1743 in
1179 1715 1254 1744 bivia
1269 1714 1451 1744 distineatur
1465 1713 1566 1741 Amor.

947 1763 1081 1794 Videtur
1097 1769 1202 1793 autem
1227 1761 1374 1803 adagium
1396 1761 1454 1791 hoc
1479 1758 1609 1791 Ovidia-

947 1824 1021 1844 num
1038 1812 1177 1843 alludere
1190 1812 1230 1842 ad
1241 1811 1360 1842 bivium
1373 1809 1520 1841 Herculis
1534 1809 1613 1840 Pro-

946 1862 1008 1893 dici
1025 1868 1056 1892 et
1078 1862 1118 1892 ad
1139 1861 1258 1892 bivium
1281 1859 1496 1902 Pythagoricae
1512 1858 1609 1890 literae

947 1911 1043 1942 vitam
1063 1911 1231 1941 humanam
1258 1909 1469 1952 complexum.
1495 1919 1557 1950 quo
1580 1914 1613 1939 et

947 1960 1082 2002 respexit
1100 1958 1236 1995 Persius,

993 2009 1093 2039 Furi-'r
1113 2020 1187 2048 paro
1203 2009 1270 2039 belli
1293 2019 1417 2039 converto
1442 2008 1475 2037 ‘in
1491 2007 1617 2037 tramite

1032 2060 1122 2094 silure,

997 2108 1037 2138 UA
1076 2109 1167 2138 bivias
1200 2113 1316 2138 armato
1354 2107 1482 2136 obsidam
1518 2106 1614 2136 milite

1023 2157 1147 2198 jizzices.

951 2206 987 2236 In
1004 2208 1092 2237 trivio
1108 2208 1288 2237 constitutus
1303 2204 1427 2240 dicitur,
1444 2204 1496 2245 qui
1512 2204 1612 2234 incer-

951 2262 1000 2287 tus
1015 2262 1074 2287 est.
1100 2256 1163 2287 vid.
1179 2255 1320 2290 Suidam,
1334 2254 1393 2286 Ἐν
1407 2254 1521 2296 τριόδῳ
1535 2255 1610 2296 εἶμί.

951 2306 1123 2336 mesws.
1168 2305 1251 2336 Mihi
1280 2310 1388 2335 contra
1414 2303 1507 2334 libros
1535 2304 1613 2335 nihil

954 2354 1003 2385 hic
1029 2354 1214 2385 mutandum
1236 2353 1370 2384 videtur.
1418 2353 1519 2394 Epist.
1546 2353 1612 2384 xix.

958 2404 1026 2434 174.

999 2454 1080 2488 Quid
1095 2464 1196 2493 sequor
1209 2455 1242 2483 in
1256 2454 1345 2483 dubio
1360 2458 1412 2482 est.

953 2502 994 2532 Et
1006 2502 1085 2532 illud
1109 2503 1217 2531 bivium
1234 2501 1389 2542 quomodo
1412 2510 1483 2531 cum
1509 2501 1554 2541 τῷ
1569 2502 1612 2531 Ια-

955 2553 1025 2582 bant
1041 2550 1208 2582 consistere
1224 2556 1330 2592 possit,
1345 2561 1406 2580 non
1421 2549 1523 2580 video.
1552 2550 1615 2581 Τε-

955 2606 1034 2632 rent.
1059 2600 1158 2630 Andr.
1176 2600 1198 2630 i.
1227 2611 1258 2630 v.
1281 2601 1313 2630 3.
1340 2600 1423 2630 Dum
1447 2601 1564 2630 animus
1583 2601 1614 2629 in

955 2651 1044 2681 dnbio
1058 2656 1109 2685 est,
1122 2651 1228 2689 paullo
1243 2655 1384 2680 momento
1398 2649 1456 2678 huc
1474 2650 1517 2678 rel
1540 2649 1617 2678 illuc

957 2698 1134 2739 impellitur.
1160 2698 1211 2729 ubi
1227 2700 1340 2738 impelli
1354 2698 1448 2734 idem,
1464 2697 1547 2739 quod
1565 2696 1614 2728 hic

958 2750 1067 2780 labare.
1113 2749 1227 2779 litim.
1346 2750 1348 2752 ’
