1849 3198
205 226 289 268 158

600 225 651 265 P.
686 221 899 265 OVIDII
932 221 1212 266 NASONIS

212 327 350 382 Quos
376 342 469 388 ego
495 326 699 382 servavi,
727 326 894 389 pellex
921 326 1251 390 amplectitur,
1280 333 1442 373 artus:

278 404 345 452 Et
368 404 522 451 nostri
547 403 735 451 fructus
761 404 845 451 illa
868 404 1052 451 laboris
1078 404 1245 450 habet.

213 481 439 529 Forsitan
465 489 529 537 et,
558 482 721 528 stultae
748 481 866 527 dum
892 488 942 527 te
961 482 1152 543 jactare
1179 481 1365 528 maritae

1511 484 1600 528 175

279 558 487 614 Quaeris,
516 566 566 606 et
590 558 786 621 injustis
813 558 1014 604 auribus
1041 564 1158 620 apta
1182 559 1333 620 loqui,

214 635 273 682 In
297 635 491 692 faciem,
518 650 781 697 moresque
807 649 963 689 meos,
991 649 1118 680 nova
1141 634 1347 681 crimina
1370 634 1544 696 fingas.

281 713 481 769 Rideat,
510 719 559 760 et
584 712 712 759 vitiis
739 712 854 758 laeta
879 711 942 757 sit
966 710 1050 756 illa
1074 712 1213 757 meis.

214 790 413 847 Rideat,
441 798 491 838 et
516 790 667 853 Tyrio
687 791 857 852 jaceat
881 788 1106 835 sublimis
1132 789 1181 834 in
1207 796 1366 845 ostro;

282 867 472 915 Flebit:
513 875 563 914 et
587 867 787 913 ardores
812 866 978 912 vincet
1002 866 1180 912 adusta
1203 881 1356 913 meos,

1513 869 1605 912 180

216 944 350 992 Dum
387 944 568 991 ferrum
605 945 921 1007 flammaeque
960 944 1185 999 aderunt,
1215 959 1498 1006 succusque
1522 959 1602 990 ve-

282 1021 455 1068 Hostis
483 1021 679 1068 Medeae
705 1022 868 1068 nullus
895 1021 1080 1067 inultus
1107 1021 1214 1068 erit.

1450 1020 1603 1082 [neni‚

215 1099 363 1153 Quod
389 1099 429 1145 si
454 1098 578 1146 forte
602 1115 776 1163 preces
802 1099 1075 1162 praecordia
1098 1098 1256 1145 ferrea
1279 1105 1517 1160 tangunt3

282 1176 330 1222 N
335 1192 430 1222 unc
457 1177 632 1223 animis
659 1177 773 1224 audi
799 1177 951 1224 verba
974 1176 1165 1223 minora
1188 1177 1329 1223 meis.

215 1253 338 1301 Tam
363 1254 453 1301 tibi
479 1270 588 1300 sum
615 1254 844 1318 supplex,
872 1269 1023 1317 quam
1048 1261 1102 1301 tu
1127 1253 1247 1300 mihi
1274 1269 1406 1316 saepe
1430 1251 1594 1300 fuisti:

282 1330 391 1378 Nec
417 1347 578 1378 moror
603 1337 717 1378 ante
741 1337 854 1378 tuos
878 1330 1205 1394 procubuisse
1230 1329 1403 1393 pedes.

258 1541 332 1571 177.
358 1540 495 1583 Fingis.]
529 1541 616 1572 Bene
633 1542 740 1582 fingas
761 1541 875 1572 Putea-

213 1600 303 1620 neus.
327 1590 491 1629 sequentia
506 1590 700 1620 confirmant.
729 1590 849 1621 Heme.

259 1639 331 1669 179.
357 1638 495 1678 λυθείη]
528 1638 661 1669 Variam
683 1640 776 1669 MSS.
805 1639 876 1670 Lei-

213 1687 319 1718 densis
333 1688 439 1723 vitem,
455 1686 599 1718 Scriverii
624 1688 811 1719 membranae
835 1700 877 1719 se-

213 1739 294 1767 deat.
332 1737 387 1767 sed
417 1736 546 1777 vulgata
573 1748 634 1767 non
663 1737 873 1769 sollicitanda.

213 1787 323 1817 senec.
338 1786 454 1827 Agam.
471 1787 546 1817 877.

358 1835 445 1865 Ostra
461 1837 553 1866 lectus
567 1834 663 1865 Iliaco
679 1837 766 1872 nitet,

258 1884 434 1924 Merumque
457 1886 487 1914 in
512 1895 587 1914 auro
613 1886 719 1915 veteris
739 1885 876 1916 Assaraci

300 1934 438 1969 trahunt,

258 1982 298 2011 Et
315 1983 374 2020 ipse
385 1983 467 2021 picta
486 1989 560 2011 reste
574 1983 809 2023 sublimisjacet.

214 2031 294 2062 Stat.
312 2031 399 2072 Sylv.
417 2030 460 2061 iv.
478 2029 619 2061 convivio
636 2031 809 2062 Domitiani
824 2044 830 2061 :

259 2080 344 2110 Tunc
359 2092 410 2121 ego
432 2086 575 2121 regnator
598 2087 762 2117 terrarum,
787 2083 862 2112 orbis

300 2140 355 2168 que
369 2131 495 2165 subacti,

260 2177 373 2219 Magne
398 2178 525 2213 Parens,
542 2184 570 2208 te
590 2190 650 2218 spes
670 2180 832 2216 hominum,
851 2186 878 2209 te

302 2238 376 2256 cura
394 2226 526 2256 Deorum

261 2275 481 2315 Cernojacens.

216 2325 257 2355 Et
270 2324 304 2355 ii.
321 2324 439 2355 Achill.

346 2373 446 2404 Fallet
462 2377 752 2415 mensurajacentis.

216 2423 348 2453 Metam.
364 2423 406 2453 ix.
423 2425 498 2454 237.

347 2471 444 2505 Quam
459 2474 483 2502 si
494 2475 749 2513 conuirujaceres.

216 2520 328 2550 Senec.
345 2520 480 2562 Thyeste
498 2523 574 2551 898.

262 2569 360 2599 Nimis
375 2572 429 2600 <liu
444 2573 567 2601 conviva
583 2573 772 2610 securojuces

261 2618 422 2658 Hilarique
438 2621 540 2650 vultu.
715 2620 834 2650 Ilssms.

217 2667 335 2698 Recte:
360 2678 431 2698 nam
454 2669 557 2710 inepte
579 2669 628 2699 hic
649 2669 810 2711 Crispinus
823 2680 875 2699 ex-

216 2715 314 2758 plicat
328 2716 360 2747 in
382 2717 459 2747 solio
474 2717 598 2748 sedens.
623 2718 725 2759 agitur
739 2719 820 2749 enim
838 2719 877 2749 de

217 2766 328 2808 epulis.
361 2767 430 2808 quis
455 2767 548 2799 etiam
567 2768 653 2809 jacet
678 2767 709 2798 in
732 2768 829 2799 solio?
852 2768 876 2799 si

1514 1331 1604 1376 186

942 1544 1040 1572 sedeat
1076 1542 1254 1584 recepisset,
1284 1540 1472 1572 tolerabilior
1499 1539 1608 1571 fuisset

943 1591 1124 1633 explicatio.
1149 1597 1184 1621 ut
1199 1591 1299 1633 Epist.
1316 1591 1360 1622 ix.
1380 1591 1454 1621 153.
1486 1591 1605 1620 Bunm.

990 1642 1060 1671 180.
1080 1641 1120 1671 Et
1135 1642 1255 1671 ardores
1269 1642 1365 1670 vincet
1381 1642 1489 1671 adusta
1505 1639 1606 1680 meos]

946 1690 1065 1727 Medea,
1080 1689 1184 1730 inquit
1198 1689 1407 1731 Apollodorus
1431 1688 1488 1718 lib.
1514 1699 1606 1730 supra

944 1740 1049 1775 citato,
1074 1751 1143 1779 quos
1159 1738 1245 1769 I'a'son
1264 1739 1342 1769 Deos
1353 1741 1491 1778 jurasset
1517 1739 1607 1768 obtes-

945 1795 1021 1824 tata,
1040 1791 1251 1829 ingratamque
1267 1789 1349 1818 illius
1368 1789 1401 1817 ‘in
1421 1789 1514 1826 ipsam
1536 1789 1605 1817 ani-

943 1850 1021 1868 mum
1030 1844 1127 1877 postea
1138 1839 1279 1867 detestata
1290 1837 1545 1877 11101-1',(Creusae,
1555 1842 1609 1867 aut

945 1886 1093 1927 Glaucae)
1103 1887 1221 1926 peplum
1234 1888 1351 1916 venenis
1360 1886 1504 1927 injectum
1517 1887 1608 1922 misit,

944 1947 1028 1976 quem
1054 1936 1233 1975 simulatque
1257 1936 1313 1965 illa
1335 1936 1389 1965 sibi
1416 1936 1518 1965 induit
1541 1946 1608 1965 cum

944 1987 1082 2025 adjutore
1108 1991 1195 2024 patre
1217 1984 1387 2025 (Creonte)
1414 1985 1513 2014 valido
1540 1986 1609 2025 igne

945 2041 1079 2075 correpta
1094 2034 1304 2076 conflagravit.
1329 2033 1510 2064 CIOFANFS.
1541 2033 1608 2063 Pri-

945 2095 1003 2115 mae
1028 2084 1180 2115 editiones
1206 2089 1236 2114 et
1252 2083 1390 2125 quinque
1406 2082 1512 2124 scripti
1536 2093 1606 2113 cum

944 2133 1047 2164 Jureti
1062 2133 1226 2174 excerptis,
1241 2135 1345 2162 sentiet
1362 2138 1441 2162 usta.
1481 2132 1606 2163 Vossia-

946 2193 1004 2213 nus
1025 2184 1148 2212 sanciet.
1194 2181 1376 2222 Eleganter.
1403 2181 1468 2211 dixi
1485 2182 1545 2223 Ep.
1563 2183 1606 2212 vi.

945 2242 1026 2262 vers.
1046 2232 1118 2262 154.
1145 2231 1263 2261 mes.

992 2281 1064 2311 184.
1095 2280 1187 2309 Verba
1212 2282 1327 2309 minora
1354 2280 1451 2320 meis]
1478 2280 1546 2309 Hoc
1562 2288 1609 2310 est

946 2331 1041 2360 verba
1064 2329 1206 2365 humilia,
1223 2335 1254 2359 et
1269 2329 1375 2370 qualia
1390 2329 1546 2371 supplices
1562 2329 1608 2360 fa-

946 2390 1016 2410 cere
1032 2379 1143 2411 solent.
1161 2389 1294 2419 quaeque
1318 2378 1457 2408 animum
1480 2389 1608 2418 genero-

946 2439 1014 2458 sum
1038 2434 1069 2458 et
1091 2427 1226 2468 regalem
1248 2427 1432 2458 dedeceant.
1479 2428 1608 2457 Μιση-

948 2488 1020 2508 Lis.
1067 2477 1138 2507 IIuc
1175 2476 1330 2518 pertinent
1359 2488 1428 2518 quae
1460 2477 1608 2507 Heinsius

948 2526 1077 2557 adducit
1102 2536 1195 2568 supra
1219 2526 1259 2556 ad
1283 2537 1364 2557 vers.
1395 2527 1466 2556 110.
1506 2532 1536 2556 et
1564 2526 1608 2557 ita

947 2588 1055 2616 magna
1072 2577 1165 2606 (licta.
1184 2575 1293 2606 Valer.
1319 2575 1405 2605 Flac.
1423 2586 1451 2605 v.
1475 2575 1549 2604 600.
1577 2580 1609 2605 et

946 2624 1000 2655 vii.
1018 2626 1092 2656 555.
1121 2625 1247 2654 υιιωίηιιι
1275 2625 1372 2654 rerba.
1415 2624 1556 2664 Propert.
1573 2623 1606 2654 ii.

946 2673 1010 2703 xix.
1029 2674 1079 2704 71.
1096 2685 1202 2714 mag-²111
1228 2669 1319 2713 loqzii.
1366 2673 1476 2703 Horat.
1500 2672 1521 2703 i.
1537 2672 1604 2703 Sat.

946 2720 991 2753 iii.
1012 2723 1061 2753 12.
1076 2726 1107 2752 et
1122 2722 1236 2764 passim
1251 2722 1317 2753 alii.
1342 2722 1459 2752 aniu.
