1849 3198
609 192 908 235 AMORUM.
962 191 1083 234 LIB.
1114 192 1179 234 ΙΙ.
1209 193 1252 235 6.

1545 195 1629 236 361

232 304 366 353 Vivit
390 313 441 354 et
465 306 703 354 armiferae
729 308 902 354 cornix
928 307 1086 354 invisa
1111 307 1373 362 Minervae;
1566 313 1628 357 35

300 382 394 429 Illa
418 384 622 446 quidem
647 383 792 430 seclis
817 384 900 430 vix
925 383 1163 431 moritura
1186 401 1380 433 noveni.

234 458 436 507 Occidit
459 461 541 508 ille
565 461 769 523 loquax,
797 461 1027 508 humanae
1054 461 1187 508 vocis
1212 461 1394 524 imago,

298 535 567 593 Psittacus,
594 545 817 584 extremo
842 554 1022 584 munus
1048 538 1110 583 ab
1137 538 1257 584 orbe
1282 538 1472 586 datum.

232 612 438 676 Optima
462 614 622 677 prima
644 613 746 661 fere
767 614 996 661 manibus
1023 614 1281 677 rapiuntur
1307 616 1490 669 avaris;

297 690 577 754 Implentur
602 692 820 738 numeris
846 691 1094 738 deteriora
1117 691 1237 737 suis.

1565 696 1629 739 40

228 766 410 814 Tristia
428 767 736 831 Phyllacidae
762 767 1018 816 Thersites
1044 767 1219 814 funera
1240 767 1386 815 vidit:

294 844 511 908 Jamque
536 846 677 902 cinis,
703 846 833 909 vivis·
849 845 1104 900 fratribus,
1133 843 1325 891 Hector
1348 852 1468 892 erat.

229 921 363 975 Quid
387 923 595 970 referam
619 923 806 970 timidae
832 940 923 987 pro
947 930 997 970 te
1022 923 1107 987 pia
1128 929 1245 969 vota
1268 922 1472 986 puellae;

293 998 439 1055 Vota,
467 1001 743 1064 procelloso
769 1017 857 1065 per
881 1018 1016 1048 mare
1042 1007 1185 1064 rapta
1210 1000 1374 1047 Noto?

230 1076 458 1139 Septima
472 1077 559 1124 lux
575 1079 762 1134 aderat,
783 1086 882 1125 non
899 1078 1184 1125 exhibitura
1202 1084 1520 1141 sequentem:
1562 1080 1625 1125 45

293 1153 359 1200 Et
383 1155 549 1202 stabat
568 1156 727 1202 vacua
747 1156 853 1218 jain
878 1155 969 1202 tibi
996 1155 1158 1202 Parca
1182 1155 1310 1201 colo.

228 1231 335 1279 Nec
361 1239 528 1279 tamen
554 1232 730 1295 ignavo
756 1239 1055 1296 stupuerunt
1079 1233 1230 1279 verba
1254 1231 1436 1295 palato.

295 1309 544 1357 Clamavit
566 1311 781 1358 moriens
805 1311 991 1372 lingua,
1022 1309 1257 1364 Corinna,
1284 1308 1411 1355 vale.

227 1386 370 1433 Colle
391 1387 484 1433 sub
513 1387 686 1451 Elysio
712 1387 853 1450 nigra
878 1403 1051 1433 nemus
1078 1386 1189 1433 ilice
1215 1385 1466 1441 frondens,

294 1462 511 1527 Udaque
536 1472 779 1529 perpetuo
805 1464 1026 1528 gramine
1051 1471 1197 1518 terra,
1224 1462 1364 1509 viret.

224 1618 278 1639 sex
302 1607 366 1639 alii.
390 1608 546 1651 quomodo
571 1609 687 1651 passim
711 1608 794 1652 apud
810 1609 892 1639 Nos-

223 1662 304 1688 trum
321 1656 353 1688 in
368 1657 492 1700 optimis
507 1658 747 1700 exemplaribus.
784 1659 893 1691 Posset

223 1712 256 1737 et
275 1706 349 1748 legi.
372 1709 522 1749 garrulus
544 1720 658 1749 augur,
682 1714 717 1738 ut
739 1708 778 1739 de
801 1719 892 1739 corvo

221 1755 425 1797 intelligatur,
452 1767 521 1797 quae
547 1758 612 1787 avis
636 1756 782 1787 imbrium
809 1768 887 1799 prae—

220 1815 298 1846 saga
312 1805 456 1836 habetur.
501 1806 593 1837 Certe
616 1807 763 1847 garrulus
783 1813 890 1837 auctor

221 1862 270 1885 est
299 1855 330 1885 in
357 1855 463 1886 multis
491 1855 624 1896 scriptis.
653 1855 709 1886 sed
744 1857 889 1896 graculus

222 1904 347 1946 pluvias
374 1904 517 1946 praedicit
551 1904 634 1946 apud
670 1904 828 1936 Avienum
856 1905 888 1936 in

221 1953 438 1994 prognosticiS.
462 1954 635 1984 mesms.
665 1953 758 1984 Certe
773 1955 889 1984 Auctor

223 2001 273 2032 hic
290 2008 378 2033 notat
400 2002 555 2033 nuntium.
578 2002 624 2033 ita
646 2002 729 2033 enim
753 2008 796 2039 et,
814 2005 889 2034 lucis

219 2054 412 2091 praenuntius
423 2054 484 2083 ales
498 2052 532 2082 ii.
558 2052 643 2083 Fast.
669 2052 742 2083 767.
766 2052 810 2083 ita
832 2063 888 2094 pro

223 2101 331 2132 nuntio
358 2108 464 2132 auctor
489 2102 533 2132 xi.
563 2102 644 2132 Met.
673 2102 747 2132 667.
772 2101 812 2132 de
842 2103 889 2143 τῷ

226 2151 357 2186 Miluus,
376 2150 438 2181 vid.
455 2150 495 2181 ad
512 2149 638 2180 Phaedr.
655 2150 674 2180 i.
689 2151 741 2180 32.
770 2151 887 2181 BURM.

266 2200 319 2230 35.
341 2199 532 2241 Armiger-11⁷]
574 2198 703 2240 Legitur
731 2198 826 2229 etiam
856 2199 887 2230 in

221 2248 463 2290 exemplaribus,
473 2248 641 2290 fir-miserat,
654 2258 723 2289 quae
736 2248 830 2279 lectio
843 2255 889 2279 est

218 2297 398 2339 jucundior.
423 2298 572 2328 Murrus.
596 2297 752 2338 Perpetua
766 2296 822 2327 illa
841 2303 888 2328 est

223 2347 255 2378 in
281 2346 404 2388 scriptis
430 2345 602 2377 diversitas.
631 2345 695 2376 vid.
723 2345 769 2376 iii.
801 2347 886 2377 Fast.

224 2396 298 2426 681.
310 2395 354 2425 iv.
371 2396 505 2425 Metam.
522 2395 595 2425 475.
613 2401 644 2425 et
659 2393 744 2424 alibi.

265 2445 318 2474 42.
354 2444 480 2485 Jamque
515 2445 592 2474 cinis
633 2445 705 2473 rivis
729 2443 888 2484 fratribus

224 2493 338 2524 Hector
366 2493 458 2533 erat.]
507 2492 625 2523 Eodem
655 2492 746 2523 modo
769 2492 887 2523 dictum

223 2547 270 2573 est
291 2542 331 2572 ab
358 2541 488 2572 Horatio
512 2541 555 2571 iv.
581 2541 645 2571 Od.
668 2542 700 2571 7.
736 2541 841 2571 Pulvis
859 2548 886 2571 et

223 2592 326 2622 umbra
341 2602 451 2621 sumus.
488 2590 603 2621 Probat
617 2595 721 2620 autem
738 2599 802 2619 rem
819 2600 886 2631 pro-

223 2640 356 2681 positam
371 2640 528 2681 exemplo.
558 2639 650 2670 C1or.

267 2690 319 2720 45.
336 2688 530 2728 Lurvenil]
579 2689 658 2719 Cum
682 2688 721 2718 de
749 2688 886 2718 Psittaco

224 2744 337 2775 :egroto
351 2744 434 2779 agat,
451 2737 558 2769 merito
573 2738 696 2779 septimi
712 2737 774 2768 diei
797 2748 882 2768 men<

1561 1465 1624 1508 50

962 1607 1077 1638 tionem
1093 1607 1181 1638 facit.
1227 1607 1312 1637 Nam
1327 1605 1353 1636 is
1368 1605 1434 1636 dies
1448 1606 1528 1636 inter
1543 1604 1626 1636 criti-

961 1668 1012 1688 cos
1033 1662 1243 1692 enumeratur,
1267 1656 1320 1697 qui
1345 1661 1376 1686 et
1397 1654 1555 1696 judiciarii
1579 1654 1626 1685 di-

959 1711 1083 1741 cuntur,
1099 1711 1133 1736 ut
1149 1705 1357 1747 Hippocrates
1375 1704 1407 1734 ii.
1428 1704 1514 1746 Aph.
1531 1703 1627 1745 parti-

958 1756 1029 1786 cula
1055 1755 1140 1786 xxiv.
1171 1754 1232 1785 ait:
1270 1754 1430 1789 Humores,
1459 1755 1511 1793 qui
1533 1755 1627 1783 morbi

957 1815 1054 1834 cansae
1070 1810 1153 1839 sunt,
1170 1804 1294 1833 diversis
1310 1809 1465 1833 moventur
1490 1804 1627 1841 tempori-

957 1855 1026 1884 bus:
1064 1860 1119 1883 ant
1147 1854 1225 1883 enim
1254 1854 1383 1891 ipsorum
1418 1857 1542 1885 natura,
1571 1858 1626 1882 aut

955 1903 1125 1942 quantitate
1139 1902 1256 1930 tardius
1272 1901 1318 1930 vel
1342 1901 1434 1930 citius
1456 1901 1496 1929 ad
1518 1902 1625 1929 coctio-

956 1962 1021 1981 nem
1039 1951 1081 1981 rel
1097 1952 1280 1980 cruditatem
1306 1950 1522 1979 terminantur.
1554 1949 1626 1979 Dies

956 2007 1068 2035 autem,
1088 2001 1119 2029 in
1136 2001 1241 2039 quibus
1251 2000 1400 2038 praecipue
1416 1998 1527 2038 idfierz'
1542 1999 1625 2034 solet,

956 2049 1008 2079 vii.
1025 2049 1088 2080 xiv.
1105 2054 1137 2078 et
1152 2059 1203 2078 xx.
1220 2054 1272 2078 est.
1317 2046 1379 2077 Sed
1402 2046 1469 2076 haec
1493 2046 1526 2076 in
1546 2046 1625 2077 libro

957 2098 1006 2128 De
1023 2097 1136 2128 diebus
1156 2095 1330 2127 directoriis
1353 2094 1496 2125 diffusius
1519 2100 1551 2125 et
1573 2106 1625 2125 co-

956 2146 1073 2188 piosius
1089 2157 1107 2176 a
1122 2146 1245 2176 Galeno
1261 2145 1469 2186 disputantur.
1503 2144 1624 2175 (ἸοΡΑ-

957 2207 1027 2226 Nus.
1058 2197 1173 2226 Aderat
1196 2200 1294 2225 reete.
1311 2194 1425 2225 Claud.
1442 2194 1542 2235 Nupt.
1558 2194 1623 2224 Ho-

956 2255 1021 2275 nor.
1037 2244 1131 2274 Praes.
1149 2256 1178 2274 v.
1197 2245 1249 2274 15.

1000 2293 1130 2333 Septima
1148 2294 1198 2323 luz
1215 2294 1323 2322 aderat
1338 2292 1421 2322 coelo.

958 2342 1071 2373 Noster
1082 2354 1111 2372 v.
1128 2343 1210 2372 Fast.
1226 2343 1300 2372 413.
1326 2341 1414 2371 Nona
1431 2342 1492 2370 dies
1505 2342 1623 2372 aderat.

955 2396 986 2420 et
1011 2390 1148 2421 Remed.
1169 2390 1244 2420 Am.
1270 2391 1344 2420 509.
1361 2390 1485 2419 Postera
1501 2390 1547 2418 Ιιι]
1568 2392 1621 2420 ml-

955 2441 1023 2470 eril.
1037 2445 1069 2469 et
1084 2439 1127 2469 ita
1143 2438 1269 2480 passim.
1285 2438 1348 2469 vid.
1363 2438 1402 2468 ad
1419 2437 1465 2467 iii.
1489 2438 1622 2469 Metam.

956 2488 1030 2518 519.
1048 2489 1077 2517 1.
1095 2487 1163 2518 Art.
1178 2488 1255 2517 213.
1268 2498 1307 2517 an
1320 2497 1391 2517 vero
1403 2486 1442 2516 ad
1454 2486 1621 2527 septimum

955 2535 1039 2567 diem
1062 2536 1205 2567 criticum
1229 2537 1260 2567 in
1284 2536 1399 2566 morbis
1423 2535 1565 2571 adludat,
1582 2547 1621 2567 an

956 2596 1025 2615 vero
1045 2585 1083 2616 ad
1100 2584 1267 2627 septimum
1291 2585 1395 2615 inedia
1419 2584 1622 2615 morientibus

955 2634 1081 2665 fatalem
1112 2634 1168 2673 (de
1198 2646 1260 2675 quo
1291 2634 1359 2664 vide
1390 2633 1429 2664 ad
1465 2633 1620 2669 Quinctil.

958 2683 1046 2715 Decl.
1064 2684 1117 2714 xii.
1136 2685 1184 2723 8.)
1202 2683 1317 2715 nescio.
1365 2684 1483 2713 Hunni.
