1849 3198
676 204 971 247 AMORUM.

1030 204 1150 245 LIB.
1175 204 1211 244 Ι.
1243 205 1286 244 9.
1600 203 1687 245 352

769 421 1071 468 ELEGIA
1124 421 1217 467 IX.

297 539 483 586 Militat
507 539 665 586 omnis
691 554 879 593 amans,
908 544 958 584 et
982 537 1133 584 habet
1158 551 1248 582 sua
1272 541 1435 582 castra
1461 535 1682 599 Cupido:

361 617 546 671 Attice,
572 616 719 663 crede
744 616 892 672 mihi3
934 615 1113 662 militat
1136 613 1295 660 omnis
1321 629 1509 660 amans.

298 695 421 749 Quae
459 695 591 741 bello
630 700 707 740 est
747 693 943 748 habilis,
979 691 1162 738 Veneri
1201 705 1402 753 quoque
1441 690 1688 744 convenit,

364 771 530 835 Turpe
556 786 711 817 senex
737 770 895 825 miles,
922 776 1066 832 turpe
1093 768 1260 814 senilis
1287 783 1440 813 amor.
1528 768 1686 828 [aetas.

300 848 438 902 Quos
464 849 652 912 petiere
677 847 831 894 duces
858 862 1013 893 annos
1039 845 1088 891 in
1113 845 1268 891 milite
1293 844 1422 899 forti,
1661 858 1689 890 o

368 924 474 972 Hos
500 925 626 988 petit
650 925 699 970 in
725 925 860 971 socio
886 924 1019 971 bella
1042 923 1209 987 puella
1233 930 1308 969 tor
1347 960 1356 968 .

301 1002 605 1065 Pervigilant
629 1001 804 1049 ambo:
845 1001 975 1048 terra
999 1000 1271 1063 requiescit
1295 1007 1521 1063 uterque.

368 1079 460 1126 Ille
484 1079 613 1126 fores
639 1078 851 1125 dominae
878 1084 1056 1132 servat,
1085 1084 1136 1124 at
1159 1077 1241 1124 ille
1266 1076 1424 1124 ducis.

304 1157 480 1203 Militis
506 1156 721 1204 officium
746 1156 896 1218 longa
920 1163 996 1202 est
1020 1155 1113 1201 via.
1152 1155 1293 1201 mitte
1319 1154 1558 1217 puellam3

370 1234 630 1289 Strenuus,
658 1240 857 1280 exemto
882 1233 996 1288 fine,
1025 1240 1261 1296 sequetur
1286 1248 1475 1279 amans.
1638 1234 1695 1277 lo

304 1310 405 1358 Ibit
430 1311 479 1357 in
505 1311 738 1368 adversos
764 1318 975 1366 montes,
1002 1311 1359 1374 duplicataque
1386 1309 1554 1355 nimbo

372 1387 627 1436 Flumina:
668 1396 932 1450 congestas
959 1395 1152 1434 exteret
1177 1387 1258 1434 ille
1284 1387 1438 1433 nives,

306 1464 415 1512 Nec
440 1464 566 1512 freta
591 1481 851 1529 pressurus
878 1466 1094 1512 tumidos
1117 1463 1429 1512 caussabitur
1456 1462 1643 1517 Euros;

373 1542 569 1606 Aptave
593 1542 845 1590 verrendis
872 1543 1036 1589 sidera
1060 1548 1250 1605 quaeret
1274 1540 1435 1604 aquis.

349 1678 382 1707 2.
407 1675 537 1716 Attica]
562 1676 656 1707 Hune
676 1676 820 1707 eumdem
838 1687 916 1713 esse,
932 1676 972 1707 ad

305 1736 399 1767 quem
416 1725 551 1756 Ovidius
567 1726 722 1767 Epistolas
743 1736 781 1756 ex
798 1726 897 1756 Ponto
913 1726 970 1756 lib.

306 1775 340 1805 ii.
355 1776 386 1805 4.
405 1781 436 1806 et
453 1775 482 1805 7.
495 1775 590 1811 misit,
603 1780 712 1805 censet
720 1774 853 1810 Marius,
871 1786 972 1816 neque

306 1823 419 1859 habeo,
435 1835 497 1865 quo
522 1823 555 1853 id
578 1824 772 1865 impugnem,
795 1823 871 1854 licet
895 1823 972 1853 mihi

306 1872 346 1904 (le
363 1873 421 1903 hoc
433 1872 539 1903 Attico
555 1883 664 1914 parum
680 1878 814 1903 constet.
839 1873 894 1904 sed
909 1879 972 1903 stu-

307 1933 424 1963 porem,
440 1928 472 1954 et
490 1921 636 1963 temporis
651 1921 750 1952 omnis
766 1921 900 1952 Romani
924 1922 972 1962 ig-

308 1971 494 2005 norantiam,
525 1981 588 2012 qua
612 1981 644 2000 se
672 1970 847 2012 Crispinus,
876 1970 975 2001 editor

309 2019 447 2050 Nasonis
462 2020 494 2050 in
506 2030 598 2051 usum
608 2019 771 2060 Delphini,
787 2019 976 2055 nobilitavit,

309 2068 412 2099 mirari
428 2068 503 2100 satis
518 2079 580 2099 non
595 2079 733 2111 possum,
745 2068 798 2110 qui
814 2068 896 2098 hune
909 2079 976 2099 esse

308 2118 347 2148 Τ.
364 2118 571 2160 Pomponium
595 2117 750 2153 Atticum,
768 2118 911 2148 Ciceroni
930 2119 975 2148 fa-

313 2166 567 2202 miliarissimum,
599 2166 790 2197 confidenter
822 2167 975 2197 affirmat:

314 2227 415 2258 neque
428 2217 511 2247 enim
520 2216 605 2247 novit
617 2216 823 2257 Pomponium
837 2216 976 2246 Atticum

312 2266 425 2297 obiisse
453 2267 514 2297 Cn.
541 2265 681 2296 Domitio
708 2266 748 2297 C.
774 2265 860 2296 Sosio
888 2266 978 2296 Coss.

311 2323 390 2347 teste
416 2317 539 2357 Nepote
556 2315 621 2346 vita
642 2315 742 2346 Attic.
767 2326 839 2357 cap.
864 2315 922 2345 ult.
948 2315 980 2345 id

313 2371 361 2396 est
375 2365 418 2395 A.
438 2366 476 2396 U.
489 2366 528 2396 C.
548 2376 682 2395 nccxxi.
694 2366 744 2395 vel
760 2375 978 2405 nccmmnquo

313 2421 451 2456 tempore
468 2414 603 2445 Ovidius
626 2414 828 2445 undecimum
847 2415 908 2444 fere
924 2425 978 2444 an-

313 2475 386 2493 num
416 2464 539 2503 agebat.
579 2474 632 2493 nos
662 2464 750 2494 fateri
781 2474 841 2493 non
870 2462 978 2503 pudet,

314 2512 397 2543 hunc
424 2513 566 2543 Atticum
595 2513 675 2553 quis,
702 2513 843 2553 qualisve
874 2512 977 2546 fuerit,

315 2562 465 2602 ignorare.
498 2562 579 2591 Nam
598 2561 801 2603 Pomponium
820 2560 979 2602 reliquisse

315 2609 373 2641 sibi
398 2609 614 2651 cognominem
630 2611 729 2640 filium
753 2622 812 2640 non
839 2610 910 2649 legi,
926 2621 980 2640 cu-

313 2659 364 2700 jus
380 2659 444 2689 filia
461 2659 553 2689 unica
568 2659 676 2690 Attica
692 2670 710 2689 a
724 2660 847 2701 Nepote
865 2669 978 2689 inemo-

316 2714 410 2739 ratur.
456 2709 573 2739 Burin.

366 2759 414 2789 ll.
440 2758 498 2788 Ibit
521 2761 553 2788 in
574 2758 739 2798 adsersus]
771 2758 887 2788 Recte:
914 2757 980 2787 mil-

1041 1677 1098 1707 lies
1127 1676 1208 1707 enirn
1235 1675 1340 1706 Po‘etae
1367 1679 1498 1709 montes,
1522 1672 1650 1704 flumina
1673 1679 1704 1704 et

1042 1726 1103 1757 alia
1128 1725 1198 1756 loca
1213 1727 1336 1755 adversa
1352 1730 1476 1760 vocant,
1492 1723 1532 1753 ad
1556 1733 1625 1764 quae
1649 1722 1707 1753 iter

1041 1775 1223 1810 intenditur,
1243 1785 1312 1815 quae
1330 1773 1418 1816 quasi
1443 1772 1530 1803 nobis
1546 1772 1639 1803 obvia
1654 1783 1706 1803 ve-

1042 1824 1143 1855 niunt.
1190 1824 1309 1854 Burni.

1087 1874 1139 1903 12.
1177 1873 1336 1914 Congestas
1364 1877 1494 1901 conteret
1519 1872 1570 1901 ille
1594 1872 1704 1912 nives]

1045 1923 1167 1952 Erteret
1200 1921 1355 1952 meliores.
1393 1926 1429 1951 ut
1461 1920 1545 1962 apud
1573 1921 1707 1951 Stat'rum

1041 1973 1141 2002 Theb.
1157 1983 1188 2002 x.
1207 1972 1283 2002 473.

1190 2021 1300 2051 Gravis
1317 2021 1423 2051 exterit
1437 2026 1524 2050 artus
1544 2019 1679 2061 Ungula.

1544 2069 1665 2100 mes.

1046 2121 1095 2151 De
1112 2131 1186 2151 voce
1207 2126 1337 2150 eaterere
1352 2119 1424 2150 vide
1443 2119 1554 2149 Barth.
1572 2119 1611 2149 ad
1633 2121 1712 2150 Stat.

1046 2170 1194 2200 x.Theb.
1215 2170 1288 2199 472.
1316 2174 1347 2199 et
1369 2169 1510 2199 Gronov.
1536 2168 1575 2198 ad
1599 2169 1710 2199 Senec.

1046 2219 1085 2249 de
1101 2218 1211 2249 brevit.
1227 2218 1298 2248 vitae
1323 2228 1392 2259 cap.
1411 2218 1460 2248 13.
1476 2219 1625 2257 conjectus
1640 2229 1712 2248 vero

1047 2274 1079 2298 et
1094 2274 1248 2309 congestus
1272 2266 1388 2308 passim
1410 2272 1628 2309 permutantur
1643 2277 1661 2297 a
1677 2266 1713 2296 li-

1048 2316 1170 2347 brariis.
1218 2317 1335 2346 Brnxu.

1096 2367 1145 2396 13.
1182 2365 1368 2405 Pressuras]
1401 2364 1452 2394 An
1477 2375 1609 2404 premere
1625 2365 1713 2406 freta

1048 2425 1101 2456 pro
1117 2413 1276 2455 navigare,
1293 2425 1381 2455 aeque
1408 2418 1493 2444 recte
1519 2413 1643 2443 dicatur
1669 2419 1713 2443 at-

1048 2475 1108 2505 que
1126 2465 1263 2494 tellurem
1278 2475 1408 2503 premere
1424 2463 1458 2492 ii.
1472 2462 1582 2493 Amor.
1597 2462 1643 2492 ix.
1662 2464 1713 2492 31.

1048 2520 1079 2543 et
1097 2514 1184 2552 Alpes
1196 2524 1341 2552 premere,
1355 2519 1389 2543 ut
1404 2512 1437 2542 ii.
1453 2511 1517 2542 xvi.
1534 2513 1583 2542 19.
1596 2518 1626 2542 et
1640 2513 1714 2541 riam

1049 2562 1164 2592 Claud.
1180 2562 1250 2591 bel.
1268 2562 1343 2593 Get.
1361 2563 1435 2592 341.
1452 2561 1505 2591 ubi
1523 2561 1585 2590 vid.
1603 2560 1713 2590 Heius.

1049 2610 1170 2640 dubito.
1191 2610 1223 2640 iu
1246 2621 1307 2641 uno
1333 2610 1448 2640 Moreti
1472 2615 1537 2640 erat
1560 2611 1716 2649 pulsnt-ns,

1048 2659 1130 2700 quod
1156 2659 1194 2689 de
1219 2659 1310 2690 remis
1335 2665 1417 2690 recte
1434 2657 1496 2688 (lici
1518 2664 1624 2687 notum
1649 2663 1718 2695 est3

1048 2714 1078 2737 et
1093 2708 1141 2749 τῷ
1159 2710 1309 2738 verrendis
1326 2714 1397 2750 apte
1415 2707 1489 2738 satis
1505 2706 1716 2748 responderet.

1052 2757 1200 2787 Francius
1212 2757 1549 2797 corijeeerat‚jisszir·1m.
1575 2765 1631 2795 ego
1643 2754 1719 2787 mal,

1133 2809 1159 2838 Y
1180 2811 1198 2838 3
