1849 3198
217 254 302 295 144

611 250 661 290 Ρ.
694 249 906 292 OVIDII
940 250 1216 294 NASONIS

222 367 380 423 Tunc,
407 382 519 430 quae
544 365 835 430 dispensant
858 366 1083 413 mortalia
1105 366 1202 424 fila,
1233 366 1436 416 Sorores

289 445 579 492 Debuerant
601 444 735 490 fusos
761 442 1002 490 evoliiisse
1028 460 1180 491 meos

221 523 361 570 Tunc
385 522 523 586 potui
550 521 734 568 Medea
757 521 880 567 mori
905 522 1048 567 bene.
1088 522 1330 585 quidquid
1355 524 1416 570 ab
1442 524 1523 570 illo
1571 527 1600 571 5

287 598 508 647 Produxi
532 599 643 645 vitae
668 605 905 661 tempore,
928 615 1074 661 poena
1096 599 1202 646 fuit.

222 676 320 725 Hei
343 676 488 723 mihi!
527 691 613 722 cur
638 691 874 737 umquam
894 676 1195 738 juvenilibus
1221 685 1331 724 aeta
1354 678 1549 725 lacertis

288 753 571 818 Phryxeam
596 752 739 815 petiit
764 751 930 799 Pelias
957 754 1099 800 arbor
1123 756 1293 802 ovem?

223 832 325 880 Cur
348 847 585 894 umquam
613 830 789 877 Colchi
817 829 1110 893 Magnetida
1132 832 1342 879 vidimus
1368 832 1531 895 Argo3

285 908 553 971 Turbaque
578 907 874 955 Phasiacam
902 908 1056 971 Graja
1082 909 1276 956 bibistis
1303 911 1515 973 aquam?
1544 913 1601 957 lO

224 988 327 1035 Cur
352 986 470 1032 mihi
496 986 606 1049 plus
633 1001 777 1048 aequo
802 985 914 1031 flavi
940 985 1171 1048 placuere
1196 987 1387 1050 capilli;

287 1063 354 1111 Et
377 1064 541 1118 decor,
569 1068 619 1109 et
641 1062 821 1124 linguae
848 1062 1005 1123 gratia
1029 1062 1146 1109 ficta
1168 1064 1300 1110 tuae?

220 1141 324 1188 Aut
341 1139 516 1203 (semel
537 1139 585 1185 in
604 1144 796 1185 nostras
817 1138 1052 1200 quoniam
1071 1156 1197 1186 nova
1221 1141 1402 1204 puppis
1428 1156 1600 1187 arenas

285 1218 516 1272 Venerat,
544 1217 757 1263 audaces
783 1215 1113 1278 attuleratque
1137 1216 1307 1278 viros,)

220 1295 352 1343 Isset
375 1294 628 1342 anhelatos
654 1309 751 1339 non
777 1293 1155 1356 praemedicatus
1181 1295 1231 1341 in
1255 1295 1394 1357 ignes
1542 1298 1599 1341 lo

1578 1297 1597 1305 ..v

285 1371 553 1419 Immemor
577 1370 855 1426 AEsonides,
883 1386 1067 1434 oraque
1094 1373 1286 1419 adunca
1309 1373 1475 1419 boum.

216 1516 269 1547 Ita
296 1520 328 1546 et
354 1516 458 1547 Graeci
486 1515 686 1557 indignantes
722 1515 791 1547 ἀπὸ
819 1516 876 1548 τοῦ

216 1565 324 1597 Ἀλλὰ
338 1565 541 1607 incipiebant.
587 1566 705 1596 Hems.

260 1615 293 1645 7.
318 1614 378 1644 Hei
394 1614 484 1645 mihi!
499 1614 578 1655 &c.]
605 1614 653 1645 Ex
667 1614 826 1656 Euripide,
842 1614 874 1644 in

216 1663 282 1705 ipso
296 1663 321 1693 F
323 1663 422 1694 abulae
438 1662 564 1694 exordio
577 1675 583 1693 ι

261 1711 328 1744 Εἶθ’
344 1711 438 1754 ὤφελ’
452 1711 593 1754 Ἀργοῦς
612 1714 657 1755 μὴ
674 1712 875 1744 ὂιαπτᾶσθαι

303 1760 435 1803 σκάφος,
453 1773 482 1793 κ.
493 1763 566 1793 τ.λ.

217 1809 311 1847 Quod
326 1810 478 1842 verbatim
492 1810 612 1842 Ennius
626 1810 659 1841 in
673 1821 761 1841 suam
776 1815 874 1842 trans-

215 1859 305 1891 tulit:

262 1909 387 1940 Utinam
401 1920 438 1939 ne
449 1910 482 1940 in
495 1920 610 1940 nemore
627 1910 711 1939 Pelio
725 1910 875 1940 securibus

260 1958 345 1989 Caesae
366 1959 537 1989 cecidissent
557 1959 687 1999 abiegnae
709 1960 749 1989 ad
764 1965 875 1989 terram

301 2009 397 2038 trabes
408 2019 419 2044 ,·

260 2056 342 2087 Neve
356 2057 426 2086 inde
441 2057 525 2086 navis
538 2057 710 2086 inchoandas
723 2058 874 2087 exordium

260 2106 397 2146 Cepisset,
409 2117 471 2145 qum
482 2117 564 2136 nnnc
575 2107 748 2136 nominatur
759 2108 874 2137 nomine

258 2156 352 2197 Argo,
367 2167 425 2195 qua
440 2157 517 2185 vecti
530 2156 638 2196 Argivi
652 2157 759 2186 delecti
774 2158 832 2186 viri

260 2205 405 2235 Petebant
442 2205 527 2234 illam
559 2206 664 2244 pellem
701 2207 874 2235 inauratam

301 2255 415 2289 arietis,

262 2303 378 2332 Colchis
399 2304 520 2341 imperio
542 2304 620 2343 regis
644 2302 734 2332 Pelia
755 2314 809 2341 per
824 2304 873 2333 do-

303 2352 383 2381 lum!

216 2400 321 2431 Multo
343 2406 446 2431 autem
473 2400 646 2441 elegantius
669 2400 734 2430 haec
765 2400 873 2430 eadem

217 2450 378 2486 Phaedrus,
394 2450 437 2480 iv.
451 2450 470 2479 6
483 2461 489 2479 :

265 2499 387 2529 Utinam
412 2510 464 2529 nec
490 2510 619 2538 'unquam
646 2499 723 2529 Pelii
750 2501 874 2530 nemoris

292 2551 373 2589 jugo

261 2598 359 2627 Pinus
374 2599 489 2637 bipenni
505 2598 673 2627 concidisset
692 2597 836 2633 Thessala,

261 2646 324 2677 Nec
334 2648 372 2677 ad
384 2647 518 2688 prqs'essffl
531 2648 630 2677 mortis
641 2649 783 2677 audacem
795 2650 871 2678 vium

261 2696 443 2727 Fabricasset
460 2697 559 2737 Argus
573 2706 655 2735 opere
668 2696 805 2727 Palladis
819 2709 869 2727 ra-

304 2747 380 2776 tem!
403 2746 462 2777 &c-

260 2796 291 2826 9.
310 2795 514 2838 Magnetida]
532 2795 753 2826 Thessalicam.
780 2795 870 2835 Mag-

944 1516 1031 1548 nesia
1050 1516 1133 1548 enim
1156 1516 1241 1558 regio
1264 1523 1310 1548 est
1334 1527 1456 1547 annexa
1469 1515 1601 1547 Thessa-

943 1565 1005 1602 liae,
1021 1572 1056 1597 ut
1079 1566 1161 1596 Plin1.
1180 1564 1298 1596 scribit.
1344 1566 1514 1607 Magnetes
1536 1566 1604 1607 ejus

943 1614 1049 1656 populi
1065 1614 1210 1645 dicuntur
1226 1614 1387 1655 equitandi
1401 1614 1506 1656 periti.

989 1665 1037 1694 10.
1062 1665 1176 1704 Aquam
1195 1663 1396 1704 Phasiacam]
1422 1664 1503 1693 Nam
1520 1662 1601 1693 Pha-

942 1713 983 1744 sis
998 1713 1111 1744 fluvius
1125 1718 1172 1743 est
1186 1713 1387 1744 Colchorum.

988 1764 1040 1793 13.
1066 1763 1151 1793 Nova
1161 1762 1293 1802 puppis]
1310 1763 1373 1793 Vel
1387 1773 1495 1793 revera
1509 1772 1602 1798 nova,

942 1812 991 1843 vel
1007 1812 1201 1843 admiranda.
1247 1812 1342 1842 C1or.

987 1862 1039 1892 14.
1058 1861 1223 1901 Audaces]
1246 1861 1435 1902 Perpetuam
1450 1860 1507 1890 hoc
1523 1870 1601 1891 nau-

941 1910 981 1942 tis
1009 1910 1187 1953 Epitheton,
1219 1915 1253 1940 ut
1281 1910 1439 1951 eleganter
1467 1908 1603 1940 ostendit

941 1959 1119 1991 Torrentius
1134 1959 1174 1990 ad
1189 1959 1300 1989 Horat.
1316 1959 1340 1989 i.
1357 1958 1421 1989 Od.
1437 1958 1458 1989 i.
1478 1959 1529 1988 14.
1546 1957 1601 1989 sed

941 2009 1097 2050 praecipue
1123 2008 1324 2050 Argonautis,
1348 2008 1401 2050 qui
1429 2007 1520 2049 primi
1544 2007 1602 2037 fin-

941 2064 1058 2099 guntur
1085 2068 1210 2100 aequora
1232 2063 1379 2093 tentasse,
1407 2063 1527 2099 aptum.
1557 2057 1602 2088 ita

941 2108 1067 2138 Phaedr.
1084 2107 1167 2138 dicto
1183 2107 1261 2143 loco,
1274 2109 1314 2137 ad
1336 2109 1477 2137 mutarem
1499 2108 1602 2136 mortis

938 2156 1073 2198 prqfessoe
1089 2159 1176 2192 viam,
1192 2155 1374 2187 fabricatam
1393 2162 1489 2186 ratem
1511 2155 1599 2186 dicit.

941 2207 1052 2237 Senec.
1068 2205 1186 2236 Medea
1202 2206 1279 2235 301.

984 2256 1093 2285 Λιιάαα1
1107 2257 1244 2290 nimium,
1257 2253 1402 2295 quisi-eta
1416 2255 1531 2293 primus

985 2304 1063 2334 Rure
1079 2304 1260 2345 tamfragili
1274 2304 1389 2342 perfida
1407 2304 1502 2341 rupit.

941 2353 981 2383 Et
1004 2363 1084 2383 vers.
1107 2353 1181 2383 340.
1205 2352 1364 2390 improbam
1388 2359 1478 2381 vocat
1503 2350 1600 2391 Argo,

942 2407 975 2431 ut
991 2400 1097 2431 Florus
1112 2401 1169 2431 lib.
1187 2399 1232 2430 iii.
1251 2410 1322 2441 cap.
1342 2400 1392 2429 16.
1410 2401 1503 2429 etiam
1519 2400 1599 2430 Poe'-

941 2449 1003 2480 tica
1027 2449 1183 2490 elegantia
1208 2448 1339 2479 Cmsaris
1361 2448 1504 2483 classem,
1529 2459 1597 2489 quae

940 2498 1038 2540 prima
1053 2498 1263 2528 Romanorum
1279 2498 1441 2528 Oceanum
1456 2496 1598 2533 tentavit,

941 2547 1090 2588 appellat.
1137 2548 1252 2576 BunM.

985 2597 1035 2626 15.
1062 2595 1128 2625 Nou
1144 2594 1399 2634 pmrmeclicams]
1427 2593 1477 2623 Ita
1491 2594 1596 2633 legen-

939 2645 1025 2681 dum,
1041 2655 1102 2675 non
1119 2649 1152 2675 ut
1165 2648 1397 2680 commentator,
1410 2644 1596 2682 przemedita-

939 2702 998 2726 tus.
1045 2694 1157 2734 Neque
1183 2692 1265 2724 enim
1290 2690 1521 2734 praemeditatus
1544 2702 1596 2722 ve-

939 2749 1027 2775 nerat
1048 2744 1156 2775 Jason.
1201 2742 1318 2773 Medea
1341 2747 1442 2772 autem
1459 2741 1595 2772 medica—

940 2793 1051 2824 mentis
1085 2792 1237 2822 munierat
1275 2791 1374 2824 illum.
1411 2800 1482 2821 cum
1516 2795 1596 2821 esset
